3417 5434
615 1154 779 1207 ΙΣΘΜΙΟΝ.
798 1153 840 1209 Z'.

352 1316 774 1403 suenuunnm
819 1270 1136 1403 omnnio(

611 1511 842 1563 ΠΑΓΚΒΑΤΙΩι.

637 1795 814 1867 strophae.

600 3350 842 3431 Argumentum.

173 3476 376 3554 Strepsiadem
396 3480 570 3539 Thebanum
590 3480 717 3539 Isthmia
734 3480 891 3556 pancratio
910 3479 1016 3538 vicisse
1036 3480 1279 3556 avunculumque
1298 3481 1363 3538 eius

78 3567 298 3645 cognominem,
313 3568 436 3627 Diodoti
455 3568 560 3647 filium,
575 3569 628 3645 qui
642 3570 734 3645 paulo
750 3572 819 3629 ente
837 3588 891 3645 pro
910 3568 1010 3645 patria
1028 3571 1155 3626 mortem
1174 3569 1363 3646 occubuerat,

78 3659 251 3715 consortem
274 3658 388 3735 gloriae
412 3658 516 3717 secisse
541 3678 575 3716 ex
599 3658 729 3717 carmine
752 3658 817 3734 ipso
841 3658 1048 3734 comperimus.
1084 3658 1129 3715 De
1150 3661 1284 3733 tempore
1303 3658 1363 3717 vic-

78 3744 180 3804 toriae
204 3745 280 3803 nibil
303 3748 463 3807 memmiae
487 3747 632 3807 traditmn
655 3748 834 3824 invenimus,
853 3747 904 3807 sed
923 3746 1004 3823 quod
1022 3747 1058 3805 de
1077 3750 1230 3806 senectute
1249 3750 1280 3805 et
1298 3748 1362 3806 feto

78 3836 214 3893 instante
236 3837 328 3911 poeta
350 3836 442 3895 verba
464 3837 538 3897 facit
563 3828 603 3916 (v.
623 3829 687 3918 41),
714 3836 783 3895 inde
807 3836 914 3895 merito
937 3836 1106 3895 Boeckhius
1128 3836 1263 3913 collegit,
1287 3856 1362 3914 pug-

78 3940 164 4001 nam,
194 3942 254 4000 que
283 3924 469 4001 Strepsiades
497 3927 665 3986 avunculus
689 3926 792 4002 periit,
816 3946 876 3985 non
899 3926 1107 3984 Plataeensem
1130 3924 1362 4002 intellegendam

78 4032 158 4090 esse,
186 4017 217 4073 et
240 4014 332 4073 etiam
355 4016 454 4075 minus
478 4016 660 4092 superiorem
685 4015 818 4091 aliquam
842 4033 990 4092 pugnam,
1016 4014 1067 4071 sed
1091 4012 1362 4090 Oenophytensem,

79 4122 144 4178 qua
163 4102 297 4161 Thebani
316 4103 454 4163 destituti
474 4122 492 4161 a
510 4104 753 4164 Lacedaemoniis
773 4096 815 4182 (v.
835 4114 869 4162 16
888 4122 940 4180 sq.,
964 4103 1000 4161 cf.
1021 4102 1113 4161 Thuc.
1132 4122 1144 4159 1
1164 4112 1214 4160 108
1234 4106 1265 4161 ot
1283 4103 1361 4162 Plat.

78 4192 194 4251 Menen.
210 4202 261 4249 242
275 4184 318 4273 b),
339 4194 517 4269 quibuscum
537 4194 689 4253 coniuncti
708 4193 891 4271 sexagesimo
911 4192 1040 4251 secundo
1060 4192 1107 4250 die
1126 4196 1195 4250 ante
1211 4183 1252 4271 (ν.
1267 4192 1361 4252 Thuc.

79 4281 99 4341 l.
121 4273 156 4360 l.)
175 4280 372 4341 Athenienses
391 4287 422 4341 et
441 4283 569 4361 Argivos
588 4283 625 4341 ad
645 4283 815 4361 Tanagram
834 4283 977 4358 vicerant,
997 4281 1036 4339 ab
1050 4281 1283 4340 Atheniensibus
1301 4282 1363 4339 fusi

79 4372 112 4429 et
141 4370 241 4447 fugati
270 4374 349 4433 sunt.
396 4370 477 4442 Quae
507 4391 610 4451 pugna
638 4391 706 4431 oum
733 4392 811 4431 anno
836 4374 900 4431 457
924 4373 1050 4430 exeunte
1077 4371 1124 4430 vel
1149 4373 1213 4430 456
1238 4372 1362 4429 ineunte

80 4459 240 4519 commissa
267 4461 319 4537 sit,
349 4460 551 4538 Strepeiadem
579 4464 634 4521 aut
661 4480 729 4520 vere
757 4461 828 4520 anni
851 4462 916 4521 456
940 4451 1002 4541 (01,
1023 4462 1073 4536 80,
1098 4450 1132 4540 4)
1161 4463 1216 4517 eut
1243 4460 1360 4519 duobus

80 4548 168 4607 annis
198 4551 279 4626 poet,
309 4569 376 4609 vere
407 4551 478 4609 anni
507 4552 571 4611 454
601 4543 662 4632 (01.
684 4552 739 4627 81,
764 4542 799 4631 2)
828 4550 956 4608 Isthmia
985 4547 1091 4607 vicisse
1122 4548 1276 4624 probabile
1306 4552 1360 4607 est.

80 4639 222 4697 Alterum
244 4641 281 4696 ut
304 4638 476 4718 admittam,
503 4640 653 4699 mentione
676 4639 857 4715 Pythiorum
878 4639 910 4697 in
933 4636 991 4695 fine
1014 4638 1155 4696 carminis
1177 4639 1260 4697 fectu
1282 4658 1362 4697 com-

81 4746 215 4804 moveor3
245 4746 315 4785 nam
345 4729 480 4804 proxima
510 4729 620 4805 Pythio
650 4732 718 4805 post
747 4747 882 4806 pugnam
912 4727 950 4785 ed
979 4725 1157 4802 Oenophyte
1188 4747 1266 4786 enno
1295 4730 1360 4789 454

82 4816 234 4877 celebrata
253 4820 332 4878 sunt.
369 4818 472 4896 Longe
495 4818 642 4879 diversam
665 4819 813 4877 rationem
836 4816 973 4895 Heynius
996 4819 1027 4875 et
1050 4816 1196 4894 Bergkins
1220 4817 1361 4899 inierunt,
