<?xml version="1.0" encoding="UTF-8"?>
<!DOCTYPE html PUBLIC "-//W3C//DTD XHTML 1.0 Transitional//EN"
    "http://www.w3.org/TR/xhtml1/DTD/xhtml1-transitional.dtd">
<html xmlns="http://www.w3.org/1999/xhtml" xml:lang="en" lang="en">
 <head>
  <title>
</title>
<meta http-equiv="Content-Type" content="text/html;charset=utf-8" />
  <meta name='ocr-system' content='tesseract 3.04.00' />
  <meta name='ocr-capabilities' content='ocr_page ocr_carea ocr_par ocr_line ocrx_word'/>
</head>
<body>
  <div class='ocr_page' id='page_1' title='image "./pindaricarminap01chrigoog_0328.png"; bbox 0 0 3417 5434; ppageno 0'>
   <div class='ocr_carea' id='block_1_1' title="bbox 834 1205 1116 1260">
    <p class='ocr_par' dir='ltr' id='par_1_1' title="bbox 834 1205 1116 1260">
     <span class='ocr_line' id='line_1_1' title="bbox 834 1205 1116 1260; baseline 0 -2"><span class='ocrx_word' id='word_1_1' title='bbox 834 1225 838 1234; x_wconf 93' lang='lat'><em>·</em></span> <span class='ocrx_word' id='word_1_2' title='bbox 899 1207 1050 1260; x_wconf 85' lang='grc' dir='ltr'>[ΙΤΘῙΟΝ.</span> <span class='ocrx_word' id='word_1_3' title='bbox 1070 1205 1116 1259; x_wconf 84' lang='grc' dir='ltr'><strong>Η’.</strong></span> 
     </span>
    </p>
   </div>
   <div class='ocr_carea' id='block_1_2' title="bbox 567 1369 1446 1456">
    <p class='ocr_par' dir='ltr' id='par_1_2' title="bbox 567 1369 1446 1456">
     <span class='ocr_line' id='line_1_2' title="bbox 567 1369 1446 1456; baseline 0.001 -2"><span class='ocrx_word' id='word_1_4' title='bbox 567 1371 1047 1454; x_wconf 82' lang='grc' dir='ltr'><strong>ΑΡΙΣΤΟΜΕΝΕΙ</strong></span> <span class='ocrx_word' id='word_1_5' title='bbox 1088 1369 1446 1456; x_wconf 70' lang='grc' dir='ltr'><strong>ΑΙΓΙΝΗΤΗι</strong></span> 
     </span>
    </p>
   </div>
   <div class='ocr_carea' id='block_1_3' title="bbox 900 1566 1109 1618">
    <p class='ocr_par' dir='ltr' id='par_1_3' title="bbox 900 1566 1109 1618">
     <span class='ocr_line' id='line_1_3' title="bbox 900 1566 1109 1618; baseline -0.005 0"><span class='ocrx_word' id='word_1_6' title='bbox 900 1566 1109 1618; x_wconf 79' lang='grc' dir='ltr'><strong>ΠΑΛΑΙΣΤΗι.</strong></span> 
     </span>
    </p>
   </div>
   <div class='ocr_carea' id='block_1_4' title="bbox 917 1849 1093 1920">
    <p class='ocr_par' dir='ltr' id='par_1_4' title="bbox 917 1849 1093 1920">
     <span class='ocr_line' id='line_1_4' title="bbox 917 1849 1093 1920; baseline 0 -16"><span class='ocrx_word' id='word_1_7' title='bbox 917 1849 1093 1920; x_wconf 81' lang='lat' dir='ltr'><strong>Strophae.</strong></span> 
     </span>
    </p>
   </div>
   <div class='ocr_carea' id='block_1_5' title="bbox 863 3408 1125 3490">
    <p class='ocr_par' dir='ltr' id='par_1_5' title="bbox 863 3408 1125 3490">
     <span class='ocr_line' id='line_1_5' title="bbox 863 3408 1125 3490; baseline 0.004 -19"><span class='ocrx_word' id='word_1_8' title='bbox 863 3474 868 3486; x_wconf 65' lang='grc'>,</span> <span class='ocrx_word' id='word_1_9' title='bbox 885 3408 1125 3490; x_wconf 75' lang='lat' dir='ltr'><strong>Argumentum.</strong></span> 
     </span>
    </p>
   </div>
   <div class='ocr_carea' id='block_1_6' title="bbox 366 3537 1622 4689">
    <p class='ocr_par' dir='ltr' id='par_1_6' title="bbox 366 3537 1622 4689">
     <span class='ocr_line' id='line_1_6' title="bbox 455 3537 1621 3617; baseline -0.006 -21"><span class='ocrx_word' id='word_1_10' title='bbox 455 3538 658 3598; x_wconf 72' lang='lat' dir='ltr'>Aristomenes</span> <span class='ocrx_word' id='word_1_11' title='bbox 687 3538 831 3597; x_wconf 89' lang='lat' dir='ltr'><strong>Xenareis</strong></span> <span class='ocrx_word' id='word_1_12' title='bbox 860 3538 940 3596; x_wconf 78' lang='lat' dir='ltr'><strong>fidius</strong></span> <span class='ocrx_word' id='word_1_13' title='bbox 964 3539 1112 3617; x_wconf 85' lang='lat' dir='ltr'><strong>Aegineta</strong></span> <span class='ocrx_word' id='word_1_14' title='bbox 1142 3559 1157 3597; x_wconf 93' lang='lat' dir='ltr'><strong>e</strong></span> <span class='ocrx_word' id='word_1_15' title='bbox 1188 3539 1280 3598; x_wconf 88' lang='lat' dir='ltr'><strong>nobili</strong></span> <span class='ocrx_word' id='word_1_16' title='bbox 1310 3541 1399 3617; x_wconf 87' lang='lat' dir='ltr'><strong>gente</strong></span> <span class='ocrx_word' id='word_1_17' title='bbox 1431 3537 1621 3614; x_wconf 82' lang='lat' dir='ltr'><strong>hiidylidarnm</strong></span> 
     </span>
     <span class='ocr_line' id='line_1_7' title="bbox 368 3619 1622 3709; baseline -0.006 -22"><span class='ocrx_word' id='word_1_18' title='bbox 368 3619 409 3708; x_wconf 85' lang='lat' dir='ltr'><strong>(v.</strong></span> <span class='ocrx_word' id='word_1_19' title='bbox 429 3620 478 3709; x_wconf 82' lang='lat'><strong>38)</strong></span> <span class='ocrx_word' id='word_1_20' title='bbox 501 3627 649 3704; x_wconf 83' lang='lat' dir='ltr'><strong>Pythiade</strong></span> <span class='ocrx_word' id='word_1_21' title='bbox 673 3631 713 3687; x_wconf 83' lang='lat'><strong>35</strong></span> <span class='ocrx_word' id='word_1_22' title='bbox 735 3653 777 3674; x_wconf 90' lang='lat'>=</span> <span class='ocrx_word' id='word_1_23' title='bbox 797 3631 863 3688; x_wconf 81' lang='grc'><strong>450</strong></span> <span class='ocrx_word' id='word_1_24' title='bbox 882 3619 978 3709; x_wconf 77' lang='grc'>(446)</span> <span class='ocrx_word' id='word_1_25' title='bbox 1006 3647 1031 3687; x_wconf 87' lang='lat' dir='ltr'><strong>e.</strong></span> <span class='ocrx_word' id='word_1_26' title='bbox 1052 3627 1118 3686; x_wconf 84' lang='lat' dir='ltr'><strong>Ohr.</strong></span> <span class='ocrx_word' id='word_1_27' title='bbox 1138 3629 1221 3687; x_wconf 88' lang='lat' dir='ltr'><strong>lueta</strong></span> <span class='ocrx_word' id='word_1_28' title='bbox 1243 3628 1368 3704; x_wconf 84' lang='lat' dir='ltr'>Delphis</span> <span class='ocrx_word' id='word_1_29' title='bbox 1391 3628 1498 3688; x_wconf 80' lang='lat' dir='ltr'><strong>vicisse</strong></span> <span class='ocrx_word' id='word_1_30' title='bbox 1521 3645 1538 3684; x_wconf 88' lang='lat' dir='ltr'><strong>a</strong></span> <span class='ocrx_word' id='word_1_31' title='bbox 1557 3623 1622 3684; x_wconf 88' lang='lat' dir='ltr'><strong>sehe-</strong></span> 
     </span>
     <span class='ocr_line' id='line_1_8' title="bbox 366 3715 1620 3794; baseline -0.003 -20"><span class='ocrx_word' id='word_1_32' title='bbox 366 3717 464 3775; x_wconf 89' lang='lat' dir='ltr'><strong>liastis</strong></span> <span class='ocrx_word' id='word_1_33' title='bbox 491 3718 630 3776; x_wconf 75' lang='lat' dir='ltr'><strong>traditur.</strong></span> <span class='ocrx_word' id='word_1_34' title='bbox 676 3718 789 3776; x_wconf 88' lang='lat' dir='ltr'><strong>Verum</strong></span> <span class='ocrx_word' id='word_1_35' title='bbox 819 3717 854 3776; x_wconf 93' lang='lat' dir='ltr'><strong>de</strong></span> <span class='ocrx_word' id='word_1_36' title='bbox 879 3721 1012 3792; x_wconf 89' lang='lat' dir='ltr'><strong>tempere</strong></span> <span class='ocrx_word' id='word_1_37' title='bbox 1035 3717 1166 3793; x_wconf 90' lang='lat' dir='ltr'><strong>primum</strong></span> <span class='ocrx_word' id='word_1_38' title='bbox 1190 3717 1227 3775; x_wconf 93' lang='lat' dir='ltr'><strong>ah</strong></span> <span class='ocrx_word' id='word_1_39' title='bbox 1251 3715 1305 3776; x_wconf 90' lang='lat' dir='ltr'><strong>Od.</strong></span> <span class='ocrx_word' id='word_1_40' title='bbox 1324 3717 1484 3794; x_wconf 88' lang='lat' dir='ltr'><strong>Muellere,</strong></span> <span class='ocrx_word' id='word_1_41' title='bbox 1508 3715 1620 3794; x_wconf 79' lang='lat' dir='ltr'><strong>Aeginet.</strong></span> 
     </span>
     <span class='ocr_line' id='line_1_9' title="bbox 366 3801 1621 3885; baseline -0.002 -21"><span class='ocrx_word' id='word_1_42' title='bbox 366 3827 394 3882; x_wconf 89' lang='lat' dir='ltr'><strong>p.</strong></span> <span class='ocrx_word' id='word_1_43' title='bbox 416 3818 481 3884; x_wconf 79' lang='grc'><strong>177,</strong></span> <span class='ocrx_word' id='word_1_44' title='bbox 508 3809 574 3866; x_wconf 84' lang='lat' dir='ltr'><strong>tum</strong></span> <span class='ocrx_word' id='word_1_45' title='bbox 598 3826 617 3865; x_wconf 89' lang='lat' dir='ltr'><strong>a</strong></span> <span class='ocrx_word' id='word_1_46' title='bbox 639 3806 789 3866; x_wconf 84' lang='lat' dir='ltr'><strong>Beeehhio</strong></span> <span class='ocrx_word' id='word_1_47' title='bbox 818 3807 947 3885; x_wconf 85' lang='lat' dir='ltr'><strong>Berghio</strong></span> <span class='ocrx_word' id='word_1_48' title='bbox 976 3806 1145 3866; x_wconf 87' lang='lat' dir='ltr'><strong>Luebherte</strong></span> <span class='ocrx_word' id='word_1_49' title='bbox 1172 3806 1363 3867; x_wconf 84' lang='lat' dir='ltr'><strong>uehementer</strong></span> <span class='ocrx_word' id='word_1_50' title='bbox 1389 3805 1557 3866; x_wconf 82' lang='lat' dir='ltr'><strong>dubitatum</strong></span> <span class='ocrx_word' id='word_1_51' title='bbox 1581 3801 1621 3862; x_wconf 73' lang='lat' dir='ltr'><strong>est</strong></span> 
     </span>
     <span class='ocr_line' id='line_1_10' title="bbox 367 3895 1619 3974; baseline -0.004 -19"><span class='ocrx_word' id='word_1_52' title='bbox 367 3897 420 3972; x_wconf 90' lang='lat' dir='ltr'><strong>qui</strong></span> <span class='ocrx_word' id='word_1_53' title='bbox 444 3917 512 3956; x_wconf 86' lang='lat' dir='ltr'><strong>eum</strong></span> <span class='ocrx_word' id='word_1_54' title='bbox 534 3916 561 3956; x_wconf 86' lang='lat' dir='ltr'><strong>e.</strong></span> <span class='ocrx_word' id='word_1_55' title='bbox 581 3898 644 3955; x_wconf 84' lang='grc'><strong>456</strong></span> <span class='ocrx_word' id='word_1_56' title='bbox 669 3897 833 3974; x_wconf 77' lang='lat' dir='ltr'><strong>Aeginetae</strong></span> <span class='ocrx_word' id='word_1_57' title='bbox 858 3896 896 3954; x_wconf 84' lang='lat' dir='ltr'><strong>ah</strong></span> <span class='ocrx_word' id='word_1_58' title='bbox 918 3896 1151 3955; x_wconf 85' lang='lat' dir='ltr'><strong>Atheniensibus</strong></span> <span class='ocrx_word' id='word_1_59' title='bbox 1174 3895 1247 3954; x_wconf 88' lang='lat' dir='ltr'><strong>vieti</strong></span> <span class='ocrx_word' id='word_1_60' title='bbox 1269 3913 1360 3956; x_wconf 85' lang='lat' dir='ltr'><strong>naves</strong></span> <span class='ocrx_word' id='word_1_61' title='bbox 1383 3897 1515 3972; x_wconf 86' lang='lat' dir='ltr'><strong>tradere,</strong></span> <span class='ocrx_word' id='word_1_62' title='bbox 1541 3904 1619 3954; x_wconf 76' lang='lat' dir='ltr'><strong>mures</strong></span> 
     </span>
     <span class='ocr_line' id='line_1_11' title="bbox 366 3985 1621 4062; baseline -0.004 -18"><span class='ocrx_word' id='word_1_63' title='bbox 366 3986 492 4062; x_wconf 85' lang='lat' dir='ltr'><strong>diruere,</strong></span> <span class='ocrx_word' id='word_1_64' title='bbox 516 3986 665 4045; x_wconf 86' lang='lat' dir='ltr'><strong>tributum</strong></span> <span class='ocrx_word' id='word_1_65' title='bbox 687 3985 814 4061; x_wconf 89' lang='lat' dir='ltr'><strong>pendere</strong></span> <span class='ocrx_word' id='word_1_66' title='bbox 834 3985 929 4044; x_wconf 88' lang='lat' dir='ltr'><strong>eoacti</strong></span> <span class='ocrx_word' id='word_1_67' title='bbox 948 3989 1054 4062; x_wconf 89' lang='lat' dir='ltr'><strong>essent,</strong></span> <span class='ocrx_word' id='word_1_68' title='bbox 1074 4005 1108 4045; x_wconf 90' lang='lat' dir='ltr'><strong>eo</strong></span> <span class='ocrx_word' id='word_1_69' title='bbox 1129 3989 1230 4044; x_wconf 82' lang='lat' dir='ltr'><strong>eutem</strong></span> <span class='ocrx_word' id='word_1_70' title='bbox 1253 3989 1395 4062; x_wconf 87' lang='lat' dir='ltr'><strong>tempore,</strong></span> <span class='ocrx_word' id='word_1_71' title='bbox 1420 4006 1480 4062; x_wconf 90' lang='lat' dir='ltr'><strong>quo</strong></span> <span class='ocrx_word' id='word_1_72' title='bbox 1503 3987 1555 4045; x_wconf 89' lang='lat' dir='ltr'><strong>hoe</strong></span> <span class='ocrx_word' id='word_1_73' title='bbox 1573 3997 1621 4039; x_wconf 83' lang='lat' dir='ltr'><strong>eur·</strong></span> 
     </span>
     <span class='ocr_line' id='line_1_12' title="bbox 367 4067 1619 4157; baseline -0.004 -23"><span class='ocrx_word' id='word_1_74' title='bbox 367 4096 435 4133; x_wconf 90' lang='lat' dir='ltr'><strong>men</strong></span> <span class='ocrx_word' id='word_1_75' title='bbox 463 4076 655 4150; x_wconf 83' lang='lat' dir='ltr'><strong>cantabatur,</strong></span> <span class='ocrx_word' id='word_1_76' title='bbox 679 4075 796 4153; x_wconf 82' lang='lat' dir='ltr'><strong>Aegina</strong></span> <span class='ocrx_word' id='word_1_77' title='bbox 823 4074 962 4134; x_wconf 85' lang='lat' dir='ltr'><strong>libertate</strong></span> <span class='ocrx_word' id='word_1_78' title='bbox 985 4075 1046 4133; x_wconf 86' lang='lat' dir='ltr'><strong>frui</strong></span> <span class='ocrx_word' id='word_1_79' title='bbox 1069 4075 1218 4134; x_wconf 82' lang='lat' dir='ltr'><strong>diceretur</strong></span> <span class='ocrx_word' id='word_1_80' title='bbox 1241 4067 1282 4157; x_wconf 83' lang='lat' dir='ltr'><strong>(u.</strong></span> <span class='ocrx_word' id='word_1_81' title='bbox 1303 4067 1360 4156; x_wconf 71' lang='lat'><strong>98),</strong></span> <span class='ocrx_word' id='word_1_82' title='bbox 1383 4095 1541 4135; x_wconf 87' lang='lat' dir='ltr'><strong>numerum</strong></span> <span class='ocrx_word' id='word_1_83' title='bbox 1560 4067 1619 4131; x_wconf 86' lang='lat' dir='ltr'><strong>eodi-</strong></span> 
     </span>
     <span class='ocr_line' id='line_1_13' title="bbox 367 4155 1619 4246; baseline -0.004 -23"><span class='ocrx_word' id='word_1_84' title='bbox 367 4185 436 4224; x_wconf 89' lang='lat' dir='ltr'><strong>eum</strong></span> <span class='ocrx_word' id='word_1_85' title='bbox 458 4159 501 4223; x_wconf 79' lang='grc' dir='ltr'><strong>λε’</strong></span> <span class='ocrx_word' id='word_1_86' title='bbox 519 4166 551 4223; x_wconf 90' lang='lat' dir='ltr'><strong>in</strong></span> <span class='ocrx_word' id='word_1_87' title='bbox 570 4165 614 4244; x_wconf 78' lang='lat' dir='ltr'><strong>ty&#39;</strong></span> <span class='ocrx_word' id='word_1_88' title='bbox 636 4155 785 4246; x_wconf 83' lang='lat' dir='ltr'><strong>(Beeehh)</strong></span> <span class='ocrx_word' id='word_1_89' title='bbox 804 4166 851 4224; x_wconf 86' lang='lat' dir='ltr'><strong>vel</strong></span> <span class='ocrx_word' id='word_1_90' title='bbox 872 4159 921 4243; x_wconf 78' lang='grc' dir='ltr'><strong>λβ’</strong></span> <span class='ocrx_word' id='word_1_91' title='bbox 940 4157 1118 4246; x_wconf 76' lang='lat' dir='ltr'><strong>(Luebbert)</strong></span> <span class='ocrx_word' id='word_1_92' title='bbox 1138 4164 1356 4224; x_wconf 88' lang='lat' dir='ltr'><strong>emendandum</strong></span> <span class='ocrx_word' id='word_1_93' title='bbox 1375 4183 1438 4224; x_wconf 88' lang='lat' dir='ltr'><strong>esse</strong></span> <span class='ocrx_word' id='word_1_94' title='bbox 1457 4163 1619 4229; x_wconf 73' lang='lat' dir='ltr'><strong>censuerunt,</strong></span> 
     </span>
     <span class='ocr_line' id='line_1_14' title="bbox 367 4249 1619 4332; baseline -0.001 -22"><span class='ocrx_word' id='word_1_95' title='bbox 367 4259 403 4311; x_wconf 90' lang='lat' dir='ltr'><strong>ut</strong></span> <span class='ocrx_word' id='word_1_96' title='bbox 432 4254 487 4313; x_wconf 87' lang='lat' dir='ltr'><strong>hoe</strong></span> <span class='ocrx_word' id='word_1_97' title='bbox 517 4274 636 4313; x_wconf 79' lang='lat' dir='ltr'><strong>carmen</strong></span> <span class='ocrx_word' id='word_1_98' title='bbox 666 4257 735 4313; x_wconf 86' lang='lat' dir='ltr'><strong>ante</strong></span> <span class='ocrx_word' id='word_1_99' title='bbox 763 4254 913 4332; x_wconf 84' lang='lat' dir='ltr'><strong>Aeginam</strong></span> <span class='ocrx_word' id='word_1_100' title='bbox 940 4254 1108 4332; x_wconf 84' lang='lat' dir='ltr'><strong>subactam,</strong></span> <span class='ocrx_word' id='word_1_101' title='bbox 1137 4254 1187 4312; x_wconf 92' lang='lat' dir='ltr'><strong>sed</strong></span> <span class='ocrx_word' id='word_1_102' title='bbox 1218 4273 1286 4313; x_wconf 86' lang='lat' dir='ltr'><strong>eum</strong></span> <span class='ocrx_word' id='word_1_103' title='bbox 1315 4255 1376 4312; x_wconf 91' lang='lat' dir='ltr'><strong>iam</strong></span> <span class='ocrx_word' id='word_1_104' title='bbox 1406 4255 1500 4314; x_wconf 89' lang='lat' dir='ltr'><strong>saluti</strong></span> <span class='ocrx_word' id='word_1_105' title='bbox 1527 4249 1619 4311; x_wconf 78' lang='lat' dir='ltr'><strong>insula</strong></span> 
     </span>
     <span class='ocr_line' id='line_1_15' title="bbox 368 4335 1619 4424; baseline -0.009 -23"><span class='ocrx_word' id='word_1_106' title='bbox 368 4362 458 4421; x_wconf 86' lang='lat' dir='ltr'><strong>grave</strong></span> <span class='ocrx_word' id='word_1_107' title='bbox 481 4344 648 4420; x_wconf 88' lang='lat' dir='ltr'><strong>perieulum</strong></span> <span class='ocrx_word' id='word_1_108' title='bbox 673 4343 866 4420; x_wconf 82' lang='lat' dir='ltr'><strong>impenderet,</strong></span> <span class='ocrx_word' id='word_1_109' title='bbox 889 4362 967 4403; x_wconf 91' lang='lat' dir='ltr'><strong>anno</strong></span> <span class='ocrx_word' id='word_1_110' title='bbox 991 4346 1056 4404; x_wconf 84' lang='lat'><strong>458</strong></span> <span class='ocrx_word' id='word_1_111' title='bbox 1081 4335 1230 4424; x_wconf 87' lang='lat' dir='ltr'><strong>(Boeekh)</strong></span> <span class='ocrx_word' id='word_1_112' title='bbox 1253 4343 1302 4402; x_wconf 86' lang='lat' dir='ltr'><strong>vel</strong></span> <span class='ocrx_word' id='word_1_113' title='bbox 1325 4345 1388 4401; x_wconf 83' lang='lat'><strong>462</strong></span> <span class='ocrx_word' id='word_1_114' title='bbox 1413 4343 1554 4420; x_wconf 82' lang='lat' dir='ltr'><strong>seriptumn</strong></span> <span class='ocrx_word' id='word_1_115' title='bbox 1573 4353 1619 4397; x_wconf 80' lang='lat' dir='ltr'><strong>esse</strong></span> 
     </span>
     <span class='ocr_line' id='line_1_16' title="bbox 368 4429 1619 4509; baseline -0.003 -18"><span class='ocrx_word' id='word_1_116' title='bbox 368 4433 565 4508; x_wconf 89' lang='lat' dir='ltr'><strong>perhiberent.</strong></span> <span class='ocrx_word' id='word_1_117' title='bbox 611 4434 711 4509; x_wconf 87' lang='lat' dir='ltr'><strong>Atque</strong></span> <span class='ocrx_word' id='word_1_118' title='bbox 741 4433 766 4490; x_wconf 92' lang='lat' dir='ltr'><strong>si</strong></span> <span class='ocrx_word' id='word_1_119' title='bbox 794 4433 929 4492; x_wconf 79' lang='lat' dir='ltr'><strong>codicum</strong></span> <span class='ocrx_word' id='word_1_120' title='bbox 961 4433 1033 4492; x_wconf 88' lang='lat' dir='ltr'><strong>fides</strong></span> <span class='ocrx_word' id='word_1_121' title='bbox 1061 4432 1227 4492; x_wconf 79' lang='lat' dir='ltr'><strong>vellicanda</strong></span> <span class='ocrx_word' id='word_1_122' title='bbox 1260 4435 1317 4508; x_wconf 91' lang='lat' dir='ltr'><strong>est,</strong></span> <span class='ocrx_word' id='word_1_123' title='bbox 1349 4431 1511 4492; x_wconf 89' lang='lat' dir='ltr'><strong>Luehherti</strong></span> <span class='ocrx_word' id='word_1_124' title='bbox 1541 4429 1619 4507; x_wconf 76' lang='lat' dir='ltr'><strong>potius</strong></span> 
     </span>
     <span class='ocr_line' id='line_1_17' title="bbox 368 4517 1619 4599; baseline -0.007 -19"><span class='ocrx_word' id='word_1_125' title='bbox 368 4541 461 4599; x_wconf 86' lang='lat' dir='ltr'><strong>quam</strong></span> <span class='ocrx_word' id='word_1_126' title='bbox 490 4522 634 4583; x_wconf 84' lang='lat' dir='ltr'><strong>Boeekhii</strong></span> <span class='ocrx_word' id='word_1_127' title='bbox 663 4523 828 4581; x_wconf 86' lang='lat' dir='ltr'><strong>sententiae</strong></span> <span class='ocrx_word' id='word_1_128' title='bbox 858 4543 958 4582; x_wconf 90' lang='lat' dir='ltr'><strong>meum</strong></span> <span class='ocrx_word' id='word_1_129' title='bbox 990 4523 1140 4582; x_wconf 84' lang='lat' dir='ltr'><strong>caleulum</strong></span> <span class='ocrx_word' id='word_1_130' title='bbox 1175 4521 1310 4580; x_wconf 83' lang='lat' dir='ltr'><strong>adiciam.</strong></span> <span class='ocrx_word' id='word_1_131' title='bbox 1364 4521 1527 4580; x_wconf 88' lang='lat' dir='ltr'><strong>Hermanni</strong></span> <span class='ocrx_word' id='word_1_132' title='bbox 1560 4517 1619 4576; x_wconf 88' lang='lat' dir='ltr'><strong>enim</strong></span> 
     </span>
     <span class='ocr_line' id='line_1_18' title="bbox 369 4606 1618 4689; baseline -0.004 -19"><span class='ocrx_word' id='word_1_133' title='bbox 369 4614 547 4672; x_wconf 87' lang='lat' dir='ltr'><strong>sententiam</strong></span> <span class='ocrx_word' id='word_1_134' title='bbox 570 4633 688 4672; x_wconf 80' lang='lat' dir='ltr'><strong>carmen</strong></span> <span class='ocrx_word' id='word_1_135' title='bbox 712 4613 767 4672; x_wconf 85' lang='lat' dir='ltr'><strong>hee</strong></span> <span class='ocrx_word' id='word_1_136' title='bbox 790 4613 937 4688; x_wconf 83' lang='lat' dir='ltr'><strong>Pythiade</strong></span> <span class='ocrx_word' id='word_1_137' title='bbox 961 4606 1012 4689; x_wconf 85' lang='grc' dir='ltr'><strong>κη’</strong></span> <span class='ocrx_word' id='word_1_138' title='bbox 1030 4612 1078 4672; x_wconf 88' lang='lat' dir='ltr'><strong>vel</strong></span> <span class='ocrx_word' id='word_1_139' title='bbox 1097 4631 1175 4670; x_wconf 90' lang='lat' dir='ltr'><strong>anno</strong></span> <span class='ocrx_word' id='word_1_140' title='bbox 1195 4614 1258 4670; x_wconf 81' lang='grc'><strong>478</strong></span> <span class='ocrx_word' id='word_1_141' title='bbox 1280 4630 1306 4669; x_wconf 86' lang='lat' dir='ltr'><strong>a.</strong></span> <span class='ocrx_word' id='word_1_142' title='bbox 1326 4610 1392 4669; x_wconf 87' lang='lat' dir='ltr'><strong>Chr.</strong></span> <span class='ocrx_word' id='word_1_143' title='bbox 1412 4611 1552 4686; x_wconf 86' lang='lat' dir='ltr'><strong>seriptum</strong></span> <span class='ocrx_word' id='word_1_144' title='bbox 1573 4623 1618 4664; x_wconf 72' lang='lat' dir='ltr'><strong>ese</strong></span> 
     </span>
    </p>
   </div>
   <div class='ocr_carea' id='block_1_7' title="bbox 368 4693 1652 4874">
    <p class='ocr_par' dir='ltr' id='par_1_7' title="bbox 368 4693 1652 4874">
     <span class='ocr_line' id='line_1_19' title="bbox 368 4693 1617 4782; baseline -0.005 -23"><span class='ocrx_word' id='word_1_145' title='bbox 368 4703 518 4776; x_wconf 86' lang='lat' dir='ltr'><strong>opinantis</strong></span> <span class='ocrx_word' id='word_1_146' title='bbox 549 4706 579 4760; x_wconf 86' lang='lat' dir='ltr'><strong>et</strong></span> <span class='ocrx_word' id='word_1_147' title='bbox 602 4703 806 4777; x_wconf 83' lang='lat' dir='ltr'><strong>Porphyrione</strong></span> <span class='ocrx_word' id='word_1_148' title='bbox 836 4704 928 4778; x_wconf 89' lang='lat' dir='ltr'><strong>atque</strong></span> <span class='ocrx_word' id='word_1_149' title='bbox 952 4703 1094 4777; x_wconf 80' lang='lat' dir='ltr'><strong>Typhone</strong></span> <span class='ocrx_word' id='word_1_150' title='bbox 1119 4693 1160 4780; x_wconf 84' lang='lat' dir='ltr'><strong>(v.</strong></span> <span class='ocrx_word' id='word_1_151' title='bbox 1183 4693 1291 4782; x_wconf 64' lang='lat'>1216)</span> <span class='ocrx_word' id='word_1_152' title='bbox 1315 4701 1454 4780; x_wconf 86' lang='lat' dir='ltr'><strong>Xerxem,</strong></span> <span class='ocrx_word' id='word_1_153' title='bbox 1484 4700 1617 4758; x_wconf 78' lang='lat' dir='ltr'><strong>Persarum</strong></span> 
     </span>
     <span class='ocr_line' id='line_1_20' title="bbox 368 4783 1652 4874; baseline -0.005 -25"><span class='ocrx_word' id='word_1_154' title='bbox 368 4810 477 4869; x_wconf 85' lang='lat' dir='ltr'><strong>regem,</strong></span> <span class='ocrx_word' id='word_1_155' title='bbox 496 4791 657 4870; x_wconf 84' lang='lat' dir='ltr'><strong>significari</strong></span> <span class='ocrx_word' id='word_1_156' title='bbox 676 4792 831 4850; x_wconf 87' lang='lat' dir='ltr'><strong>sentientis</strong></span> <span class='ocrx_word' id='word_1_157' title='bbox 846 4783 969 4873; x_wconf 87' lang='lat' dir='ltr'><strong>(Opuse.</strong></span> <span class='ocrx_word' id='word_1_158' title='bbox 985 4809 1028 4850; x_wconf 90' lang='lat' dir='ltr'><strong>v11</strong></span> <span class='ocrx_word' id='word_1_159' title='bbox 1048 4803 1098 4850; x_wconf 81' lang='lat'><strong>155</strong></span> <span class='ocrx_word' id='word_1_160' title='bbox 1114 4785 1166 4874; x_wconf 81' lang='lat' dir='ltr'><strong>se.)</strong></span> <span class='ocrx_word' id='word_1_161' title='bbox 1182 4790 1257 4848; x_wconf 91' lang='lat' dir='ltr'><strong>nihil</strong></span> <span class='ocrx_word' id='word_1_162' title='bbox 1275 4810 1383 4868; x_wconf 87' lang='lat' dir='ltr'><strong>meror,</strong></span> <span class='ocrx_word' id='word_1_163' title='bbox 1403 4786 1617 4867; x_wconf 87' lang='lat' dir='ltr'><strong>quandoquidem</strong></span> <span class='ocrx_word' id='word_1_164' title='bbox 1651 4821 1652 4842; x_wconf 69' lang='lat'><strong>.</strong></span> 
     </span>
    </p>
   </div>
   <div class='ocr_carea' id='block_1_8' title="bbox 0 0 1714 5434">
    <p class='ocr_par' dir='ltr' id='par_1_8' title="bbox 0 0 1714 5434">
     <span class='ocr_line' id='line_1_21' title="bbox 0 0 1714 5434; baseline 0 0"><span class='ocrx_word' id='word_1_165' title='bbox 0 0 1714 5434; x_wconf 95' lang='lat' dir='ltr'><strong> </strong></span> 
     </span>
    </p>
   </div>
  </div>
 </body>
</html>
