3417 5434
666 1336 825 1390 NEMEON.
844 1337 886 1387 Z.

419 1500 724 1589 ΣΩΓΕΝΕΙ
769 1496 1137 1582 ΑΙΓΙΝΗΤΗι

669 1692 891 1745 ΠΕΝΤΑΘΛΩι.

692 1976 869 2047 strophae.

495 2112 683 2139 UU'U..
760 2081 965 2152 :tl-UH*

531 2202 638 2228 υυυ
709 2177 765 2226 U:
842 2173 1219 2226 -U.=.V..:.U-U

660 3533 901 3617 Argumentum.

233 3664 268 3723 In
291 3665 346 3725 hoo
370 3666 500 3725 earmina
519 3664 637 3723 duabus
656 3662 817 3739 provinciis
835 3667 925 3739 poeta
944 3664 1066 3721 functus
1090 3664 1136 3720 est
1159 3664 1190 3720 et
1212 3659 1333 3737 epinioii
1349 3658 1419 3718 seri·

142 3754 241 3830 bandi,
264 3774 324 3831 quo
343 3754 501 3814 victoriam
521 3753 645 3831 Saganis
664 3754 843 3812 Nemeaeam
864 3752 1039 3828 illustraret,
1059 3753 1090 3810 et
1112 3748 1291 3809 defensionis
1309 3748 1420 3806 haben-

140 3843 205 3921 dae,
230 3862 290 3919 qua
313 3843 445 3921 erimina,
470 3843 579 3920 quibus
603 3842 640 3901 ob
665 3860 809 3918 paeonem
832 3843 923 3901 antea
945 3839 1070 3916 Delphis
1094 3840 1209 3899 faotum
1228 3859 1247 3898 a
1264 3836 1420 3898 malevolis

139 3931 311 3991 hominibus
334 3932 502 4009 petebatur,
526 3932 726 4011 redargueret.
773 3931 1005 4007 Neoptolemum
1029 3929 1117 4005 enim,
1141 3928 1194 4005 qui
1216 3928 1294 3987 inter
1315 3927 1419 3986 heroes

139 4020 330 4099 Aeginetieoa
358 4026 436 4099 erat,
465 4022 495 4080 in
523 4040 637 4098 paeane
664 4021 717 4087 ilio
745 4019 843 4079 verbis
872 4016 1065 4097 ἀμφιπόλοισι
1088 4016 1277 4095 μαρνάμενον
1301 4024 1419 4094 μοιριᾶν

138 4107 206 4189 περὶ
229 4119 315 4187 τιμᾶν
339 4107 521 4171 ἀπολωλέναι
549 4104 590 4191 (v.
613 4110 703 4170 sohel.
727 4110 765 4168 ad
788 4129 835 4168 vv.
855 4121 898 4169 94.
919 4101 985 4189 150)
1016 4112 1172 4183 tamquam
1195 4108 1343 4166 latronem
1366 4105 1420 4164 im·

138 4200 268 4277 probum
291 4204 321 4259 et
345 4200 524 4278 sacrilegum
548 4199 716 4260 diffamasse
740 4198 943 4258 incusabatur.
981 4197 1079 4256 Huius
1102 4196 1197 4274 igitur
1219 4194 1351 4254 oriminis
1374 4194 1419 4251 in-

139 4288 252 4348 vidiam
276 4290 407 4365 primum
432 4289 565 4348 omnium
592 4288 648 4349 eibi
677 4287 858 4347 abluendam
885 4306 947 4346 esse
975 4286 1113 4362 putabat,
1136 4304 1173 4343 ne
1194 4284 1420 4362 Aeginetarum‚

140 4396 218 4455 quos
243 4398 277 4437 ex
297 4379 396 4438 animo
416 4378 569 4457 diligebat,
587 4379 689 4438 fauore
708 4377 880 4453 privaretur
898 4396 971 4436 neve
991 4376 1124 4434 earmina
1142 4392 1198 4433 sua
1216 4373 1253 4433 ab
1273 4374 1420 4432 obtrecta-

139 4466 257 4527 toribus
285 4466 381 4527 sibilis
411 4467 644 4546 exagitarentur.
695 4467 777 4525 Adeo
809 4468 912 4525 antem
941 4466 1018 4524 hano
1048 4463 1227 4523 defensionis
1257 4481 1360 4521 ouram
1389 4462 1421 4519 in

139 4560 206 4617 toto
237 4557 366 4617 earmina
397 4556 569 4633 praevalere
599 4556 710 4633 voluit,
740 4557 777 4613 ut
800 4559 830 4614 et
853 4559 1017 4615 metrorum
1040 4572 1147 4631 genere
1170 4572 1218 4628 eo,
1247 4551 1329 4628 quod
1350 4570 1420 4628 pae-

140 4665 234 4705 anum
252 4646 408 4722 proprium
422 4650 508 4724 esset,
527 4647 664 4704 uteretur
682 4648 713 4703 et
731 4644 861 4703 colorem
879 4663 1029 4721 paeonum
1047 4641 1300 4718 dithyrambioum
1317 4640 1420 4699 multi-

140 4734 245 4794 tudine
276 4734 454 4813 figurarum,
486 4735 669 4794 transituum
698 4734 826 4810 abrupta
856 4735 965 4809 forma,
995 4731 1155 4791 verborum
1176 4729 1420 4807 transpositionis

140 4823 268 4883 audacia
298 4824 475 4884 imitaretur.
523 4823 608 4895 Quod
638 4825 739 4883 autem
776 4843 812 4882 ex
847 4822 999 4883 veteribus
1036 4820 1240 4899 grammaticis
1275 4819 1421 4897 nonnulli,
