3417 5434
321 273 422 327 LXXII
825 271 1104 325 promcourunt.

319 438 483 523 pullorum
513 435 695 522 quadrigis,
726 435 821 520 Pyth.
841 435 881 500 61
913 433 1081 519 pancratio
1109 456 1297 519 puerorum,
1328 432 1423 520 Pytb.
1443 435 1487 499 62
1514 431 1619 520 pullo

326 545 437 631 celate,
459 543 553 628 Pytb.
572 545 614 609 69
638 543 802 629 pullorum
826 541 911 628 biga.

411 651 543 716 Nemeis
574 655 607 714 et
637 647 785 714 Isthmiis
818 671 901 734 quae
934 670 1052 734 genera
1082 648 1297 714 certaminum
1327 648 1451 714 fuerint
1480 652 1514 713 ct
1545 669 1621 732 quo

322 759 471 843 quodque
499 779 584 822 anno
614 756 803 822 institutum
832 756 888 840 sit,
921 778 987 820 non
1015 778 1116 840 aeque
1147 756 1320 821 memoriae
1351 755 1518 842 proditum
1551 761 1622 838 est,

320 865 385 930 nisi
405 865 492 950 quod
510 863 643 930 Nemeis
662 863 741 928 solis
761 863 926 950 quadrigis
951 860 1111 950 (ἅρματι),
1133 885 1201 929 non
1224 863 1324 929 etiam
1346 863 1425 950 biga
1447 868 1482 929 et
1505 863 1620 929 celete

321 977 483 1040 certatum
506 994 577 1037 esse
605 970 730 1036 scholia
753 970 884 1036 Pindari
906 995 937 1057 p.
951 971 1018 1036 424
1041 971 1188 1055 tradunt,
1216 975 1249 1036 et
1276 971 1521 1056 quinquertium
1545 970 1620 1035 Ne

320 1080 432 1146 meede
452 1079 494 1145 53
521 1110 560 1132 ==
586 1075 635 1142 Ol.
656 1079 746 1162 77,4
774 1078 963 1144 institutum
992 1101 1062 1144 esse
1091 1079 1127 1144 in
1154 1078 1294 1158 scholiis,
1315 1079 1357 1144 ad
1378 1078 1420 1144 N.
1434 1097 1485 1142 vn
1512 1079 1619 1144 inser.

320 1187 495 1254 memoriae
523 1185 689 1271 proditum
718 1191 776 1251 est.
820 1187 931 1252 Etiam
958 1186 1136 1252 incertiora
1162 1191 1311 1272 tempora
1338 1186 1540 1271 reliquorum
1565 1186 1620 1250 lu·

321 1295 434 1360 dorum
468 1297 558 1380 sunt3
590 1293 670 1358 solis
702 1293 741 1358 de
769 1295 1001 1360 certaminibus
1029 1295 1332 1360 Panathenaeorum
1356 1293 1618 1359 Atheniensium
1693 1284 1694 1329 l

321 1400 544 1488 plenissimam
563 1399 716 1466 notitiam
734 1401 897 1486 lapidibus
917 1402 1080 1488 debemus,
1103 1425 1177 1468 cum
1200 1402 1273 1467 aliis
1297 1407 1368 1467 tum
1391 1401 1515 1466 tabulis
1534 1403 1619 1466 dua·

322 1509 383 1574 bus
404 1507 594 1574 marmoreis
613 1507 734 1574 saeculi
752 1510 861 1592 quarti
876 1508 959 1574 CIA.
969 1528 995 1574 11
1005 1509 1071 1575 {165
1086 1541 1128 1564 =
1143 1507 1389 1595 Dittenbergeri
1403 1508 1476 1594 syll.
1490 1531 1522 1572 n.
1535 1510 1618 1574 395.

322 1615 431 1700 Atque
453 1615 643 1700 principalis
668 1621 701 1682 et
724 1615 954 1700 antiquissima
974 1638 1051 1701 pars
1074 1617 1193 1682 horum
1215 1615 1365 1681 ludorum
1389 1615 1532 1680 musicas
1555 1637 1616 1680 res
1693 1644 1694 1697 q

323 1723 589 1808 amplectebatur,
612 1727 717 1788 artem
741 1723 814 1788 dico
837 1722 1088 1808 rhapsodorum,
1112 1722 1384 1807 citharoedorum,
1407 1721 1619 1804 aulodornm,

322 1831 502 1912 sidicinum,
530 1829 711 1895 tibicinum.
757 1829 843 1894 Nam
868 1828 998 1896 Solonis
1023 1829 1154 1914 quidem
1184 1834 1291 1896 aetate
1317 1829 1488 1894 nulladum
1517 1835 1619 1894 erant
1693 1820 1694 1897 l

325 1937 477 2024 gymnica
495 1937 547 2002 vel
565 1937 731 2022 equestria
754 1936 943 2022 certamina,
965 1958 1047 2021 quae
1067 1937 1095 2001 si
1113 1935 1263 2021 fuissent,
1285 1935 1454 2022 legislator
1474 1937 1619 2022 pruden-
1693 1928 1694 2021 l

322 2044 470 2110 tissimus
498 2065 565 2108 non
594 2043 700 2108 solum
724 2043 884 2129 Olympiis
912 2047 946 2108 et
973 2041 1136 2128 Isthmiis,
1165 2041 1221 2108 sed
1249 2042 1350 2108 etiam
1372 2042 1619 2109 Panathenaeis

324 2153 484 2218 victorum
507 2151 653 2236 praemia
676 2151 857 2217 statuisset.
894 2150 1027 2216 Pindari
1050 2156 1161 2216 autem
1180 2149 1383 2235 temporibus
1402 2151 1469 2215 iarn
1489 2173 1617 2238 magno

322 2259 358 2324 in
385 2259 508 2324 honore
536 2261 629 2322 erent
657 2257 828 2322 multifarii
855 2257 925 2322 ludi
947 2255 1164 2322 Athenienses
1192 2261 1226 2322 et
1253 2258 1428 2342 amphorae
1451 2257 1620 2323 Panathe
1693 2248 1694 2327 l

322 2366 444 2430 naieae.
490 2363 604 2449 Neque
632 2363 708 2428 ullis
737 2364 822 2429 ludis
850 2364 946 2448 plura
976 2365 1191 2430 certaminum
1219 2385 1338 2450 genera
1360 2370 1468 2450 erant,
1501 2388 1620 2450 quam·

324 2495 421 2558 quam
441 2471 546 2536 maior
568 2493 680 2536 eorum
699 2494 774 2556 pars
799 2471 838 2536 sd
858 2470 993 2536 Pindari
1015 2472 1196 2537 carminum
1218 2470 1431 2556 interpretem
1454 2473 1539 2537 nihil
1563 2477 1617 2538 at
1693 2464 1694 2473 ¹

324 2580 415 2644 tinet.
455 2577 614 2664 Gymnias
633 2578 762 2663 quidem
783 2577 963 2643 certamina
979 2577 1282 2644 Panathenaeorum
1301 2583 1395 2643 erant
1412 2601 1530 2644 novem
1549 2580 1617 2646 hoe

324 2687 436 2752 ordine
460 2709 530 2751 sese
554 2686 762 2772 excipientia:
789 2688 935 2771 ὃόλιχος,
958 2686 1107 2769 στάδιον,
1130 2688 1282 2770 δίαυλος,
1305 2685 1466 2772 ἵππιοςξ)
1493 2685 1616 2751 πέντα-

324 2799 421 2877 θλον,
444 2793 542 2876 πάλη,
564 2795 687 2877 πυγμή,
710 2792 925 2877 παγκράτιον,
944 2792 1089 2876 ὁπλίτης,
1108 2816 1171 2879 quo
1191 2816 1230 2859 ex
1249 2793 1361 2857 ordine
1375 2791 1460 2879 Aug.
1474 2792 1618 2859 Momm-

326 2901 433 2964 senius
439 2952 448 2986 ,
477 2899 690 2986 Heortologie
719 2924 748 2985 p.
770 2900 834 2964 145
872 2899 1035 2985 sagaciter
1069 2900 1203 2987 collegit
1235 2902 1351 2965 ἵππιον
1382 2900 1510 2985 δρόμον
1543 2902 1616 2966 sive

327 3029 456 3072 cursum
485 3012 625 3091 quatuor
653 3007 834 3071 stadiorum
861 3012 895 3071 et
924 3005 1065 3089 batdrqv'
1091 3009 1217 3092 δρόμον
1249 3008 1317 3074 sive
1350 3012 1513 3073 armatum
1541 3031 1616 3073 enr-

327 3137 408 3199 sum,
432 3136 506 3179 oum
529 3113 646 3178 ultimo
670 3112 743 3179 loco
766 3113 820 3179 hic
844 3114 991 3179 omnium
1013 3114 1237 3198 certaminum,
1261 3115 1317 3179 ille
1339 3137 1436 3180 cursu
1460 3117 1616 3180 certami-

326 3245 404 3287 num
422 3221 600 3287 collocatus
615 3225 709 3304 esset,
727 3225 805 3306 post
823 3220 950 3305 reliqua
969 3226 1094 3306 septem
1113 3222 1292 3287 certamina
1308 3221 1480 3287 institutos
1497 3220 1616 3310 esse.²)

326 3329 537 3414 Equestrium
556 3350 633 3393 vero
652 3329 866 3394 certaminum
889 3328 1099 3414 praecipuum
1118 3328 1182 3394 fuit
1205 3329 1374 3414 ἀποβάτου
1398 3327 1453 3394 καὶ
1473 3330 1616 3414 ἡνίοχον

327 3436 572 3521 ἑμβιβάζοντος,
605 3456 668 3520 quo
697 3434 873 3500 certamine
902 3439 1047 3501 armatus
1071 3437 1213 3521 apobata
1241 3436 1277 3501 in
1307 3436 1413 3502 medio
1443 3459 1542 3502 cursu
1568 3439 1615 3503 de

327 3543 405 3629 biga
429 3542 600 3607 desiliebat
623 3546 656 3606 et
680 3542 836 3607 currendo
860 3542 972 3628 bigam
995 3542 1037 3607 ab
1061 3542 1176 3629 auriga
1198 3548 1320 3609 rectam
1344 3544 1514 3628 aequabat.

418 3650 597 3733 Postquam
622 3648 712 3713 varia
741 3648 919 3713 certamina
945 3647 1193 3734 praecipuorum
1223 3651 1374 3716 ludorum
1400 3651 1617 3736 perlustravi-

329 3780 411 3842 mus,
433 3756 547 3842 paucis
571 3777 730 3840 exponere
752 3755 854 3842 iuvat,
877 3777 959 3840 quae
981 3755 1017 3819 in
1041 3777 1160 3842 genera
1181 3757 1240 3823 illa
1262 3758 1491 3843 comprehendi
1514 3759 1619 3824 solita

329 3863 402 3928 sint.
445 3862 520 3928 Duo
544 3863 647 3949 igitur
670 3884 788 3949 genera
812 3863 1025 3928 certaminum
1047 3862 1147 3950 vulgo
1171 3864 1465 3952 distinguebantur,
1487 3867 1618 3950 gymni-

330 3993 404 4035 cum
424 3969 530 4057 (ἀγὼν
549 3968 722 4057 γυμνικός)
746 3975 779 4034 ct
803 3973 952 4054 equestre
976 3967 1084 4058 (ἀγὼν
1098 3968 1291 4059 ίππικόςᾙ)
1316 3994 1453 4056 quorum
1474 3972 1618 4037 duorum

330 4097 485 4162 generum
507 4077 605 4164 longe
628 4077 926 4163 splendidissimum
945 4082 1093 4160 equestre
1112 4076 1185 4161 fuit,
1209 4078 1292 4143 unde
1317 4079 1346 4142 ei
1370 4077 1524 4163 mythicis
1546 4080 1620 4162 qui-

329 4184 402 4250 dem
425 4184 628 4271 temporibus
655 4184 781 4269 primus
804 4184 895 4249 locus
922 4184 1160 4270 assignabatur.
1206 4185 1279 4250 Hoc
1307 4189 1416 4250 autem
1444 4185 1618 4270 proprium

329 4446 381 4500 fn
420 4378 445 4444 1)
470 4373 603 4447 ἐφίππιος
632 4395 705 4448 agon
730 4377 834 4431 dicitur
859 4395 877 4430 a
900 4376 1018 4432 Platone
1041 4378 1113 4448 legg.
1134 4397 1183 4431 vm
1207 4398 1233 4449 p.
1249 4383 1301 4432 833
1317 4378 1353 4448 B,
1376 4378 1558 4434 librariorum
1587 4381 1621 4434 ni

341 4465 358 4501 a
382 4463 413 4500 or
432 4463 531 4502 errore.

331 4589 336 4600 Ι
360 4589 374 4642 f
419 4521 445 4586 2)
467 4519 538 4572 Vide
568 4523 663 4575 tamen
692 4520 726 4574 de
755 4521 841 4576 simili
868 4519 1024 4575 mutatione
1058 4521 1165 4576 ordinis
1193 4521 1377 4576 certaminum
1404 4521 1620 4592 Olympicorum

328 4608 358 4642 1n
372 4607 403 4643 ra
422 4609 448 4660 p.
464 4609 555 4642 nxnvn

419 4635 720 4730 3)v.He'rod.v138.
759 4664 830 4719 Plat.
850 4664 923 4732 legg.
939 4683 988 4716 vm
1010 4683 1037 4735 p.
1052 4670 1113 4720 833.
1147 4665 1262 4719 Pausv
1282 4673 1311 4732 9,
1331 4671 1355 4720 3.
1390 4664 1482 4719 Strab.
1503 4683 1535 4717 111
1556 4670 1618 4723 155.

330 4733 417 4790 schol.
432 4731 512 4787 Pind.
532 4753 558 4803 p.
572 4740 633 4787 425.
