3417 5434
885 1265 1039 1316 ΠΤΘΙΟΝ.
1059 1261 1100 1316 ς’.

1657 947 1658 1046 l

497 1425 1488 1512 EENOKPATEIAKPATANTINQ

1657 2275 1658 2380 i

925 1623 1066 1675 ΑΡΜΑΤΙ.

911 1905 1085 1977 strophae.

765 2194 1054 2246 .-vigui-h.)
1117 2211 1224 2245 ,ιυυ

882 2909 1124 2990 Argumentum.

453 3041 635 3099 Xenocrates
653 3038 844 3096 Aenesidami
863 3037 943 3096 filius
963 3038 1178 3116 Agrigentinus
1204 3058 1239 3097 ex
1262 3037 1482 3096 nobnissimao
1464 3040 1546 3114 ,otene
1519 3029 1658 3094 tun
1657 3055 1658 3058 ¹

366 3129 553 3188 menidamm
573 3125 614 3209 (v.
635 3119 674 3209 5),
693 3127 778 3187 cuius
796 3127 955 3187 victoriam
972 3127 1150 3203 Delphicam
1169 3126 1317 3202 Pythiade
1338 3129 1441 3184 24=
1462 3129 1522 3186 494
1540 3109 1658 3203 (490)
1657 3155 1658 3168 ι

367 3237 393 3278 ι.
413 3217 479 3276 Chr
499 3221 617 3293 partam
640 3217 696 3277 hoc
719 3236 837 3276 carmen
861 3219 984 3294 spectat,
1007 3236 1069 3274 una
1091 3235 1161 3300 curn
1182 3216 1274 3274 fratre
1298 3215 1442 3294 Therone,
1461 3215 1531 3274 duce
1548 3209 1619 3288 Agri·
1657 3289 1658 3294 η

367 3307 612 3384 gentinornm,1n
627 3306 778 3383 equestria
793 3309 824 3364 et
838 3306 956 3365 curulia
972 3306 1099 3365 studia
1091 3293 1222 3382 umpense
1241 3304 1379 3363 incubuit
1397 3263 1561 3379 muiltasque
1573 3299 1619 3357 ric·
1657 3295 1658 3336 ἶ

367 3395 486 3454 terias
478 3416 510 3453 ιιι
528 3396 651 3454 ludicris
670 3400 732 3455 cert
719 3395 882 3455 taminibus
900 3415 988 3472 repor
989 3396 1079 3472 tavit,
1097 3395 1133 3454 cf.
1153 3395 1175 3454 I
1195 3391 1469 3471 11etO.1154sq.
1492 3389 1619 3452 Direnisse
1657 3385 1658 3390 ’

368 3488 469 3544 autem
491 3489 581 3561 poeta
603 3485 659 3544 hoc
682 3505 800 3544 cannen
819 3486 858 3545 ad
879 3485 975 3543 filium
998 3483 1062 3543 eins
1081 3484 1302 3560 Thrasybulum
1321 3484 1404 3543 videt
1391 3487 1449 3561 tur,
1468 3480 1566 3560 quod'
1559 3498 1580 3538 rs
1596 3477 1619 3533 in

371 3573 494 3650 Pythice
518 3574 679 3633 certamine
703 3574 826 3651 aurigae
849 3594 971 3634 munere
995 3575 1115 3633 functus
1134 3576 1206 3632 erat.
1243 3573 1349 3632 Eidem
1368 3572 1549 3648 Thrasybulo
1566 3567 1619 3627 Pin·

370 3664 469 3739 darus,
489 3683 548 3740 qno
567 3683 667 3723 amore
687 3663 804 3741 egregie
824 3664 979 3722 cordatum
993 3663 1131 3723 iuvenem
1144 3662 1389 3740 prosequebatur,
1405 3661 1560 3738 epinicium
1573 3658 1591 3715 Ι.
1603 3671 1619 3710 11

369 3741 400 3812 et
419 3752 540 3830 scoliam,
558 3753 644 3812 cuius
662 3753 865 3830 fragmentum
883 3752 999 3812 illustre
1015 3745 1065 3833 (fr.
1081 3743 1147 3834 124)
1163 3755 1314 3810 servatum
1334 3755 1387 3821 est,
1406 3750 1520 3810 misisse
1538 3749 1620 3808 fertur.

369 3841 467 3913 Quam
494 3842 626 3918 antiquis
653 3845 754 3900 autem
783 3842 966 3917 temporibus
996 3841 1101 3900 Graeci
1130 3841 1248 3900 Siciliae
1276 3859 1344 3899 oum
1371 3840 1510 3917 Delphici
1537 3830 1620 3910 templi

371 3931 574 3991 sacerdotibus
592 3931 831 3990 familiaritatem
849 3931 1059 4007 contraxerint,
1074 3930 1182 3988 titulus
1200 3932 1331 3989 testatur
1344 3929 1510 4006 Delphicus
1527 3937 1620 3987 saecat

370 4017 598 4099 βουστροφηδὸν
620 4021 749 4097 scriptus
772 4023 803 4079 et
825 4039 844 4078 a
868 4019 1044 4078 Selinuntiis
1067 4019 1192 4096 positus,
1216 4019 1312 4094 quode
1335 4040 1362 4078 ι.
1384 4019 1538 4095 Pomptow
1559 4011 1619 4074 seb.
1657 4055 1658 4096 ,

370 4110 397 4168 d.
412 4130 454 4185 pr.
471 4111 527 4168 An.
544 4112 627 4169 1887
648 4131 675 4185 p.
693 4121 743 4169 705
759 4112 789 4169 ιι
802 4109 944 4187 Beitrtge
959 4129 1011 4167 zur
1024 4108 1232 4186 Topographie
1247 4127 1305 4167 von
1320 4109 1430 4185 Delphi
1448 4112 1528 4169 1889
1545 4127 1569 4183 p.
1584 4103 1619 4161 7⁸2·
1657 4103 1658 4170 f

459 4199 494 4256 ln
524 4199 675 4274 prooemio
707 4203 797 4275 poeta
828 4217 860 4258 se
894 4197 981 4276 fingit
1011 4203 1167 4274 tamquam
1198 4217 1293 4256 unum
1320 4217 1336 4257 e
1364 4197 1455 4258 choro
1487 4209 1620 4258 amoenum
1657 4247 1658 4262 ,

371 4307 479 4365 agrum
497 4288 684 4366 Delphicum,
703 4289 813 4347 Veneri
831 4291 863 4348 et
882 4287 994 4348 Gratiis
1018 4291 1230 4363 consecratum,
1254 4291 1464 4366 peragrantem
1487 4291 1517 4348 et
1537 4287 1562 4344 in
1583 4284 1619 4340 he·
1657 4283 1658 4286 ’

372 4396 474 4436 norem
492 4377 635 4436 victoriae
654 4378 828 4436 Xenocratis
847 4379 993 4454 hymnum
1012 4377 1167 4454 dicentem,
1191 4376 1244 4452 qui
1268 4378 1453 4452 praeclarius
1476 4381 1506 4436 et
1529 4372 1620 4434 firmius

371 4466 486 4545 gloriae
513 4470 617 4543 partae
645 4472 873 4526 monumentum
901 4467 940 4527 sit
968 4485 1059 4543 quam
1085 4466 1244 4525 thesaurus
1272 4465 1412 4525 imbrium
1442 4465 1561 4544 impetui
1584 4459 1619 4520 ob·
1657 4475 1658 4490 ¹

372 4557 479 4616 noxius
498 4547 624 4635 (1-18).
661 4556 827 4616 Victoriam
846 4556 937 4616 istem
956 4575 1025 4616 cum
1043 4555 1250 4631 Thrasybulus
1273 4555 1354 4614 filius
1377 4555 1500 4634 aurigae
1522 4565 1619 4614 munere

371 4646 499 4723 fungens
527 4645 607 4721 patri
634 4665 754 4721 parasse
782 4646 935 4726 videatur,
963 4647 1053 4722 poeta
1077 4645 1108 4703 in
1130 4645 1290 4721 principali
1312 4647 1398 4721 parte
1422 4644 1554 4705 carminis
1573 4640 1618 4717 pic·
1657 4635 1658 4710 ᾗ

372 4737 467 4793 tatem
490 4733 544 4792 filii
567 4736 720 4810 praedicat
743 4755 872 4812 eumque
900 4738 1059 4812 praecepta
1087 4733 1230 4811 sapientis
1253 4733 1390 4794 Chironis
1418 4735 1521 4796 eximie
1542 4731 1618 4792 obsor-
1657 4781 1658 4784 ,

373 4842 444 4884 vare
467 4827 499 4884 et
521 4825 689 4900 exemplum
712 4825 878 4904 Antilochi,
903 4825 955 4902 qui
983 4823 1063 4901 patri
1090 4824 1211 4884 Nestori
1233 4843 1428 4903 propugnans
1451 4827 1566 4885 mortem
1586 4835 1618 4878 oe·
