3417 5434
313 283 415 338 XXXII
814 285 1092 338 Pnonaoouann.

311 449 425 514 modos
450 448 695 534 partheniorum
718 453 751 512 et
775 448 913 533 grandes
941 447 1092 531 periodos
1122 447 1318 529 hymnorum
1342 451 1375 511 et
1398 447 1602 512 threnorum.

313 555 445 620 Etenim
467 555 523 618 ille
547 576 675 639 quoque
699 555 788 618 varia
816 555 965 638 exempla
992 558 1136 635 secutus,
1165 553 1201 616 in
1224 553 1297 617 aliis
1321 554 1521 620 carminibus
1550 557 1604 618 de-

315 684 423 727 corem
447 661 655 726 Aeolicorum
677 665 859 747 poetarum,
881 661 917 725 in
935 660 1008 726 aliis
1028 660 1224 746 gravitmem
1242 659 1354 724 Musae
1374 659 1604 725 Stesichoreae

313 768 494 834 aemulatus
516 772 574 832 est.
611 767 761 852 Namque
780 767 873 852 Ibyci
892 772 925 832 et
944 767 1159 832 Anacreontis
1183 767 1298 832 molles
1321 767 1412 831 lusus
1435 773 1469 831 et
1486 789 1604 832 nomo·

313 899 386 940 rum
413 875 647 958 dactylicorum
678 875 969 960 prosodiorumque
1002 874 1282 958 anapaesticorum
1313 874 1456 938 ieiunam
1483 895 1604 958 aequa·
1700 866 1701 911 l

273 1043 274 1046 ,
314 982 475 1048 bilitatem
499 1004 632 1066 prorsus
656 987 847 1066 aspernatus
871 985 929 1047 est.

402 1089 456 1154 De
485 1089 663 1154 versibus
692 1089 730 1153 in
756 1087 863 1152 iusta
892 1087 977 1152 cola
1006 1110 1083 1152 non
1115 1087 1344 1152 diuidendis.
1393 1087 1485 1153 Haec
1512 1095 1605 1173 post

314 1219 411 1282 quam
433 1197 468 1260 in
491 1198 678 1261 universum
701 1196 739 1260 de
763 1199 833 1258 arte
856 1193 1029 1260 Pindarica
1051 1195 1188 1260 metrica
1209 1195 1349 1279 praefati
1376 1217 1507 1280 sumus,
1533 1196 1605 1260 iam

314 1309 442 1388 tempus
466 1307 531 1388 est,
560 1308 597 1368 ut
621 1303 661 1368 ad
689 1302 805 1367 arduas
835 1301 1040 1385 quaestiones
1069 1301 1108 1365 de
1135 1302 1283 1367 versibus
1306 1302 1437 1366 Pindari
1464 1302 1500 1366 in
1527 1303 1605 1368 cola

314 1411 493 1475 dividendis
517 1415 728 1475 transeamus.
771 1408 917 1474 Primum
940 1414 1050 1474 autem
1072 1409 1167 1474 nobis
1192 1410 1409 1495 quaerendum
1431 1415 1498 1488 est,
1520 1432 1603 1474 num

315 1518 447 1583 omnino
470 1539 583 1582 uersus
605 1516 773 1602 Pindarici,
791 1516 826 1579 in
849 1516 921 1580 cola
948 1516 1047 1580 dividi
1074 1517 1202 1600 possint
1225 1522 1259 1581 et
1281 1517 1433 1600 debeant3
1460 1518 1549 1601 quod
1573 1517 1603 1582 si

315 1625 515 1709 quaerimus,
538 1624 672 1688 tertium
696 1645 824 1708 quoque
847 1623 918 1688 fieri
942 1646 1038 1708 posse
1061 1623 1215 1708 fatemur,
1238 1628 1275 1688 ut
1299 1624 1356 1688 alii
1379 1647 1490 1688 versus
1514 1625 1604 1689 colo

314 1754 386 1796 rum
410 1731 601 1796 divisionem
619 1730 786 1814 recipiant,
810 1731 867 1794 alii
885 1735 1049 1814 respuant.
1089 1730 1195 1814 Atque
1213 1753 1312 1816 supra
1328 1731 1395 1796 iam
1413 1731 1603 1795 monuimus
1702 1776 1703 1795 ι

315 1860 427 1903 versus
451 1843 488 1902 ut
511 1859 622 1902 omnes
645 1837 680 1901 in
703 1837 800 1921 pedes
824 1837 1013 1902 dividendos
1037 1859 1122 1921 esse,
1153 1837 1201 1902 ita
1223 1859 1290 1902 non
1317 1860 1429 1902 omnes
1455 1838 1492 1902 in
1520 1838 1603 1902 cola.

315 1947 423 2030 Atque
448 1945 476 2009 si
500 1945 555 2029 qui
578 1967 690 2009 versus
714 1966 752 2008 ex
777 1944 904 2010 duobus
928 1949 985 2009 aut
1008 1944 1114 2009 tribus
1133 1938 1351 2029 aua'quasuor
1370 1945 1507 2028 pedibus
1527 1967 1605 2010 con-

316 2057 395 2136 stat,
428 2074 496 2117 non
528 2073 598 2116 esse
630 2056 722 2136 patet
749 2073 807 2116 cur
833 2052 869 2116 in
896 2051 967 2117 cola
994 2074 1068 2115 eum
1096 2050 1229 2115 dividas.
1279 2051 1482 2135 Quamquam
1514 2051 1604 2116 enim

315 2158 399 2224 tales
423 2159 574 2224 versiculi
597 2179 671 2223 raro
693 2159 728 2222 in
751 2157 884 2222 Pindari
908 2158 1106 2224 carminibus
1131 2164 1304 2223 occurrunt
1331 2163 1428 2242 atque
1454 2159 1604 2243 plerique

318 2287 431 2330 eorum
449 2287 516 2331 non
534 2265 752 2350 perfectorum
770 2287 923 2330 versuum
942 2266 997 2329 sed
1015 2265 1213 2349 proodornm
1232 2265 1283 2329 vel
1302 2267 1480 2350 epodorum
1498 2266 1604 2330 vicem

317 2373 481 2456 obtinent,
503 2377 613 2438 tamen
636 2377 745 2436 manet
769 2371 862 2456 illud,
886 2378 953 2437 tam
976 2373 1090 2436 breves
1114 2394 1226 2437 versus
1248 2373 1283 2436 in
1306 2373 1380 2438 cola
1409 2373 1508 2437 dividi
1535 2395 1605 2437 non

315 2502 420 2566 posse.
455 2479 569 2545 Simile
588 2484 697 2544 autem
715 2479 749 2543 in
767 2479 933 2565 longiores
953 2501 1212 2565 quoqueversus
1231 2479 1318 2544 cadit
1331 2480 1380 2544 ita
1394 2481 1605 2565 compositos,

317 2593 354 2652 nt
382 2587 530 2673 singulae
558 2587 626 2652 eius
654 2591 763 2671 partes
794 2586 1053 2672 magnitudinem
1085 2585 1223 2650 duorum
1255 2586 1373 2669 pedum
1404 2586 1604 2670 simplicium

316 2694 367 2758 vel
391 2695 487 2758 unius
507 2694 655 2778 dipodiae
677 2715 742 2758 non
765 2693 981 2778 egrediantur,
1003 2693 1094 2757 utin
1112 2714 1209 2758 versu
1227 2692 1399 2758 Pindarico
1418 2716 1438 2758 a
1456 2693 1603 2759 metricis

317 2801 450 2866 laudato

682 2933 698 2940 -
718 2919 734 2940 ‚¹-
752 2913 1022 2940 .......
1111 2933 1129 2939 .-
1146 2913 1166 2939 kl
1183 2931 1200 2939 -
1220 2931 1237 2940 -

474 2978 510 3057 ὃς
532 2977 587 3044 καὶ
610 2977 722 3055 τυπεὶς
746 2978 836 3066 ἁγνῷ
861 2977 989 3044 πελέκει
1012 2977 1123 3042 τέκετο
1147 2977 1276 3055 ξανθὰν
1297 2976 1453 3043 Ἀθάναν.

318 3105 467 3189 Namque
489 3105 595 3170 tribus
619 3127 658 3168 ex
680 3105 830 3189 partibus
854 3106 940 3170 hunc
962 3127 1092 3168 versum
1114 3109 1272 3186 constare,
1296 3127 1335 3168 ex
1354 3105 1479 3168 variato
1498 3111 1606 3170 metro

319 3212 398 3278 satis
423 3212 542 3298 elucet3
565 3211 621 3276 sed
643 3233 747 3295 neque
770 3212 878 3296 prima
894 3233 998 3296 neque
1019 3211 1118 3275 tertia
1135 3233 1210 3295 pars
1230 3211 1297 3276 vim
1314 3211 1394 3276 insti
1412 3211 1477 3276 coli
1495 3211 1605 3277 habet.

319 3320 441 3396 Quodsi
464 3319 567 3384 nihilo
592 3319 699 3384 minus
723 3319 862 3402 primam
887 3318 987 3382 araim
1010 3317 1165 3402 cuiusque
1188 3318 1292 3403 partis
1318 3318 1445 3382 duobus
1473 3320 1606 3402 punctis

319 3427 454 3514 signavi,
478 3427 539 3492 hoc
563 3425 793 3492 concinnitatis
817 3449 916 3492 causa
938 3425 1009 3510 feci,
1032 3429 1070 3488 ut
1093 3425 1248 3508 cuiusque
1271 3426 1374 3508 partis
1397 3425 1504 3510 prima
1522 3425 1605 3490 arsis

317 3535 388 3620 pari
411 3535 508 3599 modo
531 3534 764 3619 designaretur.
808 3532 930 3598 Verum
959 3533 1079 3597 rectius
1103 3537 1140 3596 tu
1167 3532 1260 3597 illum
1283 3555 1413 3596 versum
1436 3555 1475 3596 ex
1498 3533 1606 3596 tribus

318 3642 466 3726 partibus
489 3641 540 3704 vel
563 3640 741 3725 particulis,
764 3662 830 3706 non
854 3662 895 3704 ex
917 3639 1022 3704 tribus
1044 3639 1125 3705 colis
1143 3645 1292 3705 constare
1311 3639 1439 3722 dixeris,
1464 3641 1607 3723 quando

319 3749 450 3834 quidem
473 3750 554 3812 duae
581 3753 691 3832 partes
719 3748 807 3812 iusto
836 3748 908 3812 colo
937 3747 1107 3812 inferiores
1138 3751 1170 3811 et
1199 3747 1303 3832 magis
1331 3747 1480 3832 dipodiaa
1508 3770 1607 3832 quam

320 3857 383 3922 coli
406 3856 536 3922 nomine
561 3855 678 3941 dignae
702 3859 786 3920 sunt.
829 3852 954 3920 Similis
978 3858 1089 3920 autem
1111 3854 1196 3917 ratio
1223 3854 1383 3918 maximae
1410 3854 1515 3938 partis
1538 3877 1608 3918 ver·

321 3987 415 4029 suum
439 3962 820 4048 dactylo-epitriticorum
843 3966 903 4045 est,
926 3967 964 4026 ut

578 4311 865 4354 iw-w--i
937 4343 990 4353 --

321 4517 435 4604 Neque
461 4517 488 4583 si
512 4517 567 4601 qui
590 4539 703 4582 versus
727 4515 884 4600 epitritioi
906 4521 964 4579 aut
987 4512 1138 4598 dactylici
1162 4519 1219 4578 aut
1242 4513 1541 4598 dactylo-epitritici
1561 4514 1610 4578 ita

322 4626 501 4711 comparati
525 4630 610 4707 sunt,
632 4630 670 4690 ut
693 4629 802 4710 partes
827 4645 940 4688 eorum
963 4621 1158 4708 dignitatem
1181 4627 1214 4686 et
1237 4621 1497 4707 magnitudinem
1522 4620 1608 4686 colo·

323 4757 395 4800 rum
419 4734 598 4812 obtineant,
620 4737 658 4798 ut
