3417 5434
596 336 756 388 OLYMPIA
774 337 835 389 xn.
1316 330 1359 395 93

85 506 159 564 duae
182 505 325 581 reliquae,
348 524 411 563 una
429 502 587 581 Olympios
605 507 637 563 et
653 522 715 562 una
733 503 891 580 Nemeaea,
910 505 980 578 post
999 500 1186 578 Olympicam
1204 502 1361 561 victoriam

87 594 271 671 Olympiadis
301 594 541 673 septuagesimae
571 593 716 671 septimae
748 585 827 674 (472
847 611 874 652 a.
894 584 976 671 Chr.)
1000 594 1104 668 partae
1135 594 1214 651 sunt.
1260 591 1361 669 Atque

85 685 245 744 scholiasta
268 683 389 760 quidem
412 683 539 743 alteram
561 702 681 760 qnoque
700 682 858 741 victoriam
876 680 1035 757 Pythicam
1054 680 1169 740 duobus
1189 681 1274 739 annis
1293 682 1362 757 post

85 775 158 831 banc
182 772 370 850 Olympicam
392 773 566 851 Ergotelem
589 774 782 832 consecutum
805 790 868 831 esse
891 772 993 849 putat,
1024 770 1076 830 sed
1103 770 1129 829 si
1156 770 1361 830 Boeokhianos

84 864 214 922 calculos
236 862 391 939 sequimur
412 854 454 944 (v.
472 862 552 923 Prol.
572 855 710 943 nxuvr),
733 879 812 921 anno
832 862 896 919 474
916 878 942 919 a.
963 860 1111 920 Chasira
1135 860 1252 920 dnobus
1275 860 1361 919 annis

85 956 152 1011 ants
185 950 290 1012 01.Ίῖ
315 972 383 1011 eam
409 951 589 1029 reportavit,
621 950 652 1009 id
681 950 774 1029 quod,
805 969 875 1010 cnm
901 953 992 1025 poeta
1018 949 1115 1026 primo
1143 952 1174 1009 et
1205 950 1361 1026 potissimo

84 1044 147 1102 loco
167 1040 355 1118 Olympicum
372 1040 531 1101 victoriam
550 1042 768 1118 commemoret,
786 1040 883 1099 multo
903 1038 1005 1116 aptius
1024 1058 1086 1099 esse
1105 1059 1192 1098 nemo
1213 1058 1273 1099 non
1293 1059 1361 1101 oon-

83 1132 166 1191 cedet
200 1162 243 1172 —
274 1130 396 1191 Dolichi
429 1133 592 1208 certamen,
628 1150 688 1207 qno
723 1130 881 1208 Ergoteles
914 1128 1021 1189 vicisse
1053 1128 1178 1206 (licitam,
1214 1148 1362 1188 summam

84 1221 291 1296 pernicitatem
315 1220 427 1298 pedum
445 1222 477 1279 et
493 1220 668 1279 firmitatem
689 1219 868 1295 pulmonum
890 1218 1078 1297 postulabat;
1102 1218 1259 1279 duodecies
1282 1219 1361 1278 enim

84 1310 119 1369 iis
145 1310 328 1370 curriculum
357 1313 564 1369 sexcentorum
593 1308 704 1386 pedum
731 1307 969 1386 permetiendum
998 1308 1071 1384 fuit3
1104 1308 1232 1367 maxime
1260 1310 1363 1368 autem

86 1400 163 1476 apud
180 1398 334 1459 Cretenses
353 1398 456 1458 studia
474 1419 564 1459 cnrsu
581 1399 672 1477 longo
691 1397 878 1458 adversarios
897 1398 1058 1473 superandi
1076 1396 1211 1457 floruisse
1231 1401 1363 1457 testatur

86 1489 247 1565 Xenophon
265 1489 361 1548 Anab.
379 1507 412 1548 εν
431 1498 456 1567 8,
480 1500 528 1566 ιτς
552 1488 589 1549 cf.
612 1488 728 1547 Krause
750 1486 888 1566 Agonist.
912 1506 939 1563 p.
964 1498 1016 1547 352
1043 1518 1080 1529 -
1107 1486 1219 1548 Totum
1243 1506 1362 1547 carmen
1409 1556 1411 1559 ¹

86 1582 218 1639 terantur
244 1579 276 1637 in
303 1577 441 1656 potentia
467 1578 619 1638 Fortunae
642 1577 835 1655 illiastranda,
864 1595 956 1653 quam
978 1580 1010 1637 et
1032 1576 1111 1637 cives
1134 1577 1299 1655 Himeraei,
1324 1576 1361 1635 ab

88 1668 213 1727 hostium
236 1668 382 1728 servitute
405 1667 539 1745 liberati,
567 1670 599 1727 et
620 1667 790 1746 Ergoteles,
817 1666 949 1743 primum
972 1666 1054 1744 exul,
1082 1686 1161 1726 nuno
1184 1666 1307 1727 civitate
1331 1670 1363 1726 et

88 1758 195 1817 coronis
225 1760 365 1835 ornatus,
395 1757 469 1816 satis
500 1756 613 1834 experti
647 1759 741 1817 erant
793 1757 898 1833 Neque
930 1756 994 1816 veri
1026 1756 1169 1816 dissimile
1204 1759 1249 1815 est
1281 1755 1362 1833 qnod

89 1846 250 1907 Boeclrhius
272 1847 413 1925 coniecit,
436 1846 468 1905 in
491 1845 556 1923 ipso
579 1846 650 1905 fano
675 1846 806 1922 quodam
828 1846 993 1925 Fortunae,
1018 1864 1086 1905 cnm
1108 1846 1265 1924 Frgoteles
1289 1846 1361 1905 deae

88 1954 219 1995 coronam
243 1937 371 2014 offerret,
393 1955 512 1996 carmen
535 1936 592 1996 hoc
615 1938 771 1995 cantatum
794 1953 866 1996 esse.
900 1935 1090 2012 Quamquam
1112 1935 1192 1995 enim
1214 1935 1243 1995 ei
1265 1936 1362 2013 magis

89 2026 225 2101 epistolae
249 2044 342 2102 quam
363 2025 468 2102 hymni
491 2024 612 2102 epinioii
634 2025 731 2084 forma
754 2027 933 2103 esttamen
956 2026 1012 2085 hoc
1035 2044 1094 2085 non
1114 2024 1269 2085 obstaculo
1288 2027 1362 2103 erat,

89 2116 241 2190 quominus
259 2115 379 2191 publice
402 2114 541 2175 similiter
563 2117 655 2191 atque
677 2114 710 2173 P.
730 2133 765 2172 m
784 2117 815 2174 et
837 2114 861 2173 I.
881 2133 904 2172 11
928 2117 1108 2174 cantaretur.
1146 2114 1242 2175 Breve
1261 2116 1363 2174 autem

90 2222 199 2264 carmen
226 2205 351 2265 decebat
376 2205 477 2265 virum
503 2204 670 2281 privatum,
699 2224 736 2263 ne
764 2203 910 2263 invidiam
936 2224 1042 2283 regum
1066 2204 1186 2264 Siciliae
1210 2204 1361 2265 excitaret.

90 2293 217 2371 Denique
241 2295 323 2371 quod
342 2313 361 2353 a
378 2294 530 2353 Fortunae
554 2293 743 2353 invocatione
762 2296 794 2353 et
810 2293 1033 2370 praedicatione
1057 2312 1175 2353 carmen
1198 2296 1288 2370 poeta
1310 2312 1362 2351 an-

92 2383 215 2459 spicatus
239 2388 294 2461 est,
317 2403 386 2443 cum
409 2404 444 2443 eo
468 2384 625 2444 cohaerere
649 2382 831 2461 crediderim,
857 2382 937 2459 quod
960 2386 1026 2443 tum
1050 2384 1193 2459 temporis
1216 2384 1362 2469 hymnum

90 2471 241 2551 Fortunae,
264 2474 352 2533 cuius
374 2474 545 2551 fragmenta
568 2483 681 2531 38-41
707 2474 835 2551 exstant,
858 2472 1018 2551 pangebat.
1060 2472 1197 2549 Denique
1222 2476 1253 2532 et
1275 2473 1363 2531 illum

91 2561 225 2638 hymnum
254 2566 286 2623 et
314 2563 371 2623 hoc
400 2581 520 2622 carmen
550 2562 712 2638 epinicium
742 2562 871 2623 Horatio
902 2580 1020 2622 carmen
1044 2581 1054 2619 1
1077 2574 1111 2621 ao
1139 2562 1171 2621 in
1198 2562 1363 2622 Fortunam

91 2651 167 2711 Antii
189 2651 329 2713 scribenti
354 2652 512 2713 obversata
535 2670 599 2711 esse
622 2652 742 2712 adnoto.

625 2779 671 2845 De
694 2780 818 2848 metris.

171 2886 316 2946 Carminis
343 2886 435 2945 buius
464 2886 581 2945 numeri
611 2881 682 2944 sunt
712 2884 1000 2962 dactylo-epitritici
1034 2885 1119 2945 nulla
1150 2904 1182 2945 re
1216 2884 1362 2963 insigma,

95 2976 171 3049 spodi
192 2995 295 3037 versus
318 2975 402 3035 tertii
424 2993 566 3035 mensura
589 2974 732 3053 ambigua
759 2979 817 3055 est,
840 2978 932 3052 prout
955 2975 1045 3035 verbo
1069 2972 1321 3054 κατεφυλλορόησε
1344 2998 1362 3033 ν

96 3060 292 3139 instaurando
315 3084 385 3125 cum
406 3064 580 3124 Hermanno
604 3064 719 3124 adicere
743 3068 799 3124 aut
821 3084 891 3124 cum
913 3064 1065 3125 codicibus
1088 3064 1243 3125 dehabere
1267 3064 1363 3124 malis.

93 3151 185 3215 Finem
208 3159 239 3215 et
260 3155 453 3231 stropharum
475 3157 507 3215 et
529 3154 618 3232 epodi
640 3157 730 3230 poeta
753 3154 798 3214 ita
820 3155 980 3232 indicavit,
1008 3156 1045 3213 nt
1071 3154 1215 3214 ultimum
1243 3172 1363 3213 versum

93 3241 274 3305 inmaiorem
297 3244 445 3303 ambitum
467 3244 644 3304 extraheret
680 3243 780 3320 Epodi
799 3262 904 3304 versus
927 3243 1036 3304 tertius
1060 3247 1091 3303 et
1113 3246 1241 3321 quartus
1259 3263 1362 3303 nume·

94 3350 182 3392 rorum
203 3334 405 3395 continuitate
427 3334 508 3394 inter
529 3352 561 3393 se
584 3333 751 3393 cohaerent.

173 3511 353 3592 Λίσσομαι,
376 3518 438 3573 παλ
460 3507 569 3591 Ζηνὸς
587 3504 817 3593 Ἐλευθερίου,
1193 3513 1274 3595 Στρ.

168 3612 297 3701 Ἱμέραν
319 3612 514 3701 εὐρυσθενέ’
541 3614 735 3699 ἀμφιπόλει,
759 3615 912 3700 Σώτειρα
940 3616 1038 3699 Τύχα.

153 3828 232 3863 raaia
253 3828 358 3864 aacrro.
395 3808 480 3865 Inaer.
518 3807 573 3878 ἐργ.
594 3807 632 3899 lp.
651 3810 759 3878 δολιχεῖ
781 3809 813 3876 0,
840 3807 896 3879 ἐργ.
916 3807 954 3878 lp.
974 3810 1085 3878 δολιχεῑ.
1123 3808 1171 3861 καὶ
1195 3806 1296 3877 ίσθμια
1315 3808 1363 3861 καὶ

95 3879 175 3934 uideor
187 3882 222 3950 A,
243 3881 298 3951 ἐργ.
314 3881 351 3971 lp.
367 3878 556 3951 δολιχοδρόμοι
570 3885 665 3934 audac
681 3881 731 3935 καὶ
748 3880 851 3949 ίσθμια
865 3880 916 3949 D¹‚
937 3879 991 3949 ἐρμ,
1007 3879 1044 3949 tp.
1060 3876 1249 3952 ὅολιχοδρόμῳ
1269 3878 1362 3933 udaia

95 3953 132 4004 ιαλ
149 3953 246 4022 {clipea
265 3970 414 4021 νικησαντι
431 3952 483 4021 τὴν
503 3937 546 4017 03¹
565 3950 726 4022 ὀλυμπιάδα
745 3953 814 4007 ΒΕ.
834 3982 867 3991 -
887 3950 978 4006 Schol.
994 3952 1068 4005 BD:
1088 3948 1244 4021 ἠγωνίσατο
1264 3950 1305 4015 οξ
1322 3950 1361 4006 ὄλ,

95 4025 133 4075 sal
148 4024 197 4093 τὴν
215 4025 279 4094 ἑξῆς
295 4028 367 4078 aab.
387 4023 438 4077 αλλ’
458 4024 521 4092 (τὴν
541 4023 616 4092 ἑξῆς,
634 4028 705 4078 nob.
724 4022 798 4096 (dt)
822 4022 875 4077 καθ’
896 4022 1067 4091 Schroeder).
1096 4022 1188 4078 Schol.
1207 4024 1247 4077 A:
1267 4020 1360 4092 Ὀλυμ-

95 4094 171 4148 ιιαὶιλα
193 4096 244 4166 μὲν
267 4093 395 4164 ἐνίκησεν
421 4095 462 4161 οζ’
482 4096 531 4148 καὶ
552 4095 605 4163 τὴν
628 4094 691 4163 ἑξῆς
714 4094 764 4149 σθ’
789 4094 847 4164 (ου’
873 4094 943 4149 coni.
964 4094 1143 4164 Mommsen),
1166 4092 1305 4149 Πυθιάδα
1330 4093 1360 4148 δὲ

95 4166 155 4228 (μεθ’
173 4168 241 4241 καὶ)
270 4167 314 4222 κε’
334 4168 383 4220 καὶ
402 4164 518 4236 Ἴσθμια
546 4162 647 4236 ὁμοίως
669 4198 703 4206 -
728 4172 752 4221 2.
776 4165 877 4236 ἱμέραν
899 4167 1010 4221 ABva:
1035 4164 1116 4236 ἱμίρα
1140 4166 1255 4235 R¹⁰0¹‚
1280 4163 1362 4236 ίμίρα

96 4236 158 4306 D¹³⁰,
175 4238 270 4309 ίμέρας
290 4238 400 4294 G¹D⁸⁰
418 4270 452 4278 —
472 4236 657 4306 abecedarios
676 4238 768 4293 GD⁸⁰
787 4269 820 4279 —
840 4235 994 4309 ἀμφιπόλει
1013 4240 1053 4292 A:
1073 4234 1246 4308 ἀμφιπόλει
1264 4238 1362 4307 1301),

154 4400 340 4436 comanam.
369 4399 395 4435 v.
411 4387 435 4435 1.
458 4380 547 4449 Ζηνὸς
563 4376 744 4446 Ἐλευθερίου
764 4397 844 4434 sacra
863 4378 893 4433 in
912 4380 1026 4435 scholiis
1047 4381 1084 4434 ad
1103 4380 1249 4435 civitatem
1267 4381 1362 4435 Hime-

97 4466 225 4508 raeensem
242 4454 279 4508 ab
299 4452 428 4506 Hieronis
447 4452 595 4505 dominatu
608 4450 760 4505 liberatam
773 4452 945 4521 referuntur,
966 4451 1035 4506 satis
1050 4452 1080 4505 id
1094 4452 1203 4521 inseite,
1223 4453 1362 4522 siquidem

97 4520 236 4581 himeraeis
256 4541 313 4579 non
331 4524 430 4591 Hiero,
457 4522 507 4577 sed
526 4522 617 4577 Thero
635 4523 752 4592 eiusque
770 4523 845 4577 filius
864 4524 1063 4593 Thrasydaeus
1082 4523 1292 4594 imperitabant.
1331 4526 1362 4578 In

97 4610 203 4651 errorem
227 4600 323 4651 autem
349 4595 520 4649 scholiastae
545 4594 655 4649 inducti
679 4597 757 4663 sunt,
783 4596 859 4664 quod
878 4595 1068 4663 Syracusanos
1087 4596 1277 4665 Thrasybulo,
1296 4596 1362 4651 Hie-

97 4668 159 4721 ronis
176 4670 271 4735 tratre,
289 4670 388 4721 exacto
407 4666 481 4721 loris
499 4664 671 4720 Liberatorie
690 4668 816 4720 statuam
833 4684 937 4737 ponere
957 4667 1037 4735 eique
1057 4684 1138 4721 sacra
1157 4668 1249 4723 facere
1263 4668 1362 4722 memi-

98 4743 184 4793 nerant
199 4744 235 4810 (v.
249 4738 332 4793 Diod.
346 4756 375 4791 xr
389 4741 447 4807 ιιι).
474 4737 574 4807 Neque
588 4738 664 4807 quod
678 4737 837 4792 Boeekhius
851 4739 944 4793 cultus
959 4740 1041 4793 istius
1056 4740 1207 4809 Hymeraei
1225 4740 1362 4811 originem

99 4810 300 4880 alhmeydaeo
326 4809 411 4863 armis
435 4808 566 4864 Hieronis
589 4809 632 4864 01.
650 4826 684 4879 ro,
704 4827 715 4864 1
734 4809 846 4865 devicto
872 4810 999 4882 repetiit,
1017 4810 1088 4867 mihi
1106 4812 1250 4884 probatur.
1289 4812 1363 4867 Nam
