3417 5434
602 1206 745 1258 ΟΛΤΜΠ.
764 1203 809 1255 ΙΑ’

113 1369 548 1456 ΑΓΗΣΙΔΑΜΩι
584 1368 825 1454 ΛΟΚΡΩι
862 1366 1315 1452 ΕΠΙΖΕΦΥΡΙΩι

571 1566 675 1616 ΠΑΙΔΙ
695 1566 845 1617 ΠΤΚΤΗι.

165 3715 226 3776 Hoc
253 3735 371 3776 cannen
400 3716 432 3774 in
459 3717 584 3776 eandem
613 3720 706 3793 atque
734 3735 853 3776 carmen
877 3713 911 3775 Ο.
930 3733 951 3773 x
973 3715 1131 3775 victoriam
1155 3716 1354 3791 compositum

96 3804 136 3859 est.
174 3805 284 3875 Quodsi
315 3806 508 3881 inscriptione
537 3803 623 3877 τόκος
655 3806 828 3882 appellatur
859 3796 910 3887 (cf.
935 3805 1025 3864 schol.
1051 3803 1084 3865 Ο.
1108 3824 1128 3863 x
1153 3798 1197 3887 1),
1230 3805 1286 3864 hoc
1318 3824 1354 3863 ex

95 3887 168 3949 dubia
190 3896 437 3973 interpretatione
468 3914 572 3955 versus
600 3893 634 3955 Ο.
660 3914 681 3953 x
707 3906 723 3954 9
750 3898 856 3954 natum
889 3896 942 3953 est.
997 3895 1076 3952 Nam
1109 3914 1168 3954 non
1201 3893 1352 3954 corollarii

97 3976 174 4040 iasar
192 3988 260 4060 post
283 3984 317 4047 Ο.
337 4004 371 4061 x,
395 3984 445 4043 sed
469 3990 539 4044 ante
563 3982 597 4045 Ο.
617 4004 637 4043 x
659 3984 716 4044 hoc
739 4003 859 4044 carmen
881 3984 997 4042 fuctum
1020 4002 1083 4043 esse
1108 3987 1245 4062 apparet,
1273 3982 1352 4042 unde

98 4065 242 4133 &cathina
276 4074 410 4135 ordinem
445 4074 609 4133 carminum
643 4074 735 4133 etiam
770 4073 874 4133 invitis
904 4072 1055 4133 codicibus
1085 4073 1293 4133 invertendum
1324 4076 1355 4133 et

97 4155 140 4217 11⁰0
158 4181 270 4224 carmen
292 4164 484 4224 undecimum
508 4166 577 4225 ante
601 4164 749 4223 decimum
772 4163 979 4223 collocandum
1007 4181 1069 4223 esse
1097 4162 1221 4222 censuit.
1267 4160 1353 4221 Diffi·

98 4246 166 4309 cilius
187 4257 229 4313 est
252 4253 291 4313 ad
314 4254 548 4333 diiudicandum,
571 4247 622 4313 cui
644 4255 710 4313 loco
734 4257 764 4313 et
786 4252 915 4329 tempori
933 4252 989 4312 hoc
1013 4270 1131 4312 carmen
1154 4256 1244 4328 poeta
1263 4252 1352 4312 desti·

98 4341 199 4405 caverit.
243 4344 346 4421 Atque
374 4342 542 4403 Boeclrhius
566 4344 708 4403 continuo
732 4346 801 4419 post
822 4342 980 4403 victoriam
1004 4345 1188 4418 reportatam
1211 4343 1267 4402 hoc
1290 4361 1353 4401 car·

99 4442 150 4488 men
165 4434 274 4493 factum
301 4452 365 4493 esse
392 4434 514 4511 statuit,
543 4438 580 4493 ut
603 4431 761 4509 Olympiae
789 4433 821 4490 in
848 4451 959 4508 pompa
987 4432 1042 4490 sub
1066 4450 1223 4508 vesperum
1245 4432 1353 4492 victori

100 4513 259 4581 instituenda
277 4526 442 4583 caneretur.
475 4523 517 4581 At
534 4522 604 4582 huic
624 4522 789 4582 sententiae
808 4522 986 4581 adversetur
1003 4521 1154 4598 particula
1172 4520 1249 4581 ἔνθα
1267 4541 1294 4581 v.
1312 4534 1353 4600 16,

101 4623 146 4679 qm
163 4612 261 4672 urbem
284 4612 448 4673 Locrorum
471 4611 634 4690 significari
656 4631 743 4671 nemo
767 4631 826 4671 non
850 4610 1009 4689 intellegit.
1048 4610 1113 4681 Qua
1132 4610 1167 4670 de
1187 4629 1278 4671 causa
1297 4631 1352 4689 ego

101 4691 227 4773 leopoldo
258 4702 405 4780 Schmidt,
438 4703 524 4762 Pind.
543 4702 613 4763 Leb.
632 4723 660 4779 p.
680 4712 714 4760 93
738 4700 942 4776 adstipulatus
971 4701 1028 4760 hoc
1058 4719 1176 4760 carmen
1208 4701 1353 4777 prooemii

102 4781 174 4847 vicen
186 4792 350 4851 obtinuisse
368 4796 452 4870 puto,
467 4792 547 4868 quod
565 4791 673 4852 maiori
691 4790 816 4850 carmini
834 4796 866 4849 et
883 4789 1044 4851 festivitati
1062 4791 1094 4849 in
1113 4790 1212 4869 patria
1230 4790 1353 4851 victoris
