3417 5434
541 368 587 420 IV.
615 368 665 418 DE
684 367 768 418 vm
788 367 948 421 PINDARI.
1328 365 1387 418 CIX

197 527 302 616 [Ἔστι
321 526 358 594 δέ
377 529 417 593 τά
435 527 593 614 Ὀλύμπια
613 528 704 612 ἀγὼν
722 531 770 606 είς
786 532 846 595 τὸν
859 531 938 613 Δία,
957 528 997 593 τά
1017 529 1134 594 Πύθια
1153 527 1245 612 ἀγὼν
1263 530 1310 605 είς
1327 529 1388 594 τὸν

110 635 305 718 Ἀπόλλωνα,
333 637 373 700 τά
396 634 508 721 Νέμεα
537 636 628 719 ἀγὼν
655 634 710 702 καί
739 637 839 714 αὐτὸς
867 639 914 712 είς
939 638 999 702 τὸν
1021 639 1104 719 Δία,
1131 637 1172 700 τὰ
1199 633 1236 700 δέ
1250 634 1387 721 Ἴσθμια

115 745 200 827 ἀγὼν
217 746 262 822 είς
279 744 339 808 τὸν
359 744 569 809 Ποσειδῶνα·
588 744 628 807 τίι
647 741 679 808 δ’
696 746 827 809 ἔπαθλα
845 744 975 810 τούτων
993 742 1095 828 ἐλαία,
1113 742 1235 826 δάφνη,
1254 741 1387 808 σέλινον

115 851 209 935 ξηρόν
230 874 263 915 τε
285 849 341 916 καὶ
364 851 518 937 χλωρόν]
561 851 645 916 ἀλλά
667 849 742 938 περὶ
765 848 826 936 μὲν
848 861 916 917 τῶν
935 853 1046 917 ἀλλων
1064 850 1105 915 οὐ
1123 853 1217 935 χρεία
1234 860 1300 916 νῦν
1318 849 1387 915 ἐστι

118 957 218 1040 λέγειν
237 956 291 1022 καὶ
314 959 355 1023 τὰ
379 957 598 1043 ἐπιβάλλοντα
616 961 747 1035 τούτοις
764 959 906 1044 ὕστερον
925 957 1074 1044 ἐροῦμεν,
1096 966 1162 1023 νῦν
1181 954 1218 1022 δέ
1235 955 1388 1044 περὶτῆς
1406 975 1421 1022 ο

119 1063 233 1142 θέσεως
253 1077 320 1130 τῶν
340 1064 527 1151 Ὀλυμπίων
550 1063 690 1131 λεκτέον.
730 1063 818 1142 τινὲς
840 1062 902 1150 μέν
923 1074 1027 1130 ταῦτα
1049 1067 1096 1141 εἰς
1118 1067 1198 1140 τοὺς
1217 1065 1387 1148 Οἰνομάου

119 1171 167 1235 καὶ
182 1169 329 1247 Πέλοπος
346 1169 552 1258 ἀναφέρουσι
570 1174 721 1258 χρόνους.
760 1172 869 1257 [ἀλλοι
888 1171 928 1238 δέ
944 1189 1049 1256 φασιν
1067 1171 1112 1247 ὡς
1128 1171 1234 1246 οὕτως
1247 1172 1388 1255 αέσχράν

120 1274 214 1344 οὖσαν
231 1281 291 1364 τὴν
307 1276 408 1344 θέσιν
427 1279 488 1345 οὐκ
507 1279 549 1344 ἀν
563 1277 790 1365 διεφύλαξαν]
823 1279 928 1364 ἕτεροι
943 1279 980 1342 δὲ
990 1276 1148 1364 Ἡρακλεῖ
1160 1277 1388 1361 ἀνατιθέασιν,

119 1384 205 1450 διαὶ
225 1387 395 1471 Πίνδαρος
417 1384 515 1470 λέγει,
538 1386 751 1472 ἐνδοξότερον
774 1399 881 1452 ποιῶν
903 1387 962 1450 τὸν
985 1385 1106 1469 ἀγῶνα.
1148 1383 1216 1450 ἐπεὶ
1239 1387 1302 1469 γάρ
1326 1387 1387 1471 τὴν

121 1493 253 1574 Αὐγείαν
270 1496 397 1580 κόπρον
416 1493 557 1580 ἐκάθηρε
575 1491 630 1559 καὶ
644 1505 712 1559 τῶν
726 1493 976 1580 ἐπηγγελμένων
990 1493 1052 1558 οὐκ
1066 1497 1170 1578 ἐτυχε,
1187 1494 1388 1576 συναγαγὼν
1407 1510 1440 1560 10

118 1601 213 1664 πολὺν
237 1603 380 1686 στρατὸν
407 1605 467 1668 τόν
493 1625 527 1666 τε
551 1602 700 1684 Αὐγείαν
723 1602 858 1685 φονεύει
880 1599 937 1666 καὶ
959 1602 1020 1685 την
1038 1595 1137 1666 Ἦλιν
1158 1602 1386 1686 παρεστήσατο

118 1705 165 1770 καὶ
189 1709 290 1772 πολλὰ
319 1709 453 1795 λάφυρα
480 1709 680 1792 συναγαγὼν
708 1707 821 1791 ἀγῶνα
843 1711 958 1792 τίθησι
981 1719 1051 1784 τοῖς
1073 1706 1142 1792 μετ’
1164 1709 1268 1774 αὐτοῦ
1290 1714 1386 1774 πολε-

118 1817 262 1898 μήσασιν,
295 1815 378 1881 ὅθεν
405 1815 461 1882 καὶ
487 1819 524 1882 τὸ
553 1819 632 1892 ἔθος
659 1815 830 1900 διέμεινεν.
880 1813 967 1899 [ἀλλ’
993 1812 1072 1880 οὐδέ
1099 1815 1183 1899 αὕτη
1211 1818 1339 1901 ἔμεινεν
1365 1817 1386 1900 ἡ

119 1920 214 2006 θέσις,
240 1921 308 1987 ἐπεὶ
336 1931 395 2007 τῆς
421 1923 593 2008 συμβάσης
621 1925 734 2000 αὐτοῖς
758 1925 951 2009 δυσχερείας
972 1922 1157 2007 ὑπόμνησις
1179 1918 1244 2006 ἦν]
1291 1925 1386 1988 ἀλλοι

120 2027 153 2091 δέ
179 2046 293 2114 φασιν,
325 2029 371 2107 ὡς
387 2028 516 2115 Ἴφιτός
546 2054 598 2107 τις
628 2028 683 2095 καὶ
711 2031 905 2116 Εὐρύλοχος
931 2031 1010 2106 τοὺς
1036 2033 1221 2116 Κιρραίους
1247 2033 1387 2116 πολεμή-
1408 2047 1440 2096 15

121 2151 224 2213 σαντες
251 2132 360 2224 (οὗτοι
388 2133 425 2202 δέ
453 2131 538 2220 ἦσαν
566 2139 601 2203 oc
625 2140 687 2222 την
713 2139 878 2224 παράλιον
905 2146 963 2221 τῆς
988 2138 1141 2214 Φωκίδος
1168 2135 1284 2221 ληστοιὶ
1311 2161 1386 2203 κοιτ-

121 2241 259 2330 ίχοντες),
282 2242 338 2308 καὶ
361 2245 466 2310 πολλὰ
490 2244 624 2330 λάφυρα
648 2246 893 2328 συναγαγόντες
915 2244 933 2309 6
952 2241 1013 2329 μέν
1024 2242 1153 2330 Ἴφιτος
1171 2246 1212 2308 τὰ
1229 2243 1386 2330 Ὀλύμπια

121 2351 343 2436 συνεστήσατο,
371 2350 390 2416 6
417 2349 453 2416 δέ
477 2352 674 2438 Εὐρύλοχος
700 2353 740 2417 τό
763 2353 891 2418 Πύθια.
936 2350 991 2416 καὶ
1020 2350 1055 2416 ἐκ
1077 2353 1198 2417 τούτου
1222 2351 1385 2438 ἐπιμεῖναι

120 2459 151 2522 τὸ
171 2462 245 2535 ἔθος
267 2456 401 2556 συνέβη.

195 2566 332 2651 τέθνηκε
359 2563 396 2632 δέ
424 2565 442 2631 6
472 2567 643 2650 Πίνδαρος
670 2565 703 2644 ἐξ
730 2565 785 2632 καὶ
813 2565 971 2650 ἑξήκοντα
997 2565 1081 2632 ε’τῶν
1106 2567 1266 2650 γεγονώς,
1294 2565 1314 2649 ἢ
1342 2567 1387 2642 ὥς
1405 2583 1439 2631 το

121 2697 208 2757 τινες,
232 2675 447 2758 ὀγδοήκοντα,
471 2671 523 2739 ἐπὶ
547 2677 676 2750 Βίωνος
699 2675 860 2760 ἄρχοντος
881 2674 964 2738 κατὰ
987 2675 1048 2758 την
1071 2672 1168 2757 ἕκτην
1189 2671 1245 2738 καὶ
1268 2674 1385 2756 ὀγδοη-

120 2783 227 2866 κοστὴν
246 2780 457 2867 Ὀλυμπιάδα.
495 2781 657 2866 ἀκροατὴς
680 2777 716 2845 δέ
740 2779 854 2864 γέγονε
876 2782 1078 2866 Σιμωνίδου.
1116 2777 1194 2847 ὁδὶ
1217 2780 1386 2864 έπινίκιος,

121 2883 196 2974 οὗὴ
222 2888 318 2974 ἀρχή·
341 2887 526 2975 ’Ἀριστον
552 2885 622 2973 μέν
648 2888 767 2973 ὕδωρ,
794 2887 1010 2972 προτέτακται
1036 2887 1102 2954 ὑπὸ
1127 2886 1387 2974 Ἀριστοφάνους

122 3005 171 3059 τοῦ
195 2995 415 3074 συντάξαντος
442 2997 483 3060 τὰ
505 2995 696 3082 Πινδαρικὰ
723 2995 779 3059 διὰ
806 2995 843 3060 τὸ
867 2993 1030 3080 περιέχειν
1052 3005 1113 3060 τοῦ
1136 2995 1265 3079 ἀγῶνος
1287 2994 1386 3078 ἐγκώ-

120 3127 185 3184 μιον
205 3101 258 3168 καὶ
281 3104 321 3168 τά
344 3100 420 3188 περὶ
442 3111 503 3167 τοῦ
525 3100 686 3184 Πέλοπος,
711 3101 747 3179 ὃς
768 3114 899 3186 πρῶτος
922 3102 958 3168 έν
971 3101 1089 3168 Ἤλιδι
1110 3103 1310 3186 ἠγωνίσατο·
1333 3098 1386 3185 γε’-
1405 3121 1439 3167 τι

121 3233 244 3294 γραπται
272 3208 311 3276 δέ
333 3208 459 3296 Ἱέρωνι
487 3213 618 3294 βασιλεῖ
640 3213 883 3294 Συρακουσίων
911 3206 963 3294 (αἱ
988 3207 1024 3275 δὲ
1049 3210 1264 3295 Συράκουσαι
1291 3212 1387 3285 πόλις

121 3326 168 3400 τῆς
184 3315 363 3406 Σικελίας),
386 3317 422 3394 ὃς
445 3315 500 3382 καὶ
519 3320 651 3400 κτίστης
669 3321 794 3399 Αἴτνης
817 3315 946 3398 ἐγένετο
964 3320 1100 3400 πόλεως,
1123 3317 1266 3382 ἀπὸτοῦ
1286 3318 1386 3401 ὄρους

121 3425 210 3510 αὐτην
233 3427 340 3502 οὕτως
362 3424 541 3510 ὀνομάσας·
570 3423 765 3500 ἀποστείλας
786 3425 850 3510 γάρ
874 3420 972 3501 οὗτος
994 3425 1116 3502 ἵππους
1138 3426 1186 3501 είς
1206 3422 1385 3508 Ὀλυμπίαν
1496 3461 1500 3468 ·

124 3529 234 3616 ἐνίκησε
257 3533 377 3618 κέλητι.

730 3743 761 3800 Ε.

450 3871 528 3937 Vita
551 3889 590 3938 ox
614 3869 855 3961 suidas-lexim
880 3873 1042 3955 οιοιτρλι.

194 4020 364 4104 Πίνδαρος
389 4020 523 4101 Θηβῶν,
549 4019 756 4081 Σκοπελίνου
780 4017 868 4098 υἱός,
895 4017 977 4080 κατά
1000 4014 1041 4080 δέ
1060 4039 1154 4090 τινας
1175 4013 1384 4098 Δαϊφάντου,
1403 4031 1436 4079 30

123 4121 196 4189 ὃκαὶ
214 4131 341 4211 μᾶλλον
360 4121 494 4208 ἀληθές·
514 4124 532 4189 6
552 4124 615 4206 γάρ
635 4125 844 4186 Σιοπελίνου
864 4120 954 4187 ἐστὶν
973 4118 1195 4208 ἀφανέστερος
1212 4120 1267 4186 καὶ
1285 4137 1384 4207 προσ·

123 4234 201 4316 γενης
219 4233 408 4319 Πινδάρου·
427 4228 515 4307 τινὲς
533 4228 570 4295 δέ
588 4228 644 4295 καὶ
662 4230 867 4312 Παγωνίδου
886 4231 1065 4313 ἱστόρησαν
1084 4229 1194 4294 αὐτόν.
1231 4229 1384 4312 μαθητὴς

196 4487 218 4538 1.
237 4481 293 4536 ἔστι
312 4524 318 4536 .
336 4526 341 4536 .
358 4524 364 4536 .
384 4485 408 4534 4.
428 4477 534 4550 χλωρόν
547 4478 612 4534 add.
628 4477 688 4532 cod.
702 4481 727 4530 Τ
744 4509 776 4516 -
798 4482 863 4544 λειη.
884 4475 959 4530 ἄλλοι
1035 4475 1210 4544 διεφύλαξαν
1228 4493 1281 4530 om.
1301 4475 1381 4529 codd.

124 4549 230 4620 plerique
245 4552 346 4608 Abelii.
363 4585 395 4592 -
412 4557 453 4605 13.
469 4555 612 4622 διαμεῖναι
626 4549 706 4604 codd.
720 4547 819 4602 Abelii.
835 4581 868 4587 -
883 4546 945 4601 ἀλλ’
958 4592 964 4602 .
976 4591 999 4602 ,.
1015 4541 1050 4615 ἦν
1066 4563 1119 4600 om.
1135 4547 1215 4601 codd.
1229 4545 1332 4601 Abelii.
1349 4579 1382 4586 --

126 4627 156 4675 18.
175 4622 205 4678 τὰ
228 4628 304 4680 Πυθ.
325 4625 393 4691 Ede.
418 4623 511 4691 codd,
535 4638 603 4676 corr.
623 4621 827 4675 Westermann.
853 4653 886 4658 —
910 4625 952 4673 20.
977 4616 1121 4687 Πίνδαρος
1144 4619 1182 4673 ὀλ,
1207 4618 1254 4684 ξς’
1275 4617 1330 4672 ἐτει
1352 4618 1381 4688 γ’

125 4697 224 4762 γεγονός
241 4696 311 4750 coni.
328 4695 491 4757 Mommsen,
509 4693 646 4747 Pindaros
665 4712 691 4762 p.
708 4697 749 4746 λλ.
771 4725 803 4730 -
824 4698 866 4745 21.
883 4690 1009 4763 Ἀβίωνος
1028 4692 1057 4743 et
1072 4688 1189 4753 Βίαντος
1203 4689 1293 4759 codd,
1313 4707 1381 4744 corr.

126 4763 211 4836 Ηεγοε,
223 4764 359 4841 ’Ἅβρωνος
373 4767 445 4820 coni.
458 4763 655 4819 Wilamowitz.
672 4795 704 4804 —
721 4771 762 4816 23.
776 4762 989 4832 Ἀριστοφάντου
1003 4781 1078 4816 συντ.
1095 4763 1175 4816 codd.
1191 4793 1224 4802 «-
1239 4766 1282 4815 31.
1296 4781 1383 4830 προσ·

126 4839 200 4908 γειηςι
218 4839 433 4912 προγενέστερος
451 4837 521 4892 coni.
542 4835 712 4906 Bernhardy.
734 4867 766 4874 -
786 4840 828 4889 32.
849 4835 1006 4906 Παγώνδου
1026 4832 1097 4889 coni.
1117 4832 1256 4890 Gaisford.
