3417 5434
297 304 384 360 Lvffl
802 307 1081 359 PROLEGOMENA.

298 491 393 535 usum
416 469 649 554 convertimus,
674 473 712 534 ut
736 469 764 534 si
788 469 843 554 qui
867 491 979 534 versus
1002 469 1108 553 capite
1131 491 1190 534 suo
1214 469 1360 553 privatus
1384 467 1584 557 (ἀκέφαλος)

297 599 368 642 esse
390 577 576 662 uidebatur,
602 600 677 643 eum
702 600 722 642 a
743 576 830 641 linea
852 575 987 660 paulum
1009 597 1263 661 removeremus,
1289 580 1404 641 contra
1427 599 1584 642 versuum

297 685 338 750 ab
362 685 511 750 anacrusi
529 685 755 770 incipientium
773 688 887 749 notam
905 684 1070 750 enacrusis
1090 688 1182 749 extra
1200 684 1320 748 lineam
1338 685 1584 750 collocaremus.

297 789 335 855 In
358 793 422 856 fine
446 797 555 858 autem
578 792 722 857 colorum
745 796 778 856 et
801 813 954 857 versuum
977 791 1081 856 sicubi
1102 796 1201 875 poeta
1223 791 1398 875 ancipitem
1421 792 1585 878 syllabam

298 898 443 984 admisit,
461 898 496 964 iu
514 899 586 983 ipsa
603 900 690 964 linea
708 900 829 964 iustam
848 899 916 965 vim
935 899 1078 984 syllabae
1096 897 1325 981 indicavimus,
1343 920 1443 983 supra
1460 898 1585 964 lineam
1699 970 1700 981 ,

298 1027 383 1091 eam,
408 1029 491 1091 quae
518 1007 553 1071 in
580 1007 676 1072 istius
704 1008 812 1072 locum
842 1007 1011 1072 succedere
1037 1011 1162 1092 posset,
1190 1006 1426 1071 adnotavimus.
1472 1006 1586 1072 Aliam

295 1113 399 1199 igitur
421 1113 640 1199 rhythmicam
663 1114 730 1179 vim
752 1136 865 1178 versus
1699 1114 1700 1123 ’

298 1327 396 1392 aliam
421 1350 532 1393 versus

721 1465 726 1476 ·
822 1449 838 1457 “
856 1463 875 1486 a
948 1479 963 1487 .
980 1460 999 1486 υ
1017 1462 1034 1485 a
1105 1452 1124 1486 ἕ

298 1583 369 1625 esse
392 1561 561 1627 voluimus.
599 1561 702 1627 Iidem
721 1566 831 1627 tamen
849 1561 940 1626 finali
962 1561 1080 1648 longae
1100 1561 1165 1627 vim
1183 1561 1285 1626 trium
1303 1564 1484 1644 quatuorve
1503 1563 1586 1625 tcm-
1699 1600 1700 1603 =

299 1689 414 1752 porum
434 1691 499 1734 non
517 1669 773 1756 adsignavimus,
791 1664 1052 1753 quandoquidem
1069 1669 1231 1734 incertum
1249 1672 1314 1753 est,
1332 1667 1410 1752 quid
1424 1667 1587 1751 temporis

298 1774 510 1857 productione
529 1775 686 1861 syllabae,
705 1776 783 1860 quid
801 1798 904 1860 pausa
922 1775 1143 1841 malisversus
1162 1775 1328 1861 expletum
1346 1774 1398 1840 sit.
1433 1774 1586 1858 De-peri-
1699 1768 1700 1795 ¹

299 1881 388 1966 copis
417 1888 539 1967 autem,
567 1904 649 1968 quac
675 1883 824 1968 pluribus
848 1883 996 1948 versibus
1019 1884 1141 1949 arctius
1163 1882 1251 1947 inter
1273 1904 1308 1946 se
1331 1881 1587 1947 cohaerentibus

298 1992 331 2052 et
354 1989 447 2074 quasi
472 2012 571 2054 unum
595 2012 712 2075 corpus
731 1991 949 2057 efficientibus
967 1993 1066 2078 fiunt,
1088 1991 1123 2056 in
1142 1987 1417 2056 commentariolis
1436 1989 1586 2054 metricis

299 2095 437 2182 singulis
462 2096 532 2161 odis
556 2098 744 2181 praemissis
767 2120 865 2182 quam
888 2099 923 2163 in
944 2098 997 2164 his
1020 2097 1265 2184 Prolcgomenis
1288 2096 1454 2181 disputare
1478 2095 1586 2161 satius
1699 2158 1700 2161 ,

298 2202 456 2268 duximus.
485 2203 719 2288 Responsionis
738 2227 814 2270 uero
830 2205 979 2291 circulos,
997 2203 1115 2290 quibus
1130 2203 1355 2289 Westphelius
1370 2207 1404 2268 et
1419 2202 1585 2269 Henricus

300 2308 498 2375 Schmidtius
522 2311 557 2375 in
580 2311 647 2376 suis
671 2311 764 2377 libris
789 2313 933 2378 metricis
957 2311 1008 2377 usi
1032 2317 1122 2398 sunt,
1144 2310 1353 2376 adhibuimus
1370 2308 1493 2395 nullos,
1515 2332 1586 2374 non

297 2417 391 2501 quasi
410 2416 585 2484 Pindarum
608 2418 691 2484 nihil
714 2418 926 2485 concinnitati
950 2424 984 2485 et
1007 2419 1177 2505 analogiae
1200 2416 1365 2482 studuisse
1382 2420 1586 2501 putaremus,

298 2525 353 2589 sed
386 2525 471 2610 quod
503 2525 727 2592 subtilissimis
760 2532 794 2592 et
824 2527 1052 2594 incertissimis
1083 2527 1136 2592 his
1168 2524 1352 2590 rationibus
1384 2522 1584 2588 recentiores

297 2631 451 2697 metricos
475 2634 558 2698 male
582 2635 701 2700 abusos
723 2655 796 2701 esse
820 2633 1041 2721 cognovimus.
1078 2632 1165 2699 Nam
1183 2653 1223 2697 ne
1242 2653 1294 2697 me
1313 2650 1447 2715 prorsus
1464 2630 1502 2695 in
1519 2629 1585 2695 hac

296 2760 331 2803 re
352 2740 511 2805 caecutire
530 2746 640 2828 putes,
662 2741 762 2807 affero
782 2741 965 2826 exemplum
982 2740 1152 2806 Aristonoi
1170 2738 1303 2824 paeanis
1321 2759 1425 2821 nuper
1443 2736 1583 2822 Delphis

297 2847 431 2933 reperti,
459 2847 515 2931 qui
542 2870 615 2914 cum
643 2850 684 2914 ad
707 2849 936 2915 concinnitatis
960 2848 1090 2934 regulas
1114 2845 1357 2914 accuratissime
1380 2845 1584 2929 compositus

299 2954 356 3039 sit,
373 2977 414 3019 nc
433 2977 484 3020 me
504 2954 633 3040 quidem
651 2961 766 3041 poetae
785 2956 957 3022 consilium
975 2956 1070 3043 fugit.
1103 2953 1324 3040 Unaquaeque
1342 2952 1430 3017 enim
1445 2951 1584 3037 stropha

298 3061 396 3126 huius
426 3062 579 3127 carminis
608 3066 736 3128 constat
763 3085 803 3128 ex
831 3063 955 3128 duabus
982 3063 1159 3149 pericopis,
1188 3061 1341 3146 pericopa
1368 3081 1514 3145 quaeque
1542 3083 1583 3124 ex

299 3168 425 3232 duobus
457 3169 620 3254 versibus,
651 3192 763 3234 versus
797 3169 933 3254 quisque
961 3191 1001 3234 ex
1028 3170 1154 3235 duobus
1183 3166 1276 3254 colis,
1309 3167 1403 3233 colon
1431 3167 1583 3253 qnodque

298 3297 337 3340 ex
365 3275 490 3341 duabus
518 3277 666 3364 basibus,
697 3277 786 3342 basis
818 3298 963 3362 quaeque
991 3299 1031 3341 ex
1058 3278 1184 3342 duobus
1211 3275 1348 3360 pedibus
1377 3273 1583 3358 simplicibus

298 3382 361 3447 hoc
384 3383 493 3447 modo:

851 3501 922 3541 ¹-
884 3491 1011 3644 Ι-ΙΤῑΙΞ

850 3681 921 3720 ou.
884 3583 1012 3731 ¹ull-2:17

849 3681 1233 3826 01-21'01sswdt

422 3863 522 3930 Ἔνθ’
543 3864 607 3930 ἀπὸ
630 3785 813 3952 τριπόδων
820 3864 1036 3951 θεοξκτήτων,
1045 3783 1273 3953 ydmpduopov
1296 3862 1429 3946 δάφναν

432 3977 542 4057 σείων,
565 3974 778 4059 μαντοσύναν
802 3969 988 4061 ἐποι1χνεῑς,
1013 3975 1077 4057 ἰήιε
1099 3971 1223 4055 Παιάν,

432 4083 636 4169 φρικώεντος
659 4079 691 4160 ἐξ
714 4081 840 4147 ἀδύτου
860 4087 865 4160 Ι
886 4083 1076 4166 μελλόντων
1096 4077 1199 4164 θέμιν
1221 4078 1339 4163 εὐσεβῆ

431 4201 590 4275 χρησμοῖς
613 4189 808 4274 εὐφθόγγων
832 4211 867 4254 τε
890 4190 993 4274 λύρας
1012 4185 1017 4273 Ι
1038 4187 1171 4270 aridate,
1195 4181 1220 4251 ὦ
1245 4191 1273 4250 le
1297 4184 1420 4250 Παιάν.

299 4330 362 4396 Sed
390 4333 431 4396 ab
459 4332 521 4397 hac
549 4337 636 4398 tersa
664 4336 732 4396 arte
760 4335 794 4396 et
821 4330 979 4397 concinna
1006 4328 1216 4414 simplicitate
1239 4327 1412 4414 ingeniosa
1433 4349 1586 4394 numero

298 4437 379 4504 sitas
402 4437 533 4504 Dircaei
557 4443 671 4523 poetae
694 4438 885 4524 longissime
909 4439 1011 4504 abest.

386 4545 439 4612 Ad
476 4550 655 4612 extremum
691 4546 856 4612 variorum
893 4567 1047 4630 generum
1081 4543 1234 4610 metricae
1268 4541 1516 4626 compositionis
1549 4548 1585 4608 et

299 4652 506 4718 metricorum
542 4658 694 4717 notarum
730 4653 765 4717 in
801 4652 863 4717 hac
900 4651 1041 4718 editione
1073 4654 1304 4735 usurpatamm
1334 4648 1495 4714 indiculos
1529 4650 1586 4714 ad-

199 4815 200 4820 ,
299 4755 372 4826 de're
395 4759 494 4824 iuvat.
