3417 5434
323 335 436 390 xcvln
827 335 1104 415 raonuuonuss,

324 498 483 564 Kirchero
507 497 611 563 editas
635 521 655 562 a
676 497 809 563 falsario
832 496 937 564 factas
960 519 1031 564 esse
1053 519 1158 581 neque
1181 496 1357 580 quidquam
1380 495 1496 562 auxilii
1517 518 1615 581 prae·

321 605 398 670 bere
436 605 477 670 ad
513 610 655 670 veterem
692 604 866 670 melodiam
901 604 1107 670 Pindaricam
1142 604 1378 670 restituendam
1413 625 1613 690 persuasum

322 711 471 796 equidem
490 711 603 776 habeo.
646 711 943 778 Instrumentorum
960 733 1037 777 vero
1057 711 1254 777 musicorum
1272 715 1380 796 pocta,
1403 733 1478 776 cum
1496 711 1613 774 omnia

322 819 463 903 epinicia
486 819 610 884 cantari
636 824 669 884 et
691 818 855 885 accentari
878 819 977 884 vellet
999 823 1033 884 et
1055 819 1196 904 nullum,
1217 840 1259 884 ne
1282 817 1452 903 epistolari
1475 817 1612 901 quidem

325 925 466 991 carmine
490 925 525 990 Ρ.
545 943 582 988 111
606 930 752 1011 excepto,
774 927 815 990 ad
837 926 1010 1012 legendum
1034 925 1141 990 solum
1163 925 1351 1010 destinaret,
1373 945 1611 1008 saepenumero

323 1033 522 1098 montionem
545 1032 670 1115 iniecit,
699 1034 756 1098 sed
779 1055 817 1098 ex
840 1033 882 1097 iis
905 1033 986 1101 locis
1009 1055 1111 1118 paene
1133 1031 1215 1098 nihil
1238 1032 1424 1117 didicimus,
1445 1031 1511 1096 nisi
1538 1054 1613 1097 can-

324 1144 435 1204 torum
457 1139 592 1205 vocibus
616 1138 736 1223 partim
759 1139 850 1205 tibiis
874 1138 1037 1227 (Ο.1,18.
1070 1157 1094 1202 ν
1114 1141 1165 1204 19.
1196 1138 1320 1227 1113),
1342 1139 1463 1225 partim
1486 1138 1612 1203 fidibus

322 1245 498 1332 (φόρμιγγι
526 1244 562 1311 Ο.
586 1265 612 1310 11
640 1249 692 1312 52.
734 1246 926 1312 Ρ.11.97.
959 1266 984 1311 11
1005 1249 1056 1312 71.
1088 1248 1218 1314 1v296.
1258 1244 1298 1312 Ν.
1317 1264 1354 1310 1v
1373 1247 1402 1310 5.
1421 1248 1474 1311 44
1512 1264 1538 1310 v
1557 1248 1611 1328 94,

323 1355 409 1441 λύρᾳ
436 1351 597 1419 O.1152.
639 1352 672 1418 Ρ.
697 1371 759 1418 vm
783 1354 835 1420 31.
872 1356 972 1419 1121.
1008 1351 1115 1439 2117),
1145 1353 1266 1438 partim
1298 1353 1390 1418 tibiis
1421 1359 1455 1418 et
1486 1353 1610 1418 fidibus

211 1502 214 1514 ·
324 1459 375 1546 (Ο.
393 1478 432 1524 111
452 1463 482 1528 8.
514 1479 564 1524 vn
585 1462 634 1527 12.
666 1463 762 1526 x93.
802 1460 951 1528 aras
991 1459 1033 1526 N.
1051 1479 1089 1525 nr
1108 1462 1137 1527 8.
1178 1461 1322 1546 lv273
1349 1461 1389 1526 cf.
1412 1461 1491 1526 Eur.
1510 1460 1609 1525 Herc

323 1565 403 1654 683)
436 1567 645 1632 adcantatum
675 1590 754 1634 esse.
805 1568 911 1645 Quid?
949 1569 1035 1652 quod
1062 1591 1102 1632 ex
1128 1567 1180 1632 his
1208 1567 1289 1632 locis
1317 1590 1358 1634 ne
1383 1567 1447 1634 hoc
1474 1567 1609 1652 quidem

323 1678 409 1739 certe
433 1674 580 1740 concludi
603 1679 722 1760 potest,
744 1675 780 1740 in
802 1675 843 1740 iis
867 1675 1074 1759 carminibus,
1097 1675 1132 1740 in
1155 1675 1273 1759 quibus
1291 1675 1381 1740 solae
1399 1674 1502 1739 tibiae
1520 1697 1609 1740 com·
1650 1718 1655 1726 -

323 1785 558 1868 memorentur,
583 1782 702 1847 fidibus
725 1783 851 1848 nullum
874 1782 983 1848 locum
1006 1782 1121 1866 fuisse,
1149 1782 1409 1868 quandoquidem
1432 1783 1468 1847 in
1490 1784 1609 1848 eodem

323 1889 464 1954 carmine
491 1887 532 1954 N.
551 1907 591 1986 qn
617 1894 714 1974 poeta
740 1890 882 1975 primum
910 1890 1011 1954 solius
1039 1889 1129 1974 lyrae
1156 1885 1199 1974 (v.
1220 1887 1291 1973 12),
1317 1889 1433 1955 deinde
1461 1889 1608 1955 solarum

322 1995 477 2060 tibiarum
505 1994 549 2083 (v.
570 1992 626 2083 79)
653 1997 851 2062 mentionem
879 1996 958 2061 fecit
980 1995 1195 2081 similiterque
1219 1995 1300 2061 0.'x
1317 1998 1360 2063 84
1383 2002 1417 2062 et
1434 1998 1493 2081 94,
1521 1997 1608 2062 unde

224 2143 231 2156 ·
322 2102 482 2170 Emestus
506 2102 590 2169 Graf
613 2104 648 2168 in
676 2104 892 2170 subtilissimo
917 2103 1003 2168 libro
1026 2103 1065 2168 de
1089 2102 1288 2169 Graecorum
1309 2108 1457 2170 veterum
1478 2126 1516 2169 re
1541 2127 1606 2169 mu-

322 2209 390 2275 sica
418 2233 448 2294 p.
472 2213 516 2275 40
544 2232 610 2275 non
638 2210 849 2297 singularem,
882 2211 938 2276 sed
965 2210 1155 2276 sollemnem
1182 2210 1285 2276 fuisse
1312 2211 1606 2276 instrumentorum

322 2316 568 2382 coniuncturum
588 2340 692 2384 usum.
733 2316 919 2384 (lanceatus
937 2324 1047 2384 autem
1066 2318 1222 2385 tibiarum
1240 2323 1274 2384 et
1292 2319 1502 2402 cithararum,
1521 2341 1605 2403 quac

320 2427 485 2489 συναυλία
499 2425 661 2512 audiebat,
678 2426 829 2510 inprimis
842 2426 878 2491 in
891 2426 1053 2511 prosodiis
1067 2449 1162 2492 suum
1176 2427 1285 2492 locum
1297 2426 1453 2492 babuisse
1467 2426 1606 2508 videtur,

321 2530 489 2616 quoniam,
521 2537 558 2597 ut
585 2532 773 2598 Theodorus
801 2532 961 2618 Reinach,
989 2556 1128 2620 corresp.
1151 2533 1226 2598 hell
1252 2535 1338 2601 1894
1365 2557 1396 2618 p.
1414 2536 1482 2600 604
1509 2534 1605 2598 docte

321 2639 485 2724 exposuit,
517 2645 551 2704 et
581 2641 616 2705 in
646 2663 768 2724 paeane
801 2641 993 2724 prosodiaco
1022 2640 1181 2725 Delphico
1208 2663 1311 2726 nuper
1337 2640 1373 2705 in
1399 2642 1506 2706 lucem
1533 2663 1606 2725 pro·

321 2748 427 2811 tracto
451 2768 525 2811 eum
548 2751 741 2832 usurpatum
764 2770 834 2814 esse
858 2770 971 2813 versus
994 2749 1074 2831 bsq.
1097 2748 1215 2813 docent

473 2909 549 2990 λιγὺ
573 2903 610 2972 dt
633 2909 736 2985 λωτὸς
758 2907 891 2994 βρέμων
913 2911 1041 2986 αἰόλοις
1063 2908 1195 2994 μέλεσιν
1219 2906 1311 2997 ᾠδὰν
1332 2907 1455 2996 sotsac,

473 3013 596 3099 χρυσέα
620 3013 652 3078 d'
672 3014 846 3103 ἁδύθρους
869 3019 1005 3101 κίθαρις
1027 3017 1183 3101 ὕμνοισιν
1206 3013 1441 3099 ἀναμέλπεται,

321 3177 354 3238 et
377 3173 412 3238 in
432 3175 576 3260 zophoro
595 3176 843 3258 septentrionali
863 3177 952 3242 aedis
970 3176 1135 3242 Minervae
1154 3177 1364 3242 Atheniensis
1383 3199 1486 3262 aeque
1506 3183 1603 3262 atque
1685 3187 1686 3250 Ξ

320 3280 355 3344 in
377 3281 511 3346 vasculo
534 3282 709 3366 antiquarii
729 3283 949 3349 Berolinensis
972 3307 1003 3348 n.
1021 3287 1106 3350 1686
1125 3284 1277 3350 tibicines
1295 3289 1330 3349 et
1347 3285 1496 3350 fidicines
1516 3307 1603 3370 pom·

320 3387 410 3471 pales
434 3389 669 3473 repraesentati
691 3395 777 3455 sunt.

410 3494 460 3560 De
484 3495 627 3561 motibus
652 3496 743 3562 chori
765 3497 801 3562 in
823 3498 971 3583 epiniciis
995 3497 1147 3564 canendis
1172 3499 1346 3564 subtiliora
1368 3500 1529 3583 quaedam
1551 3523 1601 3566 ex·
1685 3501 1686 3537 l

320 3601 464 3685 piscatus
496 3623 567 3668 esse
599 3604 663 3669 sibi
694 3603 823 3669 videtur
854 3604 1026 3671 Eduardus
1057 3604 1234 3689 Boehmer,
1270 3605 1407 3672 Pindars
1440 3607 1602 3673 sicilischc

320 3707 420 3793 Oden,
443 3709 537 3774 Bonn
558 3711 654 3796 1891,
677 3732 773 3797 quem
795 3711 918 3776 librum
939 3717 977 3777 ut
998 3712 1063 3797 ipsi
1086 3712 1253 3778 excutiant
1275 3713 1332 3797 qui
1350 3714 1445 3799 plura
1463 3715 1503 3779 de
1522 3715 1602 3780 diffi-

320 3815 375 3881 cili
407 3816 468 3882 hac
500 3839 535 3882 re
567 3839 700 3884 noscere
733 3817 849 3904 velint,
879 3824 1015 3907 rogatos
1046 3820 1153 3886 velim.
1203 3820 1277 3905 Ipse
1309 3843 1351 3886 ne
1380 3821 1444 3886 boc
1472 3821 1602 3905 quidem
1685 3837 1686 3840 ’

320 3927 444 3988 certum
467 3945 538 3990 esse
561 3925 643 3990 duco
667 3924 803 3992 chorum
826 3927 862 3991 in
884 3927 1085 3994 hemichoria
1107 3951 1234 4014 semper
1256 3929 1397 3996 divisum
1418 3933 1454 3995 et
1476 3929 1518 3994 ab
1537 3951 1601 3994 uno

319 4028 519 4097 hemichorio
552 4032 736 4118 stropham,
768 4034 808 4098 ab
836 4034 940 4100 altero
969 4036 1221 4122 antistropham,
1253 4038 1294 4102 ab
1321 4037 1473 4103 universo
1500 4037 1600 4102 choro
1685 4035 1686 4112 l

319 4137 458 4222 epodum
481 4143 628 4204 cantatas
652 4161 731 4206 esse.
772 4139 914 4207 Multum
937 4143 1024 4209 enim
1046 4143 1083 4208 in
1104 4143 1166 4209 hac
1188 4166 1224 4209 re
1241 4143 1400 4209 Pindarus
1424 4167 1445 4208 a
1463 4145 1600 4209 scenicis
1685 4127 1686 4204 ξ

318 4245 425 4328 poetis
448 4245 570 4310 Atticis
594 4246 715 4334 differt,
739 4249 825 4332 quod
847 4247 897 4312 illi
919 4270 987 4314 non
1011 4250 1117 4315 solum
1138 4251 1203 4334 fine
1227 4251 1380 4336 strophae
1403 4251 1600 4316 sententiam
1685 4247 1686 4326 l

318 4349 385 4416 fere
407 4352 653 4440 concludebant,
676 4354 731 4419 sed
750 4355 849 4420 etiam
867 4377 1112 4442 nonnumquam
1131 4362 1168 4423 ut
1187 4357 1323 4442 stropha
1341 4364 1375 4423 et
1394 4359 1600 4444 antistropha
1685 4355 1686 4412 ἕ

320 4456 531 4524 similitudine
563 4460 813 4544 sententiarum,
846 4463 926 4549 quin
958 4465 1036 4530 adeo
1069 4464 1243 4529 verborum
1275 4465 1337 4530 sibi
1368 4468 1599 4552 responderent
1685 4491 1686 4506 ἢ

319 4564 491 4650 curabant,
522 4573 637 4632 contra
665 4567 824 4634 Pindarus
856 4593 1087 4656 saepenumero
1119 4572 1155 4636 in
1181 4573 1244 4637 fine
1274 4572 1429 4658 strophae
1457 4577 1491 4638 et
1519 4574 1599 4638 anti·
1685 4615 1686 4632 λ

319 4670 474 4756 strophae
487 4673 620 4760 nullam,
635 4697 676 4739 ne
690 4675 860 4741 minimam
874 4676 1004 4760 quidem
1016 4678 1314 4762 interpunctionem
1328 4681 1447 4764 posuit.
1476 4679 1597 4756 Quodsi

318 4777 531 4844 nihilominus
554 4779 798 4846 Pindaricorum
827 4783 1007 4849 carminum
1031 4785 1185 4869 strophae
1208 4790 1241 4850 et
1264 4785 1489 4871 antistrophae
1511 4789 1597 4852 inter
