3417 5434
330 305 368 360 IV
867 308 1079 359 PRAEFATIO.

331 470 387 533 sed
412 468 587 533 editionem
607 470 734 553 qualem
752 493 837 534 nunc
857 469 923 534 iam
941 469 1047 555 magis
1066 491 1164 553 quam
1182 469 1259 533 olim
1279 467 1438 554 philologi
1458 473 1618 552 cuperent

331 580 478 644 pararem
498 559 738 623 commentariis
758 557 923 645 perpetuis
937 559 989 622 ins
992 563 1078 623 ttruc
1079 581 1140 622 am
1173 557 1282 659 Atque
1296 558 1415 622 dudum
1431 581 1482 621 me
1497 557 1615 622 biblio-

329 647 424 747 polae
442 647 665 712 honestissimi
680 647 838 731 adierant,
854 653 892 712 ut
905 647 1049 712 Dissenii
1063 647 1314 712 commentarios
1319 668 1427 730 ,quos
1442 645 1618 711 Schneide-

329 736 433 801 winus
458 758 689 822 recognoscere
714 743 747 801 et
765 739 915 837 supplere
935 736 1107 821 coepisset,
1130 736 1271 820 plenos
1261 759 1327 800 ram
1346 757 1617 821 recognoscerem

331 831 364 890 et
390 830 546 910 provecto
511 825 710 889 thuict
678 826 779 890 statui
805 826 994 910 disciplinae
1017 787 1235 911 phildlogicae
1258 826 1482 890 accommodat
1468 829 1519 888 tos
1543 826 1618 888 red-

329 915 445 979 derem.
494 914 558 978 Diu
586 915 775 1000 refragabar
802 921 835 979 et
863 915 1037 979 molestum
1061 936 1143 979 onus
1166 915 1303 978 infirmis
1327 913 1408 978 meis
1432 913 1617 978 cervicibus

327 1004 494 1089 imponere
514 1004 711 1068 dubitabam.
749 1003 835 1069 Nam
854 1003 999 1068 Dissenii
1018 1003 1256 1089 commentarii,
1280 1003 1426 1086 quamvis
1445 1003 1616 1087 elegantes

327 1098 360 1157 et
389 1093 515 1177 diserti,
543 1093 654 1157 multis
683 1116 722 1157 ex
749 1093 898 1178 partibus
926 1091 1006 1157 mihi
1030 1093 1246 1178 displicebant
1269 1098 1302 1156 et
1323 1114 1427 1156 noros
1451 1114 1617 1156 commen-

327 1182 429 1247 tarios
467 1181 690 1247 conscribendi
723 1204 833 1247 curam
866 1187 899 1246 et
931 1181 1177 1246 Wilamowitzii
1213 1182 1395 1246 doctrinam
1428 1180 1616 1245 aemulandi

327 1293 484 1336 conamen
507 1270 631 1335 viribus
653 1271 733 1336 meis
753 1273 879 1336 maiora
897 1293 967 1335 esse
986 1271 1144 1335 videbam.
1180 1269 1324 1335 Tandem
1343 1269 1516 1354 aliquando
1536 1292 1615 1334 cum

326 1359 476 1425 laborum
504 1361 617 1446 fugam
645 1365 773 1445 turpem
801 1383 872 1425 esse
894 1365 1097 1444 reputassem
1120 1365 1154 1424 et
1176 1359 1274 1424 etiam
1297 1360 1474 1424 mediocres
1499 1358 1615 1422 diluci-

327 1449 473 1514 dationes
507 1449 620 1515 multis
653 1455 764 1535 gratas
796 1450 867 1514 fore
899 1471 1029 1534 sperare
1061 1449 1257 1534 coepissem,
1292 1455 1330 1512 ut
1366 1449 1449 1513 hanc
1482 1470 1614 1531 quoque

326 1547 451 1622 partem
477 1537 582 1603 iustae
610 1538 762 1603 editionis
790 1539 825 1603 in
853 1561 905 1603 me
932 1539 1108 1624 reciperem
1136 1543 1318 1603 commotus
1347 1560 1427 1602 sum.
1473 1536 1612 1621 Triplici

327 1631 436 1691 antem
465 1628 561 1692 modo
591 1649 721 1712 operam
750 1650 857 1692 meam
883 1628 1025 1712 partitus
1053 1651 1135 1692 sum.
1180 1627 1266 1691 Nam
1294 1648 1376 1710 quae
1403 1648 1454 1690 res
1477 1648 1544 1691 non
1568 1627 1612 1688 ad

327 1738 428 1780 unum
458 1717 598 1800 aliquem
626 1739 756 1782 versum
784 1718 840 1782 sed
867 1718 908 1781 ad
936 1717 1046 1781 omnia
1067 1715 1199 1780 Pindari
1226 1718 1369 1781 carmina
1391 1715 1613 1800 pertinebant,

327 1827 380 1870 eas
405 1805 439 1868 in
457 1804 768 1891 Prolegomenorum
791 1806 885 1870 libris
908 1806 1007 1870 tertio
1032 1811 1064 1870 et
1088 1806 1202 1889 quinto
1221 1805 1425 1889 pertractavi.
1463 1804 1612 1890 Singulis

327 1916 403 1959 vero
428 1894 625 1960 carminibus
648 1895 887 1960 introductoria
910 1900 1093 1961 commenta
1113 1895 1281 1981 praemisi,
1303 1894 1421 1978 quibus
1440 1915 1614 1978 argumen-

327 1988 396 2048 tum
421 1989 454 2048 et
478 1985 712 2049 sententiarum
735 2007 853 2049 nexum
877 1985 1035 2068 aperirem
1058 1989 1092 2048 et
1115 2006 1196 2068 qnae
1220 1984 1258 2048 de
1280 1983 1404 2048 victore
1428 2004 1555 2067 quoque
1577 1988 1612 2046 et

327 2072 459 2138 civitate
488 2073 617 2138 aliunde
644 2074 765 2138 tradita
790 2079 899 2138 essent
922 2094 1157 2158 componerem.
1203 2072 1352 2156 Denique
1374 2072 1410 2136 in
1433 2071 1611 2157 exegeticis
1671 2091 1674 2096 ¹

326 2162 567 2227 commentariis
596 2163 700 2227 textui
729 2163 885 2228 subiectis
908 2163 1078 2248 perplexos
1101 2162 1192 2227 locos
1215 2162 1367 2247 enodare,
1394 2183 1502 2225 rerum
1526 2160 1611 2224 diffi-

326 2251 463 2316 cultates
491 2252 653 2336 expedire,
680 2251 807 2318 dicendi
834 2274 930 2317 usum
963 2252 1107 2336 artisque
1133 2273 1266 2316 veneres
1291 2251 1454 2315 illustrare
1486 2249 1611 2332 studui,

326 2345 363 2404 ut
386 2339 542 2424 quidquid
565 2340 686 2406 lumine
709 2341 989 2426 interpretationis
1007 2340 1182 2426 indigeret,
1204 2341 1291 2405 sicco
1310 2340 1390 2424 pede
1408 2338 1609 2403 transilirem

325 2429 417 2493 nihil.
463 2427 525 2494 His
555 2435 665 2494 autem
691 2430 726 2495 in
753 2431 850 2494 rebus
879 2430 1030 2495 omnibus
1057 2430 1203 2494 virorum
1229 2431 1412 2513 doctorum,
1444 2429 1499 2511 qui
1531 2433 1610 2491 ante

326 2541 377 2582 me
400 2517 532 2582 Pindari
556 2520 699 2584 carmina
722 2520 933 2584 commentati
951 2523 1057 2601 erant,
1081 2519 1234 2584 subsidiis
1255 2519 1380 2602 sedule,
1403 2523 1440 2581 ut
1458 2539 1517 2602 par
1534 2517 1611 2599 fuit,

326 2630 404 2672 usus
434 2631 513 2673 sum.
559 2607 668 2693 Atque
695 2609 861 2692 profectus
890 2632 962 2673 sum
989 2631 1009 2672 a
1035 2609 1200 2673 veteribus
1227 2608 1374 2693 scholiis,
1406 2628 1545 2691 quorum
1572 2607 1610 2669 in

327 2698 424 2762 rebus
457 2697 623 2762 historicis
652 2699 752 2762 rerba
778 2698 850 2782 ipsa
878 2698 988 2781 attuli,
1020 2702 1053 2761 et
1080 2699 1121 2761 ab
1150 2696 1360 2782 amplissimis
1388 2695 1546 2760 Boeclrhii
1575 2699 1610 2759 et

325 2785 469 2850 Dissenii
502 2787 758 2871 commentariis,
791 2809 829 2850 ex
863 2787 980 2870 quibus
1013 2786 1166 2872 pleraque
1198 2809 1249 2850 me
1281 2791 1397 2851 mutua
1428 2785 1609 2870 sumpsisse

327 2880 420 2961 grato
445 2875 553 2939 animo
577 2876 743 2939 confiteor.
784 2875 847 2939 Sed
869 2877 973 2940 multa
992 2877 1091 2940 etiam
1110 2875 1191 2940 mihi
1211 2876 1459 2960 suppeditarunt
1477 2879 1608 2959 praeter

325 2963 483 3028 editiones
507 2969 540 3028 61
563 2964 854 3030 commentationes
879 2964 1008 3029 criticas
1032 2962 1075 3052 (v.
1094 2989 1124 3049 p.
1138 2963 1203 3028 XII
1218 2963 1272 3051 a),
1296 2965 1413 3048 quibus
1437 2969 1607 3046 tamquam

325 3053 535 3118 fundamento
573 3076 684 3118 sanam
720 3053 1022 3138 interpretationem
1055 3054 1117 3118 niti
1150 3059 1293 3137 oportet,
1330 3053 1471 3117 editores
1501 3052 1606 3116 Maur.

257 3209 260 3218 .
327 3140 475 3208 Schmidt
516 3145 601 3209 1869
623 3195 631 3226 ,
655 3143 789 3208 Fennell
813 3140 946 3230 (1883),
971 3144 1058 3227 Bury
1082 3141 1213 3228 (1890),
1237 3142 1453 3207 Gildersleeve
1477 3139 1606 3228 (1890),

324 3231 485 3296 Boehmer
516 3233 597 3298 1891
621 3283 631 3317 ,
644 3233 838 3316 interpretes
852 3231 1009 3297 Thiersch
1024 3230 1157 3320 (1820),
1171 3231 1354 3298 Fraccaroli
1368 3229 1500 3318 (1892),
1519 3253 1605 3295 com-

325 3325 522 3385 mentatores
557 3321 699 3407 Merger,
734 3320 871 3386 Pindars
904 3321 1117 3407 Siegeslieder
1148 3319 1279 3408 (1880),
1315 3320 1413 3406 Leop.
1447 3319 1604 3402 Schmidt,

324 3409 459 3474 Pindars
486 3409 597 3474 Leben
632 3410 698 3474 und
728 3409 898 3496 Dichtung
924 3408 1066 3497 (1862),
1098 3411 1157 3474 Ed.
1184 3410 1362 3493 Luebbert,
1397 3409 1605 3474 Meletemata

324 3498 495 3563 Pindarico
538 3497 739 3586 1878-89),
766 3499 988 3584 Ι)ιιιο1ιιιιιιιιιι,
1016 3498 1065 3564 De
1092 3499 1308 3564 recentiorum
1335 3499 1605 3583 interpretatione

323 3587 495 3652 Pindarica
535 3587 650 3675 1891),
676 3587 768 3654 Tafel
796 3587 1036 3654 Rauchenstein
1063 3589 1289 3675 Furtwtingler
1317 3588 1354 3652 de
1377 3588 1489 3674 Jongh
1517 3587 1605 3652 Frie-
1707 3592 1708 3621 ¹

325 3676 452 3742 derichs
470 3675 630 3760 Jurenka,
650 3701 731 3764 quos
752 3701 863 3744 omnes
882 3700 921 3742 60
940 3678 1046 3764 magis
1064 3678 1127 3744 hoc
1145 3679 1217 3743 loco
1236 3701 1309 3742 cum
1324 3678 1447 3743 honore
1460 3677 1605 3760 nomino,
1707 3661 1708 3743 i

325 3767 410 3852 quod
434 3789 515 3850 quae
539 3767 676 3854 singulis
699 3767 779 3833 locis
802 3768 843 3832 iis
867 3768 1016 3832 deberem
1040 3768 1159 3832 referre
1182 3767 1279 3832 nimis
1300 3767 1436 3853 longum
1454 3772 1488 3831 61
1506 3766 1605 3830 mole-

324 3860 412 3920 stum
435 3877 505 3920 esse
528 3856 613 3921 duxi.

412 3943 464 4009 Ad
487 3951 667 4011 extremum
691 3946 817 4029 amicis,
841 3947 896 4031 qui
914 3947 949 4010 in
967 3946 1068 4011 ardua
1086 3951 1120 4010 et
1138 3946 1246 4030 ampla
1264 3947 1325 4010 hac
1344 3967 1442 4031 opera
1459 3967 1511 4009 me
1529 3966 1604 4009 con·

323 4033 397 4099 silio
426 4033 556 4118 scriptis
584 4035 717 4100 monitis
748 4035 955 4120 adiuverunt,
987 4035 1110 4121 gratias
1138 4057 1201 4120 ago
1230 4058 1327 4120 quam
1354 4035 1525 4117 maximas,
1556 4035 1604 4097 in·

323 4123 436 4207 primis
465 4121 603 4188 Oarolo
631 4123 798 4189 Rhckt
766 4129 798 4188 et
827 4123 996 4210 Georgio
1024 4124 1125 4188 Karo
1153 4129 1187 4188 et
1214 4123 1262 4188 Ot
1267 4125 1351 4189 toni
1375 4122 1603 4207 Schroeder,

324 4235 379 4296 qm
371 4212 476 4278 'locis
496 4213 602 4279 dubiis
618 4214 743 4278 codices
758 4212 936 4278 Vaticanus
951 4220 984 4278 et
998 4213 1160 4314 Mediceos
1175 4213 1302 4279 denuo'
1293 4237 1329 4277 m
1342 4236 1447 4278 meam
1461 4217 1536 4298 grat
1536 4212 1603 4276 iam
1706 4272 1707 4295 ,

323 4307 546 4388 excusserunt,
564 4301 745 4368 etIosefo
764 4301 918 4367 Hirmer
921 4301 1005 4386 ,qui
1023 4301 1059 4365 in
1077 4303 1218 4389 plagulis
1238 4303 1437 4390 corrigendis
1456 4324 1602 4366 meorum
1706 4298 1708 4315 i

323 4389 491 4456 ocidorum
513 4325 705 4478 hinguorem
727 4354 961 4456 humanissirire
985 4392 1175 4457 sublevavit.

412 4533 616 4602 Monachii
