3417 5434
635 1239 791 1293 ΠΤΘΙΟΝ,
810 1239 844 1294 Ι’.

352 1404 731 1489 ΙΠΠΟΚΛΕΑι
777 1403 1122 1490 ΘΕΣΣΑΛΩι

534 1600 637 1651 ΠΑΙΔΙ
656 1598 941 1650 ΔΙΑΤΛΟΔΡΟΜΩι.

649 1883 826 1954 Strophae.

612 3333 853 3414 Argumentum.

182 3461 364 3538 Hippocleas
391 3462 528 3522 Phrieiae
556 3462 636 3521 filius
660 3454 701 3543 (v.
722 3453 771 3542 16)
794 3462 975 3522 Pelinnaeus
1001 3463 1149 3539 Pythiade
1175 3466 1214 3522 22
1240 3489 1282 3511 =
1307 3465 1371 3526 502

89 3545 190 3634 (498)
213 3570 239 3610 a.
259 3549 326 3609 Chr.
345 3571 421 3627 puer
443 3551 546 3611 diaulc
570 3553 694 3628 Delphis
716 3552 797 3612 uicit.
834 3551 972 3612 Eundem
995 3571 1055 3612 non
1078 3553 1175 3613 solum
1198 3556 1303 3630 postea
1325 3554 1371 3612 his

89 3640 246 3719 Olympia,
268 3640 430 3700 sedetiam
449 3641 552 3701 eadem
571 3641 718 3717 Pythiade
737 3641 833 3702 stadio
853 3641 960 3701 uicisse
979 3641 1092 3703 scholia
1110 3642 1244 3716 tradunt,
1263 3643 1372 3719 quibus

89 3731 120 3790 in
146 3729 206 3790 tali
228 3749 260 3789 re
284 3729 407 3806 obloqui
431 3730 552 3790 difficile
576 3734 633 3808 est,
662 3731 799 3808 quemuis
827 3732 988 3792 admodum
1011 3733 1121 3791 mirum
1144 3732 1184 3791 sit
1207 3731 1371 3792 Pindarum

76 3819 224 3897 'duplicis
238 3818 390 3898 uictoriae,
411 3839 472 3896 qua
490 3820 618 3898 gloriam
631 3820 754 3880 uictoris
771 3840 831 3881 mom
850 3821 1039 3882 mediocriter
1058 3823 1177 3882 anetem
1196 3839 1258 3881 esse
1277 3825 1370 3899 patet,

89 3909 275 3969 mentionem
307 3927 367 3968 non
396 3909 509 3971 fecisse.
554 3910 659 3987 Neque
689 3909 820 3968 multum
850 3910 989 3987 equidem
1017 3910 1118 3970 hibuc
1149 3910 1292 3971 Boeehhii
1323 3931 1369 3970 en-

89 3997 255 4075 cusationi,
279 3996 335 4074 qui'
355 3998 517 4059 scholiasta
545 3999 619 4060 duce
646 3998 748 4076 plures
769 4001 875 4075 poetas
900 3999 937 4058 ad
960 3999 1169 4060 celebrandum
1192 3999 1369 4076 Hippoclem

88 4088 236 4149 inritatos
260 4090 291 4146 et
308 4087 437 4148 Pindaro
461 4088 555 4147 soline
573 4088 674 4149 diuulo
693 4088 837 4148 uictoriae
856 4088 1053 4148 illustrandae
1072 4107 1181 4148 munus
1200 4089 1368 4149 iniunctum

89 4197 153 4239 esse
172 4175 289 4236 statuit.
321 4176 417 4236 Immo
434 4177 546 4237 maiore
562 4178 652 4238 laude
668 4177 796 4254 duplicis
813 4197 919 4238 cursus
936 4177 1153 4256 drovlcdoo'pcv
1171 4170 1212 4259 (v.
1229 4171 1260 4260 9)
1274 4177 1369 4238 mino·

89 4288 154 4328 rem
173 4266 293 4326 leudem
315 4265 459 4326 victoriae
481 4267 625 4344 simplicis
648 4267 739 4326 stadii
762 4267 910 4327 elevatam
933 4270 964 4327 et
983 4268 1070 4344 quasi
1093 4267 1282 4327 obscuratam
1306 4287 1368 4328 esse

89 4355 274 4417 crediderim.
312 4355 413 4425 Quid?
436 4356 516 4433 quod
538 4357 687 4416 Pindarus
705 4356 769 4434 ipse
787 4377 835 4416 vv.
850 4368 884 4416 26
904 4359 934 4417 et
953 4367 986 4416 58
1005 4357 1118 4434 plurali
1136 4355 1288 4433 στεφάνων
1307 4375 1367 4416 non

88 4465 193 4523 unam,
212 4445 263 4504 sed
281 4446 383 4521 pluras
401 4445 543 4506 uictorias
560 4446 703 4523 Pythicae
722 4446 864 4522 Hippoeli
878 4445 1020 4524 obtigisse
1035 4445 1223 4525 significauit.
1240 4478 1281 4487 —
1298 4445 1367 4505 Gar·

89 4555 158 4595 men
172 4534 343 4594 faciendum
356 4537 465 4612 pectus
478 4537 544 4595 arat
557 4537 685 4613 Thorax,
699 4536 752 4612 qui
766 4539 873 4611 poetae
887 4535 994 4612 hospes
1010 4539 1074 4596 erat
1088 4528 1130 4617 (r.
1145 4527 1194 4618 64)
1209 4537 1240 4594 et
1253 4535 1367 4612 Hippo·

89 4627 167 4685 clem
188 4643 315 4702 puerum
338 4625 370 4684 in
394 4624 502 4684 diliciis
524 4625 661 4685 habebat.
699 4625 729 4685 Is
756 4625 818 4683 fnit
838 4643 917 4684 unus
941 4645 976 4684 ex
999 4625 1095 4684 tribus
1117 4623 1261 4684 fratribus
1283 4624 1366 4685 nobi-

88 4715 222 4775 lissimae
241 4713 339 4792 gentis
358 4714 571 4792 Aleucdarum,
590 4715 728 4792 quitum
746 4715 890 4791 temporis
909 4713 1045 4773 Larissae
1064 4713 1132 4773 urbi
1150 4714 1366 4791 imperitabant

91 4798 132 4884 (r,
150 4803 261 4863 Herod.
284 4821 316 4860 rx
340 4795 398 4883 58).
439 4803 576 4863 Larissae
604 4824 723 4881 qnoque
752 4804 790 4863 ad
817 4805 950 4863 Peneum
978 4803 1088 4863 flumen
1113 4795 1154 4885 (v.
1174 4797 1222 4883 te)
1246 4823 1364 4865 carmen
