3417 5434
861 1192 1026 1248 ΙΣΘΜΙΟΝ.
1046 1192 1085 1246 ς’.

570 1357 961 1442 ΦΤΛΑΚΙΔΑι
1007 1356 1374 1440 ΑΙΓΙΝΗΤΗι

858 1550 1089 1602 narramus.

424 3782 509 3853 Quod
532 3784 562 3841 ih
586 3782 732 3858 principio
757 3783 870 3861 egregii
892 3783 1032 3842 carminis
1055 3787 1146 3859 poeta
1168 3783 1299 3841 alterum
1317 3786 1434 3843 cratera
1457 3785 1612 3844 Musarum

335 3893 366 3933 se
389 3873 508 3933 mittere
532 3872 613 3949 dicii,
632 3872 688 3931 hoc
707 3874 821 3931 veteres
839 3872 1009 3931 redactores
1027 3872 1193 3931 carminum
1213 3870 1335 3929 Pindari
1354 3872 1399 3932 ita
1421 3873 1613 3951 interpretati

335 3967 419 4041 sunt,
448 3966 603 4039 tamquam
631 3961 687 4021 hoc
715 3980 834 4020 carmen
862 3964 980 4020 sextum
1007 3964 1075 4036 post
1099 3960 1238 4036 quintum
1262 3960 1408 4037 scriptum
1431 3962 1479 4021 sih
1527 3964 1613 4035 Quod

336 4054 446 4110 salsum
466 4070 529 4110 esse
549 4050 616 4110 iude
637 4054 770 4127 apparet,
791 4051 872 4127 quod
890 4050 922 4109 in
940 4050 996 4109 hoc
1015 4050 1145 4109 carmine
1162 4041 1259 4131 (3-7)
1278 4069 1340 4109 uua
1358 4050 1487 4111 victoria
1506 4054 1612 4130 Phyla-

335 4141 418 4201 cidae
447 4140 590 4200 Isthmica
618 4142 881 4217 commemoratur,
909 4139 939 4197 in
967 4138 1171 4215 praecedentis
1195 4139 1334 4199 carminis
1356 4160 1447 4201 versu
1471 4154 1505 4201 17
1528 4143 1611 4203 duae.

337 4230 470 4289 Priorem
497 4229 593 4307 igitur
620 4231 736 4289 cratera
764 4230 918 4289 Musarum
945 4232 1035 4305 poeta
1062 4246 1125 4288 esse
1147 4228 1246 4287 voluit
1267 4247 1327 4288 uon
1350 4230 1528 4290 Isthmicum
1551 4252 1611 4291 car·

337 4339 403 4379 meu
423 4318 573 4397 quinium,
594 4318 644 4377 sed
663 4318 844 4378 Nemeaeum
868 4318 1017 4395 quintum.
1053 4318 1160 4394 Neque
1180 4318 1306 4395 longum
1323 4318 1518 4378 intervallum
1536 4322 1613 4380 iuter

336 4409 469 4469 carmina
490 4409 513 4466 Ι.
534 4426 566 4467 vr
589 4410 619 4467 et
641 4408 678 4466 N.
699 4426 717 4467 v
740 4408 940 4467 iuheroessisse
963 4407 1150 4484 crediderim,
1179 4407 1322 4484 quoniam
1346 4408 1501 4468 exordium
1523 4410 1612 4470 huius

336 4498 475 4557 carminis
494 4498 623 4557 alterum
638 4516 757 4556 carmen
771 4496 858 4573 quasi
872 4495 964 4573 paulo
980 4500 1049 4556 aute
1063 4497 1178 4556 factum
1191 4495 1309 4572 excipit.
1336 4496 1409 4556 Inde
1429 4498 1563 4559 conicere
1582 4500 1610 4557 iu

336 4586 495 4663 propatulo
510 4589 554 4646 esi
570 4586 645 4645 hauc
660 4586 816 4645 victoriam
830 4585 1012 4662 Phylacidae
1026 4586 1201 4645 Isthmicum
1215 4583 1365 4663 01.74‚4,
1380 4585 1443 4646 sive
1458 4606 1527 4647 vere
1541 4588 1610 4648 auni

337 4679 401 4733 480
421 4694 447 4734 a.
467 4674 534 4734 Ohr.
553 4678 670 4751 partam
694 4692 766 4751 esse,
789 4675 838 4734 eui
862 4676 988 4751 tempori
1011 4675 1042 4733 id
1065 4694 1185 4751 quoque
1208 4674 1355 4753 convenii,
1379 4676 1461 4752 quod
1480 4675 1611 4755 Olympii

338 4763 414 4842 ludi,
444 4783 519 4840 quos
549 4769 603 4823 aut
632 4764 828 4840 Phylacidam
858 4766 924 4843 aui,
953 4765 1034 4841 quod
1061 4764 1158 4843 magis
1184 4763 1332 4843 putarim,
1359 4763 1510 4843 Pythoum
1532 4768 1611 4828 obire
