3417 5434
482 366 531 420 IIl.
559 366 609 417 DE
628 366 737 417 LUDIS
757 366 803 416 ET
821 365 998 418 EPINICllS.
1307 361 1381 416 LXV

80 517 240 592 minibus
265 528 440 594 coniuncta
463 529 578 613 fuisse,
609 528 643 592 id
667 529 753 612 qnod
778 526 935 591 Pindarus
962 528 1032 613 ipse
1060 526 1226 611 praedicat
1250 524 1285 590 Ο.
1305 544 1328 589 v
1347 528 1381 590 5:

80 638 230 718 βωμοὺς
249 633 283 712 ἓξ
303 635 466 719 διδύμους
485 633 639 719 ἑγέμαρευ
659 632 787 719 ἑορταῖς
804 639 897 698 θεῶν
913 636 1081 718 μεγίσταις
1095 634 1160 698 ὑπὸ
1180 637 1383 717 βουθυσίαις

83 739 232 806 ἀέθλων
256 765 291 806 τε
314 742 538 826 πεμπαμέροις
561 741 721 826 ἁμίλλαις.
730 739 755 828 ¹)
796 740 848 805 Ad
873 763 965 806 sacra
993 746 1101 805 autem
1131 747 1163 805 et
1191 740 1381 825 religionem

83 847 250 913 ludorum
264 837 508 934 Olympieorum
532 847 595 912 hoc
614 869 741 931 quoque
765 847 916 932 pertinet,
939 847 1025 932 quod
1044 847 1100 930 qui
1119 848 1296 912 certamina
1315 848 1383 910 obi-

83 957 192 1040 bant,
215 955 408 1041 priusquam
429 955 464 1020 in
488 977 618 1020 arenam
641 956 885 1039 descenderent,
908 954 1041 1019 deorum
1064 954 1221 1019 auxilinm
1239 953 1382 1019 victimis

84 1063 252 1128 mactatis
271 1061 531 1150 implorabantl),
555 1067 588 1127 et
607 1068 698 1128 vates
718 1062 879 1148 (μάντεις)
899 1062 982 1127 extis
1001 1062 1207 1126 victimarum
1225 1060 1382 1145 inspeetis

84 1171 220 1235 exitum
248 1170 463 1237 certaminum
487 1170 739 1256 augurabantur.
779 1169 1004 1235 Romanorum
1032 1191 1108 1234 vero
1137 1169 1175 1233 de
1203 1168 1287 1233 ludia
1316 1190 1383 1232 sae-

85 1277 263 1342 cularibus
287 1301 315 1341 a.
336 1279 399 1343 737
424 1299 454 1340 u
481 1299 507 1342 c.
527 1307 569 1330 =
590 1279 629 1342 17
655 1300 682 1342 a.
703 1276 776 1343 Chr.
803 1276 961 1341 faciendis
988 1276 1084 1362 plane
1113 1280 1146 1340 et
1173 1275 1321 1340 disertim
1348 1275 1382 1338 in

85 1384 340 1449 commentariis
364 1407 468 1469 nuper
487 1384 624 1469 repertis
644 1389 853 1469 pracceptum
873 1389 932 1468 est,
955 1387 992 1448 ut
1010 1383 1124 1468 primis
1144 1383 1248 1447 tribus
1268 1382 1382 1447 diebus

85 1491 313 1574 noctibusque
337 1490 408 1556 Iovi
431 1491 550 1556 Iunoni
574 1489 696 1555 Telluri
719 1489 865 1576 Apollini
888 1490 1018 1574 Ilithyis
1042 1489 1115 1554 aliis
1139 1489 1200 1553 diis
1225 1488 1384 1554 sacrificia

86 1595 211 1663 fiere'nt
245 1605 343 1682 atque
378 1619 507 1664 carmen
539 1619 667 1663 sacrum
695 1620 714 1661 a
741 1597 850 1683 pueris
879 1597 1125 1682 virginibusque
1156 1596 1192 1660 in
1223 1596 1381 1661 honorem

87 1705 310 1770 Latoidarum
331 1705 482 1789 Iovisque
506 1709 685 1789 caneretur,
708 1709 741 1768 et
760 1709 831 1768 tum
850 1705 980 1769 demum
998 1709 1105 1768 metae
1122 1709 1329 1789 ponerentur,
1348 1710 1382 1768 et

86 1817 223 1897 septem
251 1812 380 1896 diebus,
413 1833 494 1895 quos
524 1811 624 1878 sacris
658 1811 763 1876 tribus
796 1811 911 1877 diebus
944 1811 1145 1876 athlethetae
1178 1811 1383 1895 adiecissent,

88 1918 165 1984 ludi
190 1919 357 1984 honorarii
381 1924 562 2004 agerentur.

492 2114 546 2179 De
573 2115 694 2180 variis
723 2115 826 2180 ludis
855 2115 983 2182 statis.

184 2241 238 2305 Ex
260 2240 346 2304 ludis
370 2239 466 2304 statis
491 2238 666 2326 Olympici,
689 2242 745 2325 qui
768 2263 795 2306 a.
816 2243 880 2306 776
905 2265 932 2306 a.
952 2239 1028 2306 Chr.
1051 2241 1174 2306 conditi
1198 2246 1288 2326 sunt,
1315 2262 1382 2306 non

88 2349 203 2412 solum
228 2346 441 2431 sanctissimi,
469 2346 646 2411 sedetiam
670 2347 891 2431 antiquissimi
919 2348 1064 2413 omnium
1092 2347 1194 2412 fuisse
1221 2349 1381 2413 videntur.

88 2453 302 2537 Quamquam
329 2452 417 2518 enim
443 2453 622 2519 Pausanias
642 2471 665 2516 v
684 2456 704 2520 2
711 2504 720 2539 ,
741 2456 757 2518 1
786 2456 835 2520 ita
861 2455 1021 2540 loquitur,
1048 2459 1215 2538 tamquam
1242 2453 1382 2520 Isthmia

88 2561 161 2626 iam
192 2564 267 2624 aeta
299 2559 421 2626 fuerint
452 2566 627 2645 antequam
655 2560 842 2647 Olympicos
876 2561 969 2628 ludos
997 2561 1156 2627 Hercules
1184 2561 1382 2646 institueret,

88 2673 207 2732 tamen
230 2667 328 2754 longe
351 2672 426 2752 post
449 2666 637 2754 Olympicus
661 2669 809 2736 Isthmiei
832 2669 1008 2735 instaurati
1035 2673 1069 2734 et
1091 2669 1240 2754 legitimo
1269 2668 1381 2733 ordine

89 2775 148 2860 agi
174 2773 283 2860 coepti
307 2779 393 2840 sunt.
434 2775 598 2840 Eusebius
621 2776 707 2842 enim
727 2775 776 2842 Ol.
795 2778 848 2862 49,
867 2775 921 2862 4³)
941 2808 983 2831 =
1003 2777 1069 2842 580
1087 2801 1114 2841 a
1135 2774 1209 2840 Chr.
1242 2775 1382 2840 Isthmia

89 2883 237 2966 primum
257 2886 331 2947 acta
349 2903 419 2946 esse
438 2881 539 2948 refert
556 2889 632 2968 post
650 2883 859 2970 Melicertem,
878 2885 970 2949 cuius
987 2885 1023 2948 in
1041 2883 1199 2949 honorem
1217 2882 1381 2968 mythicos

89 2989 272 3054 Isthmicos
296 2988 391 3054 ludos
415 2989 567 3054 funebres
590 2989 694 3056 factos
719 3014 788 3057 esse
812 2991 1056 3076 fabulabantur,
1088 2997 1121 3056 et
1149 2995 1224 3075 post
1251 2991 1381 3055 institu-

89 3097 219 3160 tionem
255 3095 457 3180 Pythiorum.
515 3099 623 3183 Atque
661 3099 742 3164 bene
782 3098 1050 3186 chronographus
1087 3098 1262 3164 Isthmicos
1304 3103 1381 3183 post

89 3201 232 3287 Pythius
269 3203 441 3268 institutos
479 3226 549 3268 esse
582 3204 677 3290 dicit,
698 3206 979 3288 *quandoquidem
1016 3206 1066 3288 hi,
1104 3228 1178 3274 cum
1211 3205 1259 3271 Ol.
1283 3207 1380 3289 47,2

90 3307 214 3374 Cirrha
244 3309 324 3374 urbe
358 3315 453 3395 cepta
483 3311 626 3395 primum
657 3313 806 3398 concepti
840 3319 961 3397 essent,
1000 3313 1048 3379 Ol
1071 3316 1173 3400 49,3
1206 3313 1380 3378 sollemnes

90 3417 174 3482 facti
199 3422 286 3482 sunt.
327 3416 405 3482 Non
432 3418 528 3504 longe
557 3419 598 3482 ab
625 3418 677 3483 his
706 3419 799 3506 origo
826 3420 1062 3487 Nemeaeorum
1091 3421 1242 3485 ludorum
1270 3421 1380 3503 distat,

93 3547 178 3610 quos
203 3547 277 3590 cum
300 3524 436 3590 Eusebii
460 3525 566 3590 versio
589 3525 763 3592 Armenios
783 3526 831 3592 Ol.
851 3531 903 3612 51,
922 3531 953 3612 4,
975 3528 1195 3613 Hieronymus
1218 3527 1380 3612 interpres

91 3631 141 3696 Ol
161 3633 259 3716 52‚1
285 3632 433 3698 conditos
457 3655 528 3698 esse
551 3634 758 3720 perhibeant,
787 3635 930 3721 priorem
957 3636 1161 3700 notationem
1189 3657 1287 3700 unam
1315 3657 1381 3699 arn·

91 3739 180 3824 plexi
209 3761 337 3822 sumna,
368 3739 521 3823 quoniam
549 3741 698 3826 paribus,
728 3764 795 3807 non
821 3743 1002 3827 imparibus
1030 3743 1123 3807 annis
1152 3741 1379 3826 Olympiadum

93 3847 219 3912 Nemea
242 3852 317 3912 acta
345 3869 415 3912 esse
446 3847 570 3912 affatim
601 3853 737 3914 constat.
779 3848 858 3914 Tres
885 3850 989 3935 igitur
1015 3849 1083 3914 ludi
1112 3849 1210 3934 sacri,
1241 3871 1380 3933 quorum

93 3955 238 4040 dignitas
259 3959 335 4038 post
350 3951 538 4039 fflympioos
558 3955 700 4021 maxima
719 3962 798 4042 erat,
817 3957 931 4022 eodem
945 3957 1012 4022 fere
1026 3962 1182 4042 tempore,
1201 3953 1379 4020 Clisthenis

93 4067 124 4126 et
143 4061 324 4146 Periandri,
349 4066 386 4125 ut
404 4061 540 4147 videtur,
560 4062 697 4130 consilio
717 4068 750 4128 et
770 4064 965 4129 auctoritate
985 4064 1107 4130 conditi
1126 4069 1211 4128 sunt.
1249 4063 1379 4147 Reliqui

92 4169 251 4254 ludique
280 4189 365 4233 anno
394 4167 513 4253 quique
542 4170 684 4254 primum
712 4171 777 4235 acti
806 4171 886 4250 sint,
919 4177 1019 4236 testes
1052 4171 1170 4235 desunt
1201 4177 1305 4254 neque
1338 4170 1379 4234 ad

93 4275 224 4341 Pindari
258 4275 403 4340 carmina
433 4275 678 4360 interpretanda
710 4277 850 4343 multum
881 4302 920 4342 ea
946 4301 1042 4343 nosse
1075 4278 1183 4342 refert.
1228 4276 1379 4361 Plerique

92 4391 199 4450 autern
217 4389 311 4448 sexto
327 4382 457 4447 saeculo
472 4406 498 4448 a.
515 4381 589 4448 Ohr.
604 4384 748 4448 instituti
763 4385 824 4469 vel,
840 4390 877 4449 ut
896 4385 1078 4450 accuratius
1093 4385 1216 4469 loquar,
1235 4385 1379 4470 antiquis

182 4617 209 4682 1)
229 4612 264 4666 cf.
286 4611 423 4667 N.1x11.
442 4618 517 4668 xes.
543 4611 574 4668 Ο.
590 4619 685 4668 vnto.

181 4691 208 4752 a)
228 4685 315 4738 Pana.
336 4689 392 4750 va,
407 4689 431 4738 3.

96 4756 272 4884 Ameppcgll.
288 4761 371 4822 49,4
394 4755 508 4810 exhibet
530 4757 693 4826 Hieronymi
717 4758 820 4826 versio,
851 4758 988 4827 01.so,1
1015 4757 1107 4811 minus
1132 4761 1262 4812 accurate
1286 4757 1378 4812 tersio

143 4931 270 4972 Pisanus
287 4927 324 4967 sd.
340 4925 443 4969 Christ.
1149 4937 1164 4972 e
