3417 5434
808 321 954 372 PINDARI
975 319 1142 371 EPINICIA.

595 481 729 546 σπεύδει
753 483 939 567 Καμαρίνᾳ.
984 481 1065 554 θεὸς
1087 479 1223 562 εὔφρων

595 593 646 670 είη
670 593 800 663 λοιπαῖς
823 587 947 671 εὐχαῖς·

518 711 549 757 ιο
597 693 669 758 έπεί
688 719 743 758 νιν
767 691 866 758 αίνέω
889 694 976 777 μάλα
998 697 1059 778 μὲν

640 812 780 885 τροφαῖς
804 797 936 884 ἑτοῖμον
959 801 1084 880 ἵππων,

594 907 752 991 χαίροντά
775 930 810 971 τε
833 905 955 984 ξενίαις
977 908 1158 980 πανδόκοις
1372 923 1406 968 25

595 1013 649 1079 καλ
672 1015 756 1100 πρὸς
777 1014 919 1098 ἡσυχίαν
942 1015 1122 1098 φιλόπολιν
1143 1017 1277 1097 καθαρᾷ

595 1123 710 1208 γνώμᾳ
732 1120 964 1205 τετραμμένον.

596 1228 636 1291 οὐ
660 1229 778 1304 ψεύδει·
799 1226 901 1310 τέγξω

516 1361 530 1397 ·.
596 1336 709 1416 λόγον·
734 1334 888 1418 διάπειρά
911 1358 963 1398 τοι
985 1336 1117 1418 βροτῶν
1140 1337 1283 1417 ἔλεγχος·
1372 1351 1407 1397 30

597 1529 680 1615 άπερ
704 1527 893 1614 Κλυμένοιο
915 1531 1019 1593 παῖδα
1294 1527 1361 1592 Ἐπ.

597 1637 801 1720 Λαμνιάδων
823 1648 993 1718 γυναικῶν
1431 1632 1434 1635 ’

596 1745 714 1807 ἔλυσεν
737 1741 769 1820 ἐξ
794 1742 934 1826 άτιμίας.

595 1848 764 1936 χαλκέοισι
788 1848 817 1912 δ’
847 1849 883 1912 έν
906 1851 1012 1912 ἔντεσι
1035 1860 1139 1912 νικῶν
1163 1850 1290 1933 δρόμον
1371 1868 1405 1913 35

517 1977 531 2020 ι
597 1959 703 2020 ἔειπεν
723 1954 930 2043 Ἵύιπυλείμ

641 2064 721 2147 μετά
745 2062 912 2148 στέφανον
936 2064 1011 2127 ἰών·

599 2167 707 2246 Οὗτος
730 2169 793 2252 ἐγὼ
816 2179 986 2254 ταχυτᾶτι·

597 2290 703 2362 χεῖρες
727 2274 763 2340 δέ
785 2274 840 2340 καλ
864 2272 944 2361 ἦτορ
969 2282 1052 2340 ίσον.

598 2385 741 2466 φύονται
765 2381 801 2447 δὲ
825 2381 880 2446 καλ
904 2382 993 2459 νέοις
1015 2382 1052 2446 έν
1075 2381 1238 2467 ἀνδράσιν
1372 2399 1408 2447 40

597 2489 710 2556 πολιαλ
734 2491 827 2574 θαμά
850 2488 906 2554 καλ

642 2599 731 2682 παρά
754 2599 813 2662 τὸν
837 2595 965 2672 ἁλικίας
989 2595 1117 2662 ἐοικότα
1140 2598 1271 2682 χρόνον.

413 2799 453 2845 17.
474 2789 639 2860 φιλόπτολιν
654 2791 681 2844 Α
701 2823 733 2830 -
753 2796 795 2843 21.
816 2788 889 2857 άπερ
907 2790 1017 2844 AD·⁰:
1037 2788 1086 2843 ἅτε
1103 2790 1131 2856 0,
1150 2788 1222 2858 άπερ
1241 2790 1290 2842 καὶ
1303 2790 1404 2845 BD¹³⁰
1423 2822 1456 2830 -—
1476 2796 1520 2844 26.
1540 2785 1617 2850 οὗτος

342 2864 394 2934 μέν
420 2864 472 2932 ἐγὼ
496 2865 523 2916 A
550 2895 580 2901 —
606 2857 687 2924 οὗτος
711 2862 775 2931 ἐγώ·
803 2869 938 2932 ταχυτᾶτι
962 2870 1052 2931 χεῖρες
1075 2860 1182 2915 Gurlitt
1207 2859 1316 2930 Kayser
1341 2860 1393 2915 alii
1418 2861 1615 2932 interpungen-

341 2936 667 3068 ωιαχλοιχείχιοςειχεο-οεοοῖ
689 2965 718 2972 -
739 2939 781 2988 27.
801 2951 858 3003 χερ.
875 2934 898 2986 0
916 2965 946 2972 -
967 2939 1008 2987 29.
1028 2932 1111 3002 δαμδι
1130 2933 1178 2987 καὶ
1192 2934 1220 2986 Β
1227 2933 1283 2988 01)
1300 2936 1330 2987 et
1346 2932 1448 2988 schot:
1466 2933 1576 3004 δαμάιιι
1592 2935 1616 2985 Α

341 3147 394 3218 γὰρ
414 3147 440 3201 ολ
459 3147 551 3217 θυμὸς
570 3146 698 3218 ἐβούλετο
717 3149 802 3208 κᾶδος
821 3146 916 3214 ὀρέξαι
935 3179 969 3186 -
989 3153 1031 3201 19.
1051 3147 1084 3200 ού
1102 3146 1205 3215 ψεύδεϊ
1219 3145 1304 3216 τέγξω
1319 3144 1414 3216 λόγον·
1434 3164 1491 3201 non
1510 3143 1617 3200 mentiri

343 3219 473 3287 videbor,
498 3219 522 3271 si
542 3217 650 3284 dixero;
674 3235 704 3272 re
723 3217 797 3272 enim
816 3217 879 3288 ipsa
903 3219 993 3272 oratio
1020 3235 1083 3271 mea
1111 3217 1333 3286 confirmabitur,
1357 3235 1413 3287 quo
1441 3222 1527 3288 pacto
1555 3216 1617 3270 olim

344 3291 477 3359 Erginus,
497 3289 623 3358 Clymeni
646 3288 729 3356 filine,
748 3290 867 3343 victoria
893 3307 974 3344 cursu
999 3293 1082 3360 parte
1107 3291 1235 3359 vegetem
1258 3289 1316 3343 vim
1340 3290 1463 3359 eorporis
1492 3287 1614 3358 quamvis

343 3378 498 3431 praecanus
522 3360 728 3430 comprobavit3
756 3362 790 3414 de
808 3361 863 3414 hac
881 3378 911 3414 re
930 3360 1050 3416 scholia:
1075 3359 1231 3429 Ὑψιπύλης
1248 3362 1346 3430 ἀγῶνα
1365 3361 1544 3431 ἐπιτελούσης
1562 3359 1616 3412 ἐκι-

344 3432 449 3502 τάφιον
470 3431 576 3487 Θόαντι
594 3437 632 3504 τῷ
650 3433 736 3498 πατρί
754 3430 888 3501 Λημνίων
906 3435 1021 3504 βασιλεῖ,
1040 3432 1213 3504 συμβέβηκεν
1231 3430 1368 3495 ἀπιόντας
1387 3433 1432 3486 ἐπὶ
1451 3433 1483 3486 τδ
1503 3439 1618 3503 χρυσοῦν

343 3503 426 3572 δέρας
444 3505 509 3565 τούς
525 3503 707 3572 Ἀργοναύτας
726 3503 812 3557 έκεῖσε
832 3503 968 3573 γενέσθαι
986 3505 1034 3557 καὶ
1052 3502 1264 3572 προτραπέντας
1283 3504 1322 3565 είς
1340 3503 1390 3558 τδν
1408 3505 1506 3573 ἀγῶνα
1522 3506 1541 3559 ά
1558 3499 1615 3556 ωνί-

344 3579 459 3630 iaceat.
489 3572 528 3637 εἶς
543 3573 582 3629 ὢν
597 3571 647 3628 οὖν
662 3576 755 3628 αὐτῶν
775 3575 789 3628 δ
806 3574 941 3645 Ἐργῖνος,
959 3576 1093 3644 νεώτερος
1106 3574 1158 3645 μὲν
1171 3580 1209 3647 τῷ
1228 3572 1327 3648 χρόνῳ,
1349 3573 1501 3643 προπόλιος
1520 3525 1557 3630 δέ
1570 3573 1616 3640 τὴν

344 3646 447 3717 κόμην,
471 3648 508 3709 ὡς
526 3647 562 3716 μὴ
587 3645 684 3708 ἱκανὸς
706 3645 903 3716 ἀγωνίσασθαι
926 3646 975 3701 διὰ
993 3647 1045 3715 τὴν
1064 3645 1133 3714 όφιν
1150 3656 1206 3701 τῶν
1224 3651 1331 3700 πολιῶν
1350 3646 1463 3716 ἐγελᾶτο
1486 3648 1544 3700 δπδ
1565 3653 1615 3698 τῶν

343 3727 485 3787 γυναικῶν
514 3719 562 3771 καλ
591 3717 807 3787 έπεκερτομεῖτο.
845 3720 882 3781 ὡς
910 3717 940 3772 δὲ
969 3718 1018 3772 διὰ
1045 3727 1102 3772 τῶν
1130 3717 1218 3809 ἔργων
1242 3716 1357 3788 ἐδείχθη
1382 3716 1615 3790 ὑπερβαλλόμενοι

344 3791 409 3852 τοὺς
433 3789 600 3858 ἀγωνιστάς·
625 3783 697 3858 ἦσαν
716 3787 747 3843 δέ
767 3790 794 3844 ολ
811 3798 862 3843 τοῦ
882 3789 986 3858 Βορέου
1004 3792 1105 3852 παῖδες
1125 3794 1214 3858 Ζητης
1232 3791 1281 3844 καλ
1300 3789 1417 3851 Κάλαϊς·
1442 3786 1615 3853 ἐπαύσατοὴ

344 3861 406 3914 κατ’
428 3862 516 3914 αὐτοῦ
534 3859 670 3930 γενομένη
690 3861 772 3930 χλεύη
792 3862 841 3915 καλ
854 3859 1021 3916 τούναντίον
1040 3860 1220 3931 ἐθαυμάσθη.
1249 3860 1298 3914 διὰ
1315 3869 1397 3915 τοῦτο
1414 3857 1465 3914 σόν
1482 3861 1556 3930 λέγει
1571 3858 1615 3924 τὴν

343 3941 446 4000 πεῖραν
465 3931 641 3986 πεπαυκέναι
659 3939 708 3999 τῆς
726 3930 831 4004 ὕβρεως
849 3941 898 4002 τῆς
916 3931 979 3986 κατ’
1001 3935 1088 3987 αὐτοῦ
1102 3933 1152 3995 τὰς
1165 3931 1330 4002 Λημνιάδας
1343 3941 1486 4001 γυναῖκας.
1513 3927 1616 3986 Fabula

346 4005 564 4058 commemorata
588 4003 645 4057 inm
664 4006 725 4056 erat
744 4021 761 4056 ο
780 4003 923 4057 Simonide
946 4009 983 4072 (v.
1004 4004 1089 4058 schol.
1108 4005 1138 4058 P.
1153 4023 1182 4057 iv
1194 4007 1257 4074 450),
1276 4006 1431 4058 retraetata
1453 4003 1557 4057 deinde
1578 4003 1615 4054 est

345 4093 362 4128 a
381 4074 555 4130 Callimacho
584 4078 620 4142 (v.
641 4074 727 4129 schol.
748 4075 779 4128 Ο.
800 4095 826 4127 1v
845 4079 894 4144 οι),
918 4075 1039 4143 denique
1068 4075 1228 4156 significate.
1249 4092 1267 4128 ο,
1284 4075 1416 4129 Philostr.
1435 4074 1538 4143 Gymn.
1557 4091 1569 4128 ι
1587 4103 1613 4110 -

345 4151 386 4200 24.
414 4145 555 4216 χαλκέοισι
583 4145 611 4200 δ’
634 4145 664 4199 ἐν
688 4146 777 4200 ἔντεσι
802 4163 899 4200 cursus
925 4149 1051 4200 armatus
1077 4146 1264 4216 significatur,
1290 4164 1346 4214 quo
1371 4146 1402 4198 in
1427 4163 1511 4199 cursu
1538 4145 1615 4201 etinm

344 4217 460 4271 Pindari
479 4220 574 4272 aetate
593 4234 710 4271 aeneam
724 4217 836 4286 galeam
850 4216 1003 4286 gestabant
1022 4251 1055 4257 —
1075 4225 1116 4272 25.
1136 4216 1291 4286 στέφανον·
1310 4220 1418 4271 τεοῖσιν
1432 4217 1535 4271 victori
1552 4231 1614 4270 mer·

344 4289 442 4342 cedem
456 4289 553 4342 datam
569 4305 628 4342 esse
645 4288 736 4342 dicere
752 4288 863 4342 videtur
882 4289 911 4342 P.
922 4307 950 4341 ιν
960 4305 1011 4353 2533
1030 4289 1080 4357 qui
1098 4289 1168 4341 haec
1183 4289 1257 4342 inter
1270 4305 1300 4342 se
1315 4289 1476 4356 conciliant,
1490 4303 1614 4343 coronam

345 4362 458 4482 Praeter
470 4363 578 4414 vestem
597 4360 694 4412 datam
714 4377 774 4413 esne
794 4359 1049 4415 comminiscuntur.
1070 4393 1103 4399 -
1123 4367 1165 4413 26.
1185 4363 1250 4413 utut
1264 4359 1448 4429 inteipungie‚
1462 4359 1535 4414 haec
1550 4360 1614 4414 certe

357 4431 400 4484 oci
419 4431 560 4485 sententia
584 4435 638 4486 est:
666 4430 770 4500 pedum
793 4431 991 4500 pernicitatem
1013 4430 1124 4499 vidisti,
1152 4431 1181 4484 in
1204 4431 1334 4484 manibus
1357 4434 1453 4484 autem
1475 4435 1505 4485 et
1529 4430 1613 4485 animo

345 4519 397 4572 par
414 4501 576 4571 perniciteti
595 4503 684 4555 virtus
704 4535 737 4542 —
757 4509 790 4556 28
806 4521 845 4570 sq.
866 4501 1000 4573 Erginine
1017 4503 1103 4557 verba
1122 4501 1179 4556 sint
1198 4519 1235 4556 an
1252 4505 1354 4572 poetae
1376 4502 1538 4570 ambigunt3
1560 4499 1614 4572 pul-

346 4573 439 4626 chrior
460 4577 534 4628 certe
556 4574 663 4642 species
682 4573 780 4644 Ergini
799 4577 842 4628 est
860 4573 932 4627 n‘sus
952 4573 1119 4628 feminarum
1138 4591 1201 4627 cum
1219 4574 1310 4627 ironia
1328 4573 1535 4644 redarguentis.

891 4741 1058 4748 -n----.-
1068 4743 1081 4748 -
