3417 5434
328 341 392 403 246
797 344 952 395 snsnsrn
973 343 1138 395 amurca.

378 503 433 570 καί
455 507 522 589 μὰν
545 505 566 568 ά
590 508 740 588 Σαλαμίς
763 527 799 587 γε
822 502 946 588 θρέψαι
970 515 1064 588 φῶτα
1088 505 1236 588 μαχατὰν

379 613 529 688 δυνατός.
576 611 612 676 έν
640 615 742 698 Τροίᾳ
764 609 825 696 μέν
839 611 914 676 Ἕκ-

415 743 482 805 τωρ
506 726 651 795 Αίαντος
674 717 797 784 έπάι·σ’·
821 716 846 784 ὦ

430 828 608 912 Τιμόδημε,
631 823 668 891 σὲ
692 825 724 890 δ’
749 826 832 891 άλκά

330 951 361 998 15
381 937 586 1020 παγκρατίου
608 934 780 1018 τλάθυμος
803 933 895 1012 άέξει.

379 1147 533 1234 Ἀχάρναι
557 1145 594 1212 δὲ
616 1147 826 1232 παλαίφατον

383 1255 550 1340 εὐάνορες·
575 1255 656 1319 ὄσσα
680 1253 711 1318 δ’
738 1253 820 1338 ἀμφ’
846 1253 991 1338 ἀέθλοις,

387 1362 606 1446 Τιμοδημίδαι
630 1361 822 1444 ἐξοχώτατοι
845 1361 1071 1445 προλέγονται.

383 1470 472 1557 παρὰ
495 1467 556 1554 μὲν
578 1468 775 1552 ὑψιμέδοντι
798 1475 891 1556 Παρ-

428 1586 519 1664 νασῷ
542 1575 703 1663 τέσσαρας
726 1577 757 1653 ἐξ
781 1574 860 1640 άέθ-

429 1691 497 1750 λων
520 1688 615 1760 νίκας
638 1682 803 1768 ἐκόμιξαν·

330 1810 364 1857 ⁴20
384 1792 467 1857 άλλά
490 1795 687 1878 Κορινθίων
709 1791 774 1855 ὑπὸ
798 1803 920 1874 φωτῶν

385 2006 420 2072 έν
444 2005 542 2071 ἐσλοῦ
567 2005 717 2081 Πέλοπος
739 2007 859 2081 πύλαις
1419 2013 1499 2092 Στρ.
1518 2004 1554 2071 ε’.

385 2114 470 2179 ὀκτὼ
494 2113 670 2197 στεφάνοις
693 2116 829 2197 ἔμιχθεν
852 2115 929 2196 ἤδη·

386 2219 466 2286 έπτδι
490 2219 521 2284 δ’
548 2219 584 2284 ἐν
606 2218 733 2307 Νεμέα,
757 2221 797 2284 τὰ
820 2219 852 2284 δ’
878 2227 963 2285 olims
987 2221 1124 2305 μάσσον’
1151 2222 1308 2307 άριθμοῦ,
1576 2239 1609 2286 35

405 2455 447 2504 14.
468 2447 562 2502 ἐπρίατ’
588 2448 659 2502 coni.
679 2449 785 2519 Bergk:
809 2449 930 2504 ἄκουσεν
953 2450 1033 2505 codd.
1063 2481 1094 2490 —
1125 2456 1166 2504 15.
1185 2447 1328 2519 τλάθυμος
1348 2453 1386 2505 B:
1410 2451 1501 2520 θυμός
1520 2451 1549 2504 D
1577 2483 1610 2491 -

334 2527 375 2576 16.
395 2518 576 2589 παλαίφατον
590 2520 665 2587 BD,
684 2525 859 2589 παλαίφατοι
879 2537 911 2575 ex
930 2521 1042 2576 novicio
1061 2521 1156 2576 codice
1175 2521 1288 2575 Boeolrh
1307 2555 1340 2562 -
1362 2528 1401 2576 19.
1422 2521 1499 2590 παρὰ
1514 2521 1611 2577 Tricl.:

333 2596 390 2661 πάρ
414 2593 481 2647 BD
504 2623 537 2632 —
560 2597 712 2665 παρνασσῷ
736 2593 813 2657 BD,
842 2592 1109 2648 eonf.O.1xrs-
1135 2600 1177 2646 ⁸21.
1200 2596 1313 2656 πόλαιςι
1342 2603 1460 2661 πτυχαῖς
1483 2593 1561 2647 codd.
1583 2597 1611 2646 et

335 2664 435 2731 schol,
463 2671 571 2788 χχιχοῑς,
605 2666 666 2716 tum
698 2663 800 2726 πύλαις
831 2664 902 2719 coni.
928 2665 1037 2718 Heelrer
1066 2698 1096 2705 -
1127 2671 1168 2718 23.
1198 2666 1323 2734 ἀριθμοῦ
1353 2668 1404 2719 13¹:
1434 2667 1546 2736 ἀριθμῷ
1574 2665 1611 2731 D,

333 2739 446 2806 ἀριθμῶ
498 2743 561 2775 ⁸-

334 2875 430 2946 ὀρείαν
444 2875 669 2947 προσηγόρευσεν
684 2879 781 2932 εἰπών·
802 2876 935 2941 Μαιάδος
955 2875 1065 2944 οὐρείας
1085 2877 1310 2952 ἑλικοβλεφάρου.
1339 2878 1412 2933 κατὰ
1426 2876 1521 2948 λόγον·
1542 2876 1610 2946 αὕτη

334 2951 388 3020 γὰρ
404 2951 573 3018 “Kouaene
592 2949 623 3005 έν
641 2949 733 3019 ὄρεσσι
752 2949 823 3004 θεδν
843 2950 952 3018 κήρυκα
965 2949 1023 3021 τίχ’
1039 2948 1179 3020 Ἑρμῆν”.
1207 2950 1346 3004 Pindarus
1360 2951 1421 3020 ipso
1436 2949 1564 3004 fabulam
1578 2951 1612 3002 de

335 3022 437 3077 Orione
447 3037 510 3075 cum
520 3039 570 3075 sno
580 3039 649 3076 cane
659 3021 805 3076 Pleionam
815 3027 940 3076 amatam
954 3026 1138 3091 persequente
1149 3022 1177 3075 in
1187 3021 1367 3090 dithyrambo
1380 3021 1523 3088 tractavit,
1534 3021 1612 3074 euius
1682 3072 1683 3085 ,

335 3092 466 3147 laciniam
489 3093 532 3162 (fr.
553 3095 589 3162 τι)
613 3093 721 3148 scholia
745 3098 893 3148 servarunt
921 3126 953 3133 -
984 3099 1025 3148 12.
1040 3099 1166 3162 νεῖσθαι,
1191 3093 1278 3159 verti3
1302 3093 1336 3146 cf.
1357 3093 1548 3218 Lamffioclem
1568 3111 1611 3162 ap.
1682 3101 1683 3177 χ

336 3165 435 3218 Athen.
451 3183 479 3216 xr
492 3183 519 3235 p.
535 3181 594 3218 4910
613 3165 647 3218 dc
662 3165 838 3220 Pleiadibus:
855 3164 890 3218 αί
900 3185 928 3218 τε
942 3174 1079 3228 ποταναῖς
1094 3165 1233 3235 ὁμώνυμοι
1247 3163 1392 3219 πελειάσιν
1406 3185 1423 3216 α
1462 3163 1503 3231 έρι
1517 3169 1613 3218 νεῖσθε
1682 3216 1683 3232 1

337 3269 369 3277 —
391 3243 431 3288 13.
452 3245 532 3304 φῶτα
550 3235 693 3306 μαχατάν·
713 3237 748 3292 cf.
764 3236 890 3362 μαχητὰς
909 3236 1025 3307 ἔμμεναι
1043 3236 1149 3305 ἄνδρας
1163 3237 1242 3291 Hom.
1259 3253 1328 3290 osso
1343 3269 1375 3276 —-
1392 3241 1425 3288 13
1437 3253 1472 3289 ss.
1488 3237 1614 3316 Σαλαμίς

335 3327 366 3377 γε
385 3306 496 3376 θρέψαι
516 3352 521 3362 ,
538 3351 543 3360 .
560 3352 566 3362 .
583 3306 712 3376 Ἀχάρναι
729 3313 805 3362 παλα
818 3327 911 3378 φατον
930 3307 1073 3376 εὐάνορες·
1093 3308 1191 3363 laudes
1210 3309 1327 3362 duorum
1346 3307 1471 3362 locorum
1491 3311 1531 3361 lta
1548 3323 1613 3360 con·
1682 3336 1683 3372 η

336 3378 494 3443 cinnomus,
526 3382 557 3431 ut
582 3379 776 3434 Timodemnm
804 3379 946 3434 Salamine
976 3381 1138 3447 educatum,
1167 3379 1304 3434 Acharnls
1332 3382 1431 3434 natum
1460 3395 1520 3433 esse
1548 3395 1613 3432 con·
1682 3389 1683 3398 ¹

336 3449 467 3517 iciamns3
491 3449 678 3504 Acharnensis
697 3451 877 3506 Timodemus
899 3451 1064 3522 perhibetur
1086 3452 1116 3505 in
1138 3451 1222 3505 titulo
1242 3450 1336 3505 Attico
1359 3451 1435 3504 ΟΙΑ.
1456 3469 1477 3502 11
1492 3467 1550 3505 rau.
1579 3481 1612 3490 -—

339 3527 380 3576 14.
401 3519 495 3576 ἐπάϊσ’
516 3523 591 3589 quod
610 3522 687 3576 felici
706 3523 834 3576 acumine
850 3523 988 3592 Bergkius
1002 3522 1128 3577 restituit
1142 3525 1171 3576 et
1184 3523 1271 3577 etiam
1286 3521 1315 3576 in
1330 3521 1472 3592 Aristoph.
1488 3539 1546 3575 ran.
1562 3537 1614 3576 roes
1682 3523 1683 3578 l

337 3593 393 3662 (ἐπὶ
416 3589 480 3663 νίκη
504 3594 574 3647 ἀΐων
597 3610 647 3663 pro
671 3591 746 3660 ἡνίκ’
768 3593 885 3662 ἥκουσα)
909 3593 1113 3648 restituendum
1136 3611 1196 3648 esse
1219 3594 1327 3659 iudico,
1350 3593 1511 3647 illustratur
1532 3609 1612 3646 versu
1682 3588 1683 3660 ζ

337 3663 484 3719 Homerico
499 3669 522 3717 Λ
537 3680 576 3718 ass
598 3666 642 3718 τοὶ
656 3663 759 3734 (ἵπποι)
774 3665 805 3718 δὲ
819 3671 927 3736 πληγῆς
941 3666 1050 3728 άίοντες
1068 3663 1148 3735 λάμφ’
1171 3666 1273 3734 ἔφερον
1291 3665 1364 3719 θοόν
1383 3663 1466 3734 άρμα.
1495 3665 1613 3735 Egregie
1682 3705 1683 3708 ,

338 3741 432 3789 autem
457 3735 552 3788 iuveni
573 3737 660 3804 poete
677 3735 824 3790 blanditus
847 3739 903 3805 est,
922 3738 997 3806 qnod
1023 3754 1086 3791 eum
1105 3754 1168 3790 cum
1186 3737 1272 3791 Aiace
1296 3737 1379 3790 heroe
1404 3735 1611 3806 composuit-
1682 3735 1683 3742 ’

339 3813 379 3861 16.
408 3805 602 3875 παλαίφατον·
638 3807 691 3860 hoc
719 3809 864 3862 addidisse
891 3811 1004 3878 poetam
1037 3809 1175 3879 suspicor,
1211 3808 1286 3877 quod
1314 3808 1506 3861 Aeternarum
1533 3811 1613 3861 retus
1682 3833 1683 3876 ς

337 3880 414 3932 tama
439 3878 506 3944 fuit,
530 3877 745 3932 Salaminiorum
770 3880 859 3933 virtus
885 3897 973 3949 nuper
995 3897 1090 3962 pugna
1116 3879 1271 3935 Salaminia
1296 3879 1477 3948 comprobata
1505 3879 1612 3932 fuit-
1682 3893 1683 3930 3

341 3957 380 4004 17.
401 3949 470 4004 ὄσσα
488 3948 517 4002 δ’
538 3948 611 4020 ἀμφ’
632 3950 758 4012 ἀέθλοις·
783 3953 858 4019 qnod
878 3952 914 4005 nd
934 3955 1087 4006 certamma
1107 3952 1222 4018 attinet3
1247 3951 1281 4004 cf.
1302 3951 1415 4005 O.1102
1435 3983 1467 3992 —
1490 3955 1529 4004 19.
1550 3951 1612 4016 tos·
1682 3961 1683 4012 ί

339 4019 465 4090 μέδοντι·
494 4021 580 4076 schol.
609 4032 833 4092 καταχρηστικῶς
856 4024 920 4078 άντλ
942 4032 992 4077 τοῦ
1018 4025 1140 4092 ὑψηλοῦ·
1169 4023 1272 4078 rectius
1299 4024 1422 4076 montem
1446 4022 1612 4076 Parnassum

339 4094 422 4147 deum
442 4111 459 4146 a
477 4096 562 4162 poeta
580 4093 649 4162 fingi
668 4093 744 4147 dices
763 4111 796 4148 ex
816 4095 875 4148 alto
894 4095 1038 4149 cacumine
1057 4095 1086 4147 in
1105 4094 1267 4149 humiliores
1281 4093 1408 4163 regiones
1423 4093 1613 4147 dominantem

339 4197 373 4204 -
397 4171 439 4216 al.
458 4165 586 4226 Πέλοπος
607 4165 720 4226 πύλαις·
745 4167 873 4219 codicum
897 4166 1045 4221 lectionem
1064 4175 1181 4237 πτυχαῖς
1205 4166 1360 4220 defendunt
1382 4164 1521 4218 similibus
1540 4163 1613 4218 locu-

339 4235 464 4288 tionibus
486 4233 595 4289 Πίνδου
621 4236 651 4290 ἐν
675 4245 793 4308 πτυχαῖς
816 4238 845 4292 Ρ.
865 4257 892 4290 11
909 4255 946 4303 ιο,
970 4241 1118 4306 Κρισαίαις
1140 4247 1258 4308 πτυχαῖς
1276 4237 1396 4292 P.v11a
1434 4239 1472 4290 At
1494 4240 1527 4289 ut
1545 4236 1613 4290 bene

340 4306 483 4361 convalles
497 4310 527 4361 et
540 4307 630 4360 saltus
649 4309 787 4362 montium
801 4309 884 4363 Pindi
899 4311 928 4363 et
941 4309 1073 4362 Parnassi
1087 4308 1191 4380 πτυχαί
1211 4310 1309 4362 ‘flexus
1324 4307 1454 4362 tortuosi'
1476 4308 1613 4374 dicuntur,

341 4378 382 4431 ita
400 4378 493 4431 minus
513 4380 657 4433 commode
677 4381 769 4451 campi
787 4381 899 4447 Isthmi3
919 4397 973 4449 quo
993 4398 1056 4433 cum
1071 4381 1196 4448 acescat,
1215 4380 1290 4448 quod
1305 4379 1379 4433 aliae
1393 4396 1422 4433 re
1445 4379 1522 4434 'ones
1537 4379 1613 4434 Pelo·

340 4449 457 4520 ponnesi
480 4450 570 4504 multo
598 4451 692 4521 aptius
716 4469 800 4520 quam
824 4451 957 4506 Isthmica
976 4451 1103 4515 Πέλοπος
1128 4455 1233 4522 πτυχαί
1254 4451 1396 4518 dieantur,
1420 4397 1493 4504 ffiud
1515 4467 1613 4505 nomen

340 4521 531 4591 recipiendum
546 4523 623 4588 duxi,
641 4525 717 4591 quod
735 4523 834 4577 isthmi
852 4523 996 4594 proprium
1015 4527 1058 4577 est
1077 4528 1106 4578 et
1124 4523 1211 4578 etiam
1225 4522 1339 4593 Bergkii
1354 4521 1523 4614 applausum
1537 4523 1615 4584 tulit;

341 4595 412 4647 bene
435 4593 510 4647 enim
528 4594 683 4648 scholiasta
702 4595 777 4650 adl.
796 4613 857 4650 1119
876 4595 1038 4649 Corinthum
1057 4595 1146 4659 πάλας
1164 4603 1213 4664 τῆς
1231 4599 1449 4661 Πελοποννησον
1469 4594 1551 4663 dicit,
1575 4611 1615 4648 se·
1682 4593 1683 4650 3

340 4667 422 4719 cutus
440 4664 520 4719 Pind.
541 4666 569 4719 P.
589 4685 617 4718 τι
632 4684 665 4721 se.
684 4686 733 4720 xm
747 4682 766 4721 τ.
788 4667 821 4720 N.
836 4687 853 4719 x
868 4684 893 4721 er
912 4669 941 4720 et
959 4666 1089 4734 Bacchyl.
1109 4667 1141 4720 fr.
1162 4684 1173 4720 τ
1193 4661 1214 4720 ὦ
1237 4664 1364 4728 Πέλοπος
1386 4669 1507 4733 λιπαρᾶς
1529 4665 1616 4720 νάσου
1682 4659 1683 4702 l

341 4735 497 4804 θεόδματοι
515 4739 602 4791 πάλαι
629 4769 661 4778 -
691 4743 733 4793 24.
754 4739 821 4802 Διὸς
844 4740 933 4807 ἀγῶνι
951 4739 988 4792 ad
1012 4738 1081 4792 ἑπτδι
1105 4737 1133 4792 δ’
1159 4737 1189 4793 ἐν
1212 4735 1310 4812 Νεμέᾳ
1332 4737 1375 4791 ita
1395 4736 1501 4804 refero,
1528 4741 1560 4790 ut
1581 4737 1615 4791 τὰ
1682 4755 1683 4790 3

342 4807 369 4867 δ’
396 4807 469 4862 οίκοι
492 4807 611 4878 μάσσον’
642 4811 767 4881 ἀριθμοῦ
790 4809 953 4881 parenthesi
981 4809 1130 4866 interiecta
1157 4826 1217 4864 esse
1245 4809 1354 4864 ducam.
1396 4807 1525 4882 Namque
1551 4826 1616 4864 num
1682 4807 1683 4860 ἶ
