3417 5434
463 333 512 385 Ill.
539 333 588 383 DE
607 333 715 384 LUDIS
733 334 779 384 ET
799 334 976 388 EPINICllS.
1246 332 1360 386 LXXXI

88 496 149 560 lam
181 493 208 560 si
240 499 319 560 octo
355 497 593 560 concertatores
629 495 695 559 sive
734 499 873 580 quatuor
908 494 1001 580 paria
1036 499 1145 580 erant,
1181 496 1357 581 aequitatis

88 602 161 667 ratio
188 601 376 687 postulasse
403 601 545 685 videtur,
575 605 612 665 ut
640 600 781 686 primum
809 602 872 667 duo
900 603 1011 687 priora
1038 602 1130 688 paria
1158 606 1191 667 et
1219 603 1360 668 victores

89 708 191 774 borum
230 708 373 774 duorum
412 708 540 794 parium
577 712 756 792 certarent,
800 708 914 773 deinde
952 710 1015 773 duo
1052 709 1156 774 altera
1197 709 1289 793 paria
1325 715 1359 774 et

89 817 214 880 victores
244 816 365 881 horum
392 815 534 901 parium,
561 815 601 878 ad
629 819 809 880 extremum
837 816 894 900 qui
922 838 962 881 ex
985 816 1111 880 duobus
1138 815 1302 902 prioribus
1327 820 1360 880 et

90 923 201 988 dnobus
224 923 340 988 alteris
362 923 496 1008 paribus
519 921 658 988 victores
683 922 899 988 discesserant
921 923 1007 988 inter
1030 945 1064 988 se
1087 924 1126 988 de
1148 944 1268 989 corona
1287 944 1361 988 con-

90 1031 237 1116 fligerent3
275 1030 324 1096 sic
361 1036 495 1116 septena
526 1029 704 1095 certamina
735 1029 943 1115 exstiterunt,
980 1034 1013 1095 et
1046 1030 1101 1115 qui
1135 1030 1176 1095 ad
1206 1029 1360 1094 ultimum

89 1137 181 1202 victor
203 1136 354 1222 decessit,
375 1141 426 1202 ter
448 1137 483 1201 in
506 1158 637 1201 arenam
660 1136 877 1202 descenderat.
920 1135 1043 1202 Verum
1067 1137 1095 1201 si
1118 1158 1185 1201 non
1207 1136 1359 1222 religiose

90 1245 118 1306 in
138 1266 169 1308 re
189 1244 314 1308 ludicra
333 1243 507 1328 aequitatis
526 1243 614 1329 leges
634 1244 901 1328 observabantur,
923 1242 986 1308 hoc
1005 1265 1134 1327 qnoque
1152 1242 1223 1307 fieri
1241 1242 1361 1328 potuit,

90 1356 121 1414 nt
144 1354 318 1435 postquam
347 1349 479 1436 quinam
505 1371 545 1414 ex
570 1349 696 1414 duobus
719 1349 833 1436 primis
857 1350 990 1435 paribus
1014 1349 1178 1415 dexterior
1199 1353 1286 1414 esset
1309 1371 1360 1414 ex-

90 1456 237 1540 ploratum
261 1462 343 1542 erat,
366 1457 500 1522 tertium
523 1479 582 1541 par
605 1457 864 1522 committeretur
887 1461 920 1522 et
943 1456 1000 1542 qui
1023 1457 1058 1520 in
1081 1477 1119 1521 eo
1143 1455 1264 1521 vicerat
1283 1478 1357 1521 cum

89 1564 194 1628 victore
216 1563 274 1629 illo
300 1565 439 1630 duorum
462 1564 642 1648 primorum
664 1565 792 1650 parium
816 1570 965 1649 certaret,
987 1563 1102 1628 exinde
1126 1568 1277 1647 quartum
1300 1585 1359 1649 par

89 1671 332 1737 committeretur
353 1677 387 1736 et
405 1671 446 1736 ad
464 1676 644 1736 extremum
662 1671 768 1737 victor
787 1672 896 1756 quarti
914 1670 1002 1756 paris
1022 1693 1096 1736 cum
1114 1669 1237 1735 victore
1256 1670 1358 1733 trium

90 1777 217 1861 priorum
245 1778 377 1863 parium
405 1778 443 1842 de
472 1777 616 1863 praemio
645 1782 791 1843 certaret.
840 1776 894 1843 Sic
921 1777 1059 1842 totidem
1082 1773 1237 1864 (septem)
1261 1781 1358 1861 atque

90 1884 118 1946 in
134 1885 292 1970 superiore
313 1884 459 1951 certandi
477 1885 573 1949 modo
593 1885 772 1950 certamina
790 1883 879 1950 facta
897 1888 983 1968 sunt,
1002 1883 1059 1948 sed
1078 1883 1133 1968 qni
1152 1883 1193 1947 ad
1207 1883 1359 1947 ultimum

91 1990 180 2054 victor
200 1992 463 2076 renuntiabatur,
486 2013 553 2056 non
570 1996 627 2065 ‚ter
650 1993 705 2057 sed
729 1996 844 2077 quater
867 1992 902 2055 in
924 2013 1056 2056 arenam
1079 1989 1296 2055 descenderat.

167 2095 222 2163 Sin
247 2099 358 2184 impar
384 2120 538 2164 numerus
567 2121 693 2184 eorum,
720 2099 775 2183 qui
802 2096 938 2162 nomina
964 2097 1132 2182 dederant,
1161 2101 1246 2181 erat,
1274 2118 1359 2161 unus

94 2204 138 2288 qui
153 2205 395 2291 relinquebatur
413 2206 554 2292 ἔφεδρος
572 2205 678 2271 dictus
697 2210 747 2270 est
771 2206 812 2270 ab
832 2228 881 2290 eo,
904 2205 990 2290 quod
1008 2204 1126 2270 ceteris
1145 2203 1361 2269 insidiabatur

94 2316 120 2374 et
147 2313 272 2395 quinam
305 2313 411 2378 exitus
444 2313 591 2398 priorum
624 2313 837 2378 certaminum
869 2312 999 2376 futurus
1028 2315 1115 2376 esset
1142 2311 1359 2394 exspectabat.

94 2416 216 2484 Felicem
240 2421 310 2486 eius
336 2425 458 2486 sortem
480 2419 590 2505 fixisse,
614 2419 700 2502 quod
722 2419 850 2504 integer
873 2440 947 2483 cum
965 2417 1052 2482 fesso
1072 2421 1237 2483 certamen
1255 2416 1361 2499 iniret,

95 2546 148 2588 non
164 2525 265 2591 solum
281 2527 445 2592 Lucienus
465 2526 484 2592 l.
499 2526 519 2590 l.
539 2525 630 2611 dixit,
648 2524 704 2591 sed
722 2525 822 2590 etiam
841 2529 956 2590 auctor
973 2524 1062 2613 tituli
1077 2522 1238 2608 Olympici
1252 2544 1282 2586 ιι.
1298 2525 1360 2588 146

95 2631 188 2713 (Arcln
207 2633 285 2699 Zeit.
312 2635 394 2700 1878
417 2657 447 2719 p.
467 2633 539 2720 91),
568 2654 632 2717 quo
654 2631 690 2696 P.
712 2629 881 2698 Cornelius
906 2631 1042 2696 Ariston
1064 2629 1232 2715 pancratio
1257 2628 1362 2693 victor

97 2737 135 2802 01.
151 2758 236 2806 ccvn
258 2763 328 2806 non
350 2739 501 2806 fortunae
530 2739 583 2804 vel
610 2738 708 2804 sortis
737 2739 909 2823 beneficio,
938 2738 994 2804 sed
1016 2759 1147 2803 suarum
1170 2736 1289 2800 virium
1312 2756 1361 2799 ro

96 2844 158 2910 bore
182 2869 214 2912 se
237 2848 355 2914 vicisse
377 2847 492 2913 iactat:

248 2999 290 3064 οὐ
313 2999 378 3084 γὰρ
401 2997 438 3063 ἐν
460 2998 594 3082 εὐτυχίῃ
617 3000 742 3083 κλήρου
766 3002 896 3080 στέφος,
920 2995 993 3063 ἀλλ’
1015 2995 1187 3080 ἐφεδρείης

294 3103 396 3190 χωρὶς
418 3102 474 3169 ἀπ’
497 3101 652 3188 Ἀλφειοῦ
674 3101 729 3168 καὶ
753 3105 836 3179 Διὸς
858 3099 1098 3189 ἠσπασάμην.1)

100 3271 188 3357 Atque
213 3274 265 3339 hic
294 3295 422 3358 quoque
451 3273 480 3339 si
507 3278 573 3339 tres
601 3273 783 3358 certabant,
812 3272 949 3357 simplex
978 3277 1011 3338 et
1039 3271 1144 3336 facilis
1171 3276 1241 3335 erat
1262 3271 1361 3354 ratio,

99 3377 229 3446 nimirum
255 3381 399 3467 primum
422 3380 479 3466 qui
506 3381 639 3446 eandem
666 3379 811 3446 litteram
835 3380 994 3444 duxerant
1016 3379 1103 3444 inter
1125 3400 1159 3442 se
1183 3376 1362 3459 certabant,

100 3483 193 3552 deinde
211 3488 265 3573 qni
284 3511 324 3553 ex
347 3487 398 3552 his
418 3487 544 3552 duobus
563 3488 685 3552 vicerat
703 3509 777 3551 cum
800 3486 941 3571 ephedra
960 3484 1243 3572 committebatur3
1264 3488 1362 3567 atque

101 3611 161 3656 sane
184 3599 252 3660 tum
278 3595 359 3660 felix
387 3616 457 3660 sors
485 3593 617 3680 ephedri
645 3598 729 3679 erat,
757 3597 795 3657 ut
823 3593 874 3660 cui
902 3591 1041 3678 integris
1064 3591 1188 3656 viribus
1216 3612 1290 3655 cum
1314 3613 1361 3673 eo,

102 3699 144 3780 qui
164 3701 377 3768 antecedentis
401 3701 589 3767 certaminis
613 3699 877 3766 contentionibus
900 3699 966 3764 iam
985 3721 1061 3763 suas
1080 3697 1164 3762 vires
1183 3697 1362 3781 attriverat,

103 3809 203 3872 certare
234 3808 419 3895 contigerit.
467 3806 529 3873 Sed
561 3807 725 3872 difficilior
758 3811 827 3871 erat
860 3828 971 3890 causa,
1003 3804 1031 3870 si
1063 3804 1205 3890 quinque
1237 3809 1362 3887 septem

102 3930 196 3978 norem
222 3916 356 3981 nomina
383 3915 551 4000 dederant,
580 3913 631 3978 rel
655 3913 684 3978 si
707 3935 746 3978 ex
770 3913 912 3998 quinque
934 3912 1083 3998 paribus,
1114 3933 1197 3995 quae
1219 3909 1361 3995 primurn

104 4021 251 4088 conmissa
279 4027 386 4108 erant,
418 4021 560 4106 quinque
588 4021 727 4087 victores
756 4024 935 4086 evaserant.
985 4017 1052 4084 Fac
1078 4038 1195 4083 novem
1223 4015 1358 4082 nomina

103 4125 241 4204 professos
264 4151 348 4214 esse3
376 4151 415 4194 ex
437 4128 489 4194 his
512 4127 652 4214 primurn
676 4132 817 4212 quatuor
839 4126 931 4212 paria
954 4130 1042 4191 sorte
1064 4125 1154 4190 facta
1176 4126 1267 4208 sunt,
1293 4121 1361 4205 qui-

176 4363 199 4426 1)
220 4359 286 4414 Inde
311 4361 430 4429 apparet
454 4374 516 4427 cur,
542 4357 567 4412 si
590 4356 653 4426 quis
676 4374 733 4411 non
759 4357 898 4426 ephedrus
921 4356 996 4409 sorte
1019 4354 1125 4420 factus,
1151 4349 1249 4432 nihilo·
1264 4349 1358 4432 minus

105 4424 206 4490 palmam
222 4437 368 4498 meruerat,
389 4446 417 4483 re
436 4425 595 4499 ἀνέφεδρον
613 4429 643 4481 in
661 4427 746 4482 titulo
765 4426 914 4482 honorario
932 4425 1122 4496 praedicaret,
1141 4425 1174 4476 ut
1192 4439 1222 4475 ιιι
1240 4438 1359 4491 rnscrrp-

105 4493 206 4554 tionibus
224 4499 377 4572 Olympicis
399 4519 426 4556 n.
443 4505 501 4556 146.
523 4505 581 4554 147.
602 4503 654 4553 148
677 4499 784 4553 factum
806 4498 942 4553 videmus.
980 4497 1058 4550 Unus
1077 4494 1190 4548 obstare
1209 4492 1361 4547 videbatur

106 4564 186 4624 titulus
201 4589 226 4627 ιι.
236 4580 269 4628 28
287 4572 380 4645 (Arch.
396 4571 463 4627 Zeit.
479 4577 548 4626 1876
567 4591 594 4696 q,
605 4573 676 4654 ml
695 4588 750 4639 quo
769 4569 859 4652 victor
878 4586 913 4650 se·
926 4568 1055 4622 iactabat
1073 4566 1229 4655 cardoneto
1246 4567 1360 4659 detorta

106 4641 709 4772 'crassataaaa
725 4637 1361 4768 aa{altaaltaaa

106 4723 191 4848 lapidis
209 4787 246 4842 sic
264 4788 392 4858 explens:
410 4785 601 4858 παγκράτ[ιον
619 4733 800 4856 ἠνέῳξδρον.

150 4882 260 4928 Pnnrrus
274 4887 309 4928 cd.
324 4885 430 4926 Christ.
1137 4869 1151 4920 f
1252 4895 1257 4902 -
