3417 5434
615 371 747 422 PYTHIA
765 369 839 424 vni.

300 535 427 617 βουλᾶν
449 556 483 598 τε
506 531 561 598 καί
583 532 736 618 πολέμων

294 643 404 724 ἔχοισα
426 642 579 717 κλα-ϊδας
601 640 799 727 ὑπερτάτας,

261 765 281 810 ε
300 750 513 812 Πυθιόνικον

344 855 443 940 τιμάν
463 853 683 941 Ἀριστομένει
707 853 812 920 δέκευ.

301 964 340 1027 τὺ
363 964 425 1049 γάρ
449 963 486 1027 τὸ
509 963 685 1047 μαλθακὸν
707 960 797 1048 ἔρξαι

285 1146 289 1152 .
343 1067 454 1134 τεκαὶ
478 1075 601 1134 παθεῖν
624 1069 712 1154 ὁμῶς

300 1175 469 1242 ε’πίστασαι
492 1187 597 1265 καιρῷ
620 1179 684 1242 σὺν
707 1176 842 1263 άτρεκεί.

299 1394 340 1456 τὺ
363 1390 407 1476 δ’,
431 1391 556 1457 ὁπόταν
579 1415 630 1468 τις
652 1391 822 1476 ἀμείλιχον

298 1500 417 1587 καρδίᾳ
440 1503 539 1565 κότον
562 1498 713 1584 ἐνελάσῃ,

244 1626 279 1670 ιο
297 1618 430 1692 τραχεῖα
452 1605 643 1692 δυσμενέων

297 1713 552 1792 ὑπαντιάξαισα
575 1713 686 1800 κράτει
710 1718 816 1790 τιθεῖς
913 1767 918 1776 .

296 1821 397 1907 ὕβριν
421 1820 457 1886 έν
479 1823 598 1910 άντλφ.

341 1929 402 1992 τάν
425 1925 503 1993 οὐδὲ
527 1932 736 2014 Πορφυρίων
759 1927 864 1992 λάθεν

295 2033 374 2119 παρ’
399 2030 498 2100 αἶσαν
521 2033 722 2121 ἐξερεθίζων.

340 2141 458 2227 κέρδος
480 2139 516 2207 δὲ
540 2147 714 2227 φίλτατον,

296 2245 428 2324 ἑκόντος
450 2253 483 2312 εί
502 2273 552 2326 τις
574 2247 610 2312 έκ
633 2249 746 2333 δόμων
769 2245 879 2333 φέροι·

243 2479 276 2526 15
295 2465 352 2546 βία
376 2458 412 2526 δὲ
434 2458 490 2526 καὶ
512 2463 721 2547 μεγάλαυχον
743 2465 791 2526 ἕσ-
992 2459 1060 2526 Ἐκ.
1084 2460 1127 2526 α’.

342 2574 447 2653 φαλεν
470 2568 506 2633 έν
529 2572 647 2657 χρόνφ.
1165 2587 1198 2633 ’νο

146 2769 174 2818 4.
202 2765 311 2824 κλεῖδας
335 2764 363 2818 Β
387 2794 420 2802 -
441 2761 612 2831 ὑπερτάτως
637 2762 668 2816 D
686 2793 719 2801 -
739 2767 763 2815 5.
790 2759 987 2831 όιριστομένους
1012 2762 1057 2816 D⁸
1079 2795 1106 2801 -
1130 2767 1154 2818 6,
1181 2761 1255 2826 ὅπως
1277 2763 1305 2816 Β
1324 2795 1357 2803 -

77 2841 118 2890 11.
137 2839 246 2897 swale:
265 2832 350 2902 τίθης
363 2835 438 2888 malo
452 2865 488 2874 —
504 2841 544 2888 12.
564 2834 654 2888 λάθεν
668 2833 739 2889 coni
753 2833 880 2887 Mathiae
895 2831 961 2887 Obs.
976 2833 1053 2888 misc.
1068 2852 1089 2886 11
1105 2851 1143 2888 11:
1162 2831 1239 2903 μάθε
1254 2833 1359 2905 (μάθεν

74 2908 115 2974 1))
139 2905 223 2960 codd.
244 2908 274 2959 et
296 2905 383 2962 schol.
402 2937 436 2946 -
457 2912 498 2962 14„
523 2904 633 2970 ἑκόντες
654 2906 682 2960 Β
702 2911 797 2958 -16,
821 2907 869 2978 βία
893 2905 921 2959 Β
935 2906 965 2960 D
988 2907 1017 2959 et
1040 2903 1139 2960 schah:
1164 2903 1211 2980 βίᾳ
1235 2907 1261 2960 Ζ
1282 2905 1357 2976 quod

75 2978 204 3047 Heynins
223 2977 387 3047 anteposuit
404 3007 438 3018 -

77 3119 309 3189 Tranquillitatis
324 3119 436 3188 dicitur,
446 3120 509 3191 ipsa
522 3119 583 3174 filia
592 3119 730 3174 Themitis
741 3119 905 3190 perhibetur
916 3118 946 3175 0.
957 3137 1007 3173 1111
1017 3136 1027 3174 τ
1039 3151 1072 3160 -
1084 3126 1109 3174 4.
1120 3123 1152 3173 ut
1161 3119 1207 3174 hic
1216 3119 1358 3190 Hesychia

80 3192 224 3262 clavigera
234 3194 410 3263 (κλῃδοῦχος)
420 3209 480 3246 esse
489 3191 612 3261 fingitur,
624 3191 664 3246 sie
673 3192 772 3246 Πειθώ
782 3191 812 3244 P.
822 3211 851 3244 rx
862 3208 895 3259 aa,
906 3189 994 3260 Ἔρως
1004 3191 1067 3247 Eur.
1078 3190 1162 3262 Hipp.
1173 3207 1220 3260 ειο,
1230 3191 1358 3246 Minerva

80 3263 181 3317 Aesch.
196 3263 276 3319 Eum.
292 3281 331 3319 εει
350 3266 379 3318 et
397 3263 538 3334 Aristoph.
553 3263 663 3319 Thesm.
679 3280 730 3317 ms
749 3295 783 3303 —
803 3267 827 3317 5.
846 3259 1025 3318 Πυθιόνικον
1043 3261 1135 3331 τιμάν,
1155 3279 1285 3316 coronam
1304 3263 1357 3334 Py·

78 3335 146 3388 thiis
170 3337 282 3404 partam
305 3337 334 3389 et
355 3351 488 3424 pompam
511 3334 542 3388 in
565 3335 624 3389 eius
648 3335 783 3388 honorem
805 3333 979 3402 institutam
1004 3334 1038 3390 cf.
1057 3334 1199 3404 Aristoph.
1220 3351 1280 3390 ran.
1304 3351 1357 3392 aaa:

81 3403 298 3474 έχκατακροάιον
315 3407 384 3461 ποδὶ
400 3427 454 3461 ταν
473 3405 628 3460 ἀκόλαστον
651 3403 861 3476 φιλοπαίγμονα
884 3405 968 3476 τιμάν
986 3439 1021 3446 -
1036 3404 1230 3476 Ἀριστομένει·
1253 3406 1288 3460 dc
1308 3407 1356 3460 da-

79 3479 138 3532 tivo
156 3495 301 3547 personae,
321 3495 339 3532 a
357 3495 414 3547 qua
433 3478 496 3547 quis
515 3478 620 3548 accipit
638 3477 691 3547 sel,
710 3477 757 3532 cui
777 3477 840 3546 quis
859 3493 919 3532 rem
938 3477 1034 3547 demit,
1053 3477 1118 3532 vide
1137 3477 1175 3530 ad
1193 3477 1222 3532 P.
1238 3494 1303 3532 ται
1323 3509 1356 3518 -

80 3555 102 3603 t.
128 3555 216 3622 καιρῷ
243 3551 295 3604 σὺν
320 3551 443 3618 ἀτρεκεῖ·
471 3567 521 3604 suo
546 3554 672 3621 tempore
696 3547 841 3619 placidam
866 3547 1018 3618 mitemque
1045 3565 1105 3604 esse
1132 3549 1212 3602 deam
1232 3548 1261 3602 in
1281 3549 1356 3604 cives

78 3621 168 3674 iustos
186 3622 359 3690 eandemque
374 3637 503 3692 asperam
517 3621 547 3676 in
560 3621 687 3676 homines
702 3620 836 3675 factiosos
851 3623 881 3674 et
894 3620 989 3676 hostes
1004 3621 1138 3692 superbos
1153 3653 1188 3660 —
1205 3626 1228 3676 9.
1244 3620 1355 3696 καρδίᾳ,

80 3693 179 3746 ἑαυτοῦ
203 3696 280 3747 recte
305 3693 507 3763 interpretatur
533 3691 698 3761 scholiasta3
725 3693 820 3746 confer
842 3691 1021 3748 Homericum
1045 3691 1128 3746 κότον
1152 3691 1252 3746 ἔνθετο
1271 3696 1354 3764 θυμῷ

81 3765 132 3818 (id.
149 3785 165 3818 ν
177 3781 216 3819 ass
230 3795 264 3804 —
280 3770 322 3819 11.
341 3762 549 3830 ὑπαντιάξαισα
562 3763 608 3816 hic
623 3781 685 3818 cum
704 3763 801 3818 dativo
816 3762 933 3834 (κράτει)
949 3763 1129 3818 coniunctum
1147 3767 1198 3831 est,
1218 3764 1251 3816 ut
1270 3781 1353 3834 saepe

82 3834 158 3904 apud
174 3835 331 3907 scriptores,
350 3853 415 3890 cum
433 3852 490 3890 acc.
506 3835 536 3891 P.
550 3855 568 3888 v
581 3851 608 3889 ιι
626 3868 662 3875 -
681 3841 722 3891 12.
742 3841 832 3898 τιθεῖς
849 3833 932 3908 ὓβριν
953 3835 982 3891 έν
1002 3835 1099 3902 ἄντλῳ,
1120 3833 1260 3904 demergis
1278 3833 1353 3888 inso-

81 3905 194 3960 lentiam
218 3907 280 3961 alta
304 3924 391 3976 aqua;
418 3907 453 3961 de
478 3906 667 3961 locutionibus
687 3907 904 3976 enavigatione
925 3907 1024 3961 adres
1047 3906 1178 3977 politicas
1205 3904 1352 3960 translatis

81 3995 106 4032 v.
124 3977 234 4033 Lobeck
252 3977 336 4049 Soph.
355 3979 400 4033 Αἰ.
419 3995 472 4034 loss
491 4009 524 4018 -
545 3985 578 4032 13
597 3997 632 4033 ss.
652 3979 813 4048 generalem
831 3977 1000 4032 sententiam
1020 3977 1055 4033 de
1074 3976 1234 4032 hominibus
1254 3977 1353 4031 turbu·

82 4047 163 4101 lentis
180 4067 197 4102 a
214 4049 443 4118 Tranquillitntis
466 4050 580 4104 numine
602 4049 736 4119 repressis
760 4065 824 4118 egre
846 4049 872 4103 ie
895 4052 979 4119 poeta
1003 4048 1138 4119 exemplis
1162 4066 1179 4102 a
1203 4048 1284 4103 clade
1304 4049 1351 4104 Gi-

82 4123 195 4188 gantum
213 4124 241 4176 et
258 4121 378 4176 victoria
403 4121 541 4176 almorum
564 4122 679 4176 deorum
701 4121 799 4191 petitis
818 4069 950 4176 iilustrat.
988 4121 1141 4174 Pindarum
1159 4119 1288 4174 imitatus
1308 4124 1353 4174 est

83 4191 209 4246 Horatius
234 4192 263 4248 C.
282 4211 313 4245 m
330 4209 352 4261 ι,
372 4210 410 4248 eo:
436 4197 511 4248 testis
535 4211 656 4248 νκννυνι
682 4196 853 4248 centimanus
874 4193 950 4262 Gyas
966 4193 970 4260 1
986 4193 1195 4259 sententiamve,
1220 4199 1302 4247 notus
1329 4200 1354 4248 et

83 4267 196 4332 ι’τιιρτιιε
211 4263 216 4336 Ι
232 4271 377 4333 temptator
397 4265 483 4320 Orion
501 4264 628 4330 Dionae,
643 4267 647 4330 1
663 4267 788 4335 νίτρίνεα
811 4266 930 4319 δοννίιιιε
947 4266 1050 4334 εαρίιια
1068 4271 1116 4318 etc.
1134 4295 1171 4304 —
1192 4269 1231 4318 13.
1252 4263 1351 4320 schot:

83 4333 207 4389 τοῦτοδὲ
226 4331 313 4403 εἶπεν,
334 4334 375 4391 ὅτι
389 4339 433 4390 Πο
452 4333 561 4406 φαρέων
581 4335 756 4407 ἐπεχείρησεν
775 4333 999 4389 ἀποσπάσασθαι
1018 4337 1084 4406 βοῦς
1099 4333 1249 4402 Ἡρακλέος
1268 4335 1352 4390 duov-

83 4425 129 4467 τος
149 4407 238 4462 αὑτοῦ.
277 4407 332 4462 Sed
354 4358 453 4477 procui
475 4407 562 4462 dubio
585 4412 670 4478 poeta
693 4406 737 4460 his
759 4405 852 4460 serbis
880 4407 966 4460 etiem
992 4405 1129 4460 factiones
1150 4405 1352 4476 Aeginetarum

86 4477 278 4532 democraticas
293 4478 386 4548 carpit
399 4478 551 4549 optimates
565 4497 581 4533 o
603 4479 665 4534 ibus
680 4477 824 4548 privantes
840 4509 873 4517 -
889 4484 930 4531 14.
946 4477 1071 4532 conferre
1086 4477 1166 4530 iuvat
1183 4477 1352 4532 sententiam

84 4547 187 4602 Biantis
208 4567 250 4620 ap.
268 4549 517 4606 Stob.flor.n179:
535 4499 634 4612 πεάέας
656 4549 737 4622 λάβε,
764 4549 800 4619 μὴ
825 4546 1046 4618 βιασάμενος-
1069 4554 1111 4602 16.
1136 4545 1184 4619 βία
1208 4547 1352 4601 hominum

86 4619 263 4690 superborum,
283 4620 332 4690 qui
351 4625 383 4674 ut
401 4639 474 4691 quae
493 4621 610 4693 cupiunt
628 4622 844 4688 consequantur,
863 4620 892 4673 vi
910 4623 1028 4674 utuntur
1045 4637 1102 4674 non
1121 4617 1214 4673 verbis
1234 4619 1271 4672 ad
1290 4635 1351 4690 per-

86 4690 249 4746 suadendum
271 4692 369 4759 factis;
396 4711 453 4762 qua
476 4693 511 4748 de
534 4711 620 4748 causa
643 4711 706 4747 cum
724 4709 877 4762 pronomen
895 4711 941 4746 νιν
960 4711 985 4747 v.
1002 4709 1026 4746 ιε
1045 4691 1083 4746 ad
1102 4689 1272 4760 Hesychiam
1292 4691 1350 4745 sive

86 4761 231 4818 subiectum
254 4765 447 4819 antecedentis
470 4765 611 4820 enuntiati
634 4764 810 4820 referendum
832 4763 883 4831 sit,
906 4763 994 4818 verba
1013 4761 1061 4836 βία
1077 4807 1082 4819 .
1099 4807 1104 4817 .
1121 4806 1126 4818 .
1143 4761 1263 4832 ἔσφαλεν
1282 4767 1350 4834 (cor.

88 4838 181 4904 gnon.)
199 4835 228 4890 ἐν
246 4833 338 4910 χρόνῳ
356 4836 436 4906 quasi
455 4837 617 4906 parenthesi
636 4837 730 4892 media
748 4834 898 4890 interiecta
916 4851 977 4890 esse
995 4838 1064 4905 puto
1083 4868 1118 4874 —

1088 4923 1140 4979 is*
