3417 5434
648 321 780 372 ΡῩΤΗΙΑ
799 322 830 373 V.

314 478 490 566 ἀκηράτοις
513 481 623 559 ἁνίαις
1016 488 1097 569 Στρ.
1120 482 1164 568 β’,

312 587 505 673 ποταρκέων
528 587 646 654 δώδεκ’
674 589 717 655 ἀν
740 591 876 675 δρόμων
898 588 1040 674 τέμενος.
1184 609 1219 655 45

312 693 489 761 κατέκλασε
512 697 576 783 γὰρ
599 694 720 762 ἐντέων

356 801 480 878 σθένος
502 801 615 868 οὐδέν·
640 803 723 870 ἀλλὰ
745 803 918 889 κρέμαται,

261 926 293 974 36
312 909 417 976 ὁπόσα
439 919 599 997 χεριαρᾶν

311 1020 475 1083 τεκτόνων
498 1016 630 1083 δαίδαλ’
655 1021 747 1102 όίγων

311 1128 477 1211 Κρισαῖον
498 1127 607 1210 λόφον

311 1234 449 1317 ἄμειψεν
472 1231 508 1297 έν
530 1235 727 1300 κοιλόπεδον
748 1233 853 1310 νάπος

310 1345 409 1405 θεοῦ·
432 1349 478 1428 τῷ
501 1338 560 1424 σφ’
586 1343 651 1425 ἔχει
673 1344 916 1427 κυπαρίσσινον

258 1463 292 1510 ιο
310 1444 481 1532 μέλαθρον
503 1445 586 1532 ἄμφ’
611 1445 787 1534 ἀνδριάντι
810 1449 945 1533 σχεδόν,

310 1556 438 1640 Κρῆτες
460 1552 500 1619 ὃν
521 1553 699 1641 τοξοφόροι
722 1553 811 1638 τέγεϊ
832 1559 1015 1644 Παρνασίφ

310 1661 495 1746 κίθεσσαν,
517 1663 577 1727 τὸν
599 1664 812 1750 μονόδροπον
835 1666 953 1747 φυτόν.

309 1874 418 1942 ἑκόντι
440 1879 557 1942 τοίνυν
579 1874 694 1963 πρέπει
1010 1875 1094 1945 Ἀντ.
1117 1877 1161 1963 β’.

309 1986 376 2072 νόφ
399 1985 459 2049 τὸν
481 1983 656 2071 εὐεργέταν
678 1984 888 2050 ὑπαντιάσαι.

166 2219 207 2268 32.
231 2212 385 2283 ἀκηράτοις
404 2213 437 2269 C:
459 2212 625 2283 ἀνηρότοιτι
642 2215 710 2268 BD
729 2246 761 2255 -
781 2219 823 2268 33.
847 2213 1011 2284 ποταρκέων
1029 2215 1100 2272 coni.
1116 2215 1243 2272 Boeckh:
1268 2219 1373 2287 ποδαρ-

96 2284 167 2339 κέων
184 2285 274 2354 codd„
294 2282 438 2353 έπαρκέων
453 2286 539 2340 schol
553 2285 775 2373 interpretantur
789 2319 822 2325 —
837 2284 941 2340 δώδεκ’
957 2283 994 2340 ἂν
1011 2285 1122 2358 δρόμων
1137 2287 1209 2343 coni.
1225 2287 1373 2345 Thiersch:

97 2354 318 2427 δωδεκαδρόμων
340 2357 408 2425 130,
427 2358 556 2411 δυόδεκα
578 2359 690 2426 δρομων
712 2358 755 2426 D,
778 2355 996 2427 δωδεκάδρομον
1015 2358 1120 2414 Mosch.
1142 2392 1174 2399 -
1194 2365 1236 2414 36.
1257 2358 1371 2414 δαίδαλ’

97 2428 165 2482 coni.
178 2429 267 2482 Pauor
284 2428 330 2499 (cs.
344 2428 424 2482 Hom.
442 2432 513 2497 T1e,
532 2445 566 2497 ιο,
584 2449 600 2482 τ
618 2431 680 2497 rep:
701 2426 870 2500 δατδάλματ’
891 2429 985 2496 codd.;
1004 2430 1122 2500 χεριόρα
1140 2430 1270 2495 τέκτονος
1289 2430 1372 2502 ἀγάλ-

98 2499 160 2568 ματ’
180 2500 251 2556 coni.
267 2499 398 2568 Schmid,
415 2498 545 2554 τεκτόνια
563 2497 677 2554 δαίδαλ’
697 2500 841 2554 Hermann
860 2531 892 2540 -
912 2505 954 2555 38.
973 2503 1040 2570 post
1058 2501 1179 2571 ἄμειψεν
1198 2501 1374 2573 interpunxit

97 2571 193 2642 Bergk,
212 2574 245 2625 ut
270 2571 300 2626 έν
323 2569 490 2626 κοιλόπεδον
512 2570 602 2635 νάπος
625 2572 662 2624 ad
685 2569 820 2642 κρέμαται
843 2573 981 2627 referatur
1000 2605 1033 2612 --
1053 2579 1093 2630 39,
1122 2578 1201 2628 θεοῦ.
1226 2574 1258 2627 τὸ
1282 2575 1374 2640 codd,

97 2647 166 2714 θεῷ·
192 2651 243 2696 τοῦ
267 2643 339 2698 coni.
353 2643 459 2712 Bergk,
482 2647 567 2697 θεοῦ·
590 2648 628 2714 τῷ
651 2643 874 2712 Bauchenstein,
898 2641 999 2706 νάπος
1019 2648 1091 2699 θεοῦ
1110 2641 1140 2699 τέ
1158 2643 1208 2714 σφ’
1226 2645 1282 2715 ἔχει
1300 2645 1371 2699 Har-

98 2716 164 2784 tung
182 2747 214 2754 —
233 2719 277 2769 41.
302 2717 446 2783 Παρνασσ.
467 2714 491 2770 0
497 2715 527 2769 D
545 2747 579 2754 —
597 2720 641 2769 42.
665 2713 811 2769 κάθεσσαν
829 2714 879 2769 τὸν
898 2714 968 2768 coni.
983 2715 1109 2770 Boeokh:
1129 2715 1307 2772 καθέσσαντο
1326 2716 1372 2771 vel

98 2783 245 2841 καθέσσαν.
264 2785 297 2840 τὸ
316 2786 398 2841 codd.
418 2817 450 2826 —
470 2784 629 2856 μονόδρυον
646 2785 736 2841 τόπον
754 2787 826 2842 coni.
841 2786 1064 2842 Herwerden'-

162 2934 204 2984 38.
229 2926 408 2998 ποταρκέων,
431 2929 586 2999 sufficiens,
609 2947 692 2999 quem
710 2929 784 2985 vires
801 2946 860 2984 non
879 2929 1013 2984 deficiant
1030 2929 1182 2986 duodecies
1202 2929 1371 2985 curriculum

98 2999 208 3072 integris
227 3000 347 3055 habenis
364 3001 586 3070 permetientem.
626 3002 667 3056 De
686 3001 834 3057 duodecim
853 3000 981 3056 cursibus
1000 3017 1135 3070 equorum
1153 3020 1179 3056 v.
1200 3001 1231 3057 0.
1251 3022 1273 3056 11
1292 3019 1318 3060 so
1337 3036 1369 3043 —

99 3077 135 3125 34.
159 3071 262 3126 ἐντέων
287 3071 403 3140 σθένος,
427 3072 630 3143 periphrastice
655 3076 688 3128 ut
713 3070 815 3137 σθένος
839 3069 934 3127 ἀελίου
956 3073 986 3127 P.
1006 3091 1035 3126 iv
1054 3090 1106 3141 1⁴4,
1125 3073 1228 3137 σθένος
1246 3072 1370 3144 ἡμιόνων

100 3145 126 3198 0.
142 3164 170 3197 rr
187 3161 214 3198 κε
233 3176 267 3184 -
287 3149 330 3200 35.
354 3142 489 3211 δαίδαλα,
508 3145 660 3199 artificiosa
679 3146 845 3198 ornamenta
864 3161 972 3211 currus,
997 3143 1141 3198 fabrorum
1166 3163 1252 3200 manu
1279 3145 1370 3214 faota;

99 3216 127 3270 cl
148 3216 228 3270 Hom.
249 3219 388 3285 T1e.1s,
409 3236 425 3269 τ
443 3231 482 3287 ser
504 3247 541 3256 -—
561 3215 700 3271 τεκτόνων
728 3224 879 3287 χεριαρᾶν,
907 3215 1051 3270 fabrorum
1078 3233 1164 3270 manu
1192 3217 1300 3271 artifice
1328 3217 1369 3271 in-

99 3286 212 3356 signium
234 3317 270 3326 —
293 3291 336 3341 37.
364 3292 500 3356 Κρισαῖον
527 3285 628 3357 λόφον·
657 3287 758 3342 collem
786 3287 857 3341 dicit
883 3287 958 3340 inter
982 3303 1112 3357 campum
1135 3288 1291 3357 Crisaeum,
1320 3289 1369 3343 ubi

99 3358 156 3426 equi
173 3358 372 3427 decurrebant,
395 3360 425 3413 et
447 3358 572 3429 Delphos
589 3360 688 3413 urbem
706 3361 871 3413 montanam
891 3359 983 3428 situm,
1003 3359 1052 3427 qui
1071 3376 1135 3412 cum
1153 3361 1182 3413 et
1201 3360 1237 3414 ab
1257 3360 1301 3426 iis,
1320 3361 1369 3430 qui

99 3430 206 3499 Delphis
228 3430 259 3483 in
282 3447 412 3500 campum
434 3431 655 3499 descendebant,
678 3431 767 3485 stab
793 3429 841 3498 iis,
868 3430 917 3499 qui
940 3447 955 3485 e
979 3447 1078 3501 campo
1102 3431 1139 3484 ad
1163 3431 1299 3502 templum
1324 3433 1369 3486 dei

100 3503 233 3570 redibant,
251 3501 473 3583 praetereundus
492 3505 578 3585 esset,
603 3503 724 3557 alterum
741 3502 796 3557 iter
813 3503 878 3570 post
896 3501 1044 3556 victoriam
1063 3502 1188 3556 curulem
1206 3503 1237 3556 in
1256 3503 1368 3586 Crisaeo

99 3573 1226 3715 tbbffifftthltllbtllltimidule?allabitur
1240 3573 1368 3700 ’λ’-’λ’ἒλῖ

100 3717 257 3798 hnsthema·
266 3716 342 3770 istud
351 3715 516 3798 ¹Pausanias
534 3734 591 3771 non
609 3717 667 3771 iam
685 3717 766 3784 vidit,
784 3716 853 3798 licet
871 3719 982 3786 praeter
1001 3714 1113 3788 signum
1131 3717 1205 3770 Iovis
1222 3717 1367 3799 immonis

100 3787 1367 3930 tyfflzzedrltlibhffllob:ulrrlffiltllluffellmllllffb:

100 3932 149 4000 prio
163 3932 198 3985 nd
211 3931 311 3999 νάπος,
329 3934 362 3985 ut
379 3932 456 4000 quod
473 3948 575 3986 nomen
592 3931 719 4002 proxime
737 3931 897 3998 antecedat,
914 3931 1091 3986 referendum
1109 3930 1155 3996 sit,
1170 3933 1265 3985 tamen
1280 3931 1367 3985 etiam

100 4004 259 4057 adverbum
277 4001 412 4073 κρέμαται
430 4003 565 4072 pertinet,
589 4003 723 4072 quoniam
744 4003 775 4057 in
792 4003 898 4057 vallem
917 4002 963 4057 dei
982 4001 1133 4056 Carrhotue
1152 4002 1294 4072 profectur
1314 4007 1365 4070 est,

100 4075 179 4129 stibi
196 4077 372 4129 armamenta
389 4091 486 4128 currus
505 4075 620 4129 victoris
639 4075 823 4145 suspenderet
837 4107 870 4114 -
884 4071 915 4128 τό
935 4073 959 4128 si
977 4077 1052 4128 recte
1072 4091 1101 4128 se
1121 4074 1208 4128 habet
1226 4091 1316 4143 neque
1336 4075 1367 4128 in

99 4155 141 4200 τοῦ
156 4147 198 4201 vel
216 4146 312 4216 potius
334 4151 373 4219 τῷ
392 4146 599 4201 emendandum
616 4149 673 4212 est,
696 4145 774 4201 valet
793 4146 935 4212 ‘idcirco’3
961 4145 994 4200 cf.
1015 4144 1046 4200 Ο.
1067 4161 1139 4200 vrso
1160 4178 1191 4186 -
1212 4150 1254 4199 40.
1274 4165 1365 4200 κυπα-

101 4218 209 4286 ρίσσινον
226 4215 383 4288 μέλαθρον·
407 4217 569 4287 cupressina
588 4217 730 4285 aedicula,
748 4234 821 4286 quae
839 4217 1036 4272 thesaurorum
1064 4216 1154 4270 instar
1177 4233 1272 4270 currus
1298 4218 1366 4272 arti-

100 4290 183 4344 ficiosa
195 4291 373 4343 armamenta
386 4305 402 4343 e
416 4289 553 4343 columnis
567 4289 752 4359 trabibusque
767 4289 836 4343 tecti
850 4305 987 4359 suspensa
1000 4287 1164 4358 recipiebat,
1184 4287 1263 4342 ouius
1278 4290 1364 4343 moris

100 4379 181 4416 conns
194 4377 330 4429 armaque
343 4360 480 4415 victoriae
494 4361 549 4414 diis
564 4361 747 4416 consecrandi
759 4361 805 4430 (cf.
816 4359 847 4414 Ο.
859 4379 876 4414 v
887 4377 907 4415 s.
922 4361 1004 4414 Paus.
1015 4379 1043 4412 vr
1057 4376 1078 4426 e,
1092 4362 1115 4428 ι)
1129 4359 1253 4430 insignia
1267 4378 1364 4414 monu-

101 4437 182 4488 menta
193 4433 223 4486 in
237 4431 353 4486 Etruria
366 4432 498 4486 Perusiae
511 4435 623 4502 reperta
642 4435 716 4502 sunt,
735 4431 836 4502 quibus
856 4432 891 4485 de
905 4451 931 4487 v.
946 4430 1058 4486 Mitteil.
1074 4430 1101 4486 d.
1116 4431 1195 4486 Rern.
1211 4431 1278 4486 Inst.
1295 4438 1365 4486 1894

102 4537 128 4545 -
141 4511 177 4560 λλ.
190 4504 370 4575 μονόδροπον
384 4502 486 4573 φυτόν·
502 4504 650 4559 arboream
664 4507 787 4558 statuam
802 4520 835 4556 ex
849 4519 906 4558 uno
922 4505 1020 4556 trunco
1035 4502 1149 4570 factam,
1164 4518 1220 4555 non
1231 4519 1265 4555 ex
1277 4503 1363 4573 pluri-

102 4578 144 4630 bus
158 4576 285 4646 partibus
306 4575 491 4645 compositam
511 4609 545 4615 -
562 4583 605 4630 44.
626 4575 788 4645 εὐεργέταν·
808 4574 974 4629 Garrhotnm
994 4573 1131 4643 aurigam,
1151 4573 1197 4626 cui
1215 4573 1364 4628 victoriam

103 4648 242 4702 Arcesilaus
261 4646 356 4715 debet,
374 4665 430 4701 non
449 4647 532 4701 deum
545 4647 718 4717 Apollinem3
737 4646 876 4701 Pindarus
895 4648 998 4715 autem,
1017 4647 1050 4699 ut
1065 4644 1183 4714 adsolet,
1203 4645 1363 4701 laudationi

102 4719 305 4774 admonitionem
329 4719 482 4786 immiscet3
509 4720 623 4774 ridetur
645 4720 720 4774 enim
738 4717 898 4772 Arcesilaus
920 4717 1014 4772 minus
1037 4733 1192 4787 propensus
1216 4717 1303 4772 fuisse
1327 4719 1364 4774 ad

103 4794 186 4846 merila
204 4790 398 4845 ministrorum
416 4809 529 4846 suorum
548 4791 753 4846 remuneranda
772 4823 806 4831 —
