3417 5434
356 349 423 412 ‘220
828 351 978 404 erneisi
996 352 1163 404 amnicis.

357 530 390 578 35
410 512 589 598 εὐφαμίαις
612 537 646 578 τε
669 511 799 598 μάλιστ’
823 511 992 578 Ἀπόλλων

410 623 530 706 χαίρει,
555 626 634 708 γελᾷ
656 620 694 686 θ’
722 620 812 708 ὁρῶν
833 620 935 707 ὕβριν
958 620 1082 706 ὀρθίαν
1096 661 1109 670 -
1124 620 1314 686 κνωδάλων.

412 731 527 792 Μοῖσα
550 727 580 792 δ’
608 728 670 793 οὐκ
693 727 857 812 ἀποδαμεῖ

411 838 546 919 τρόποις
569 834 622 901 ε’πί
645 836 848 921 σφετέροισι·
872 858 953 900 παν-

455 951 495 1028 τᾷ
519 938 556 1007 δὲ
578 941 672 1029 χοροὶ
686 985 700 992 -
714 941 895 1028 παρθένων

412 1055 518 1134 λυρᾶν
541 1074 575 1115 τε
598 1049 674 1134 βοαὶ
697 1054 839 1134 καναχαί
860 1049 887 1113 τ’
915 1051 1028 1116 αὐλῶν
1051 1049 1235 1116 δονέονται·

357 1172 392 1220 40
412 1157 524 1244 δάφνᾳ
546 1180 580 1222 τε
604 1155 727 1245 χρυσέᾳ
750 1159 852 1241 κόμας
876 1155 998 1239 ἀναδή-

455 1281 571 1342 σαντες
594 1265 867 1344 εἰλαπινά-ζοισιν
890 1264 1070 1350 εὐφρόνως.

410 1373 504 1436 νόσοι
528 1373 549 1436 δ
587 1374 664 1437 οὔτε
690 1381 793 1457 γῆρας
817 1371 1000 1456 οὐλόμενον
1023 1371 1176 1457 κέκραται

411 1480 482 1567 ίερᾷ
505 1490 615 1566 γενεᾷ·
639 1482 752 1545 πόνων
776 1476 812 1544 dl
835 1477 891 1543 καί
914 1488 1022 1563 μαχᾶν
1045 1481 1122 1565 άτερ

409 1674 546 1740 οἰκέοισι
570 1679 734 1760 φυγόντες

410 1780 591 1868 ὑπέρδικον
614 1781 769 1867 Νέμεσιν.
815 1784 950 1867 θρασεί-

453 1915 474 1976 ᾷ
497 1885 535 1954 δέ
558 1887 668 1955 πνέων
683 1930 696 1937 -
713 1890 834 1976 καρδίᾳ

355 2013 389 2061 45
409 1999 509 2081 μόλεν
532 1997 669 2074 Δανάας
692 1993 769 2061 ποτὲ
792 2009 884 2079 παῖς,
908 1995 1017 2079 ἁγεῖτο
1042 1994 1071 2060 δ’
1098 1993 1237 2080 Ἀθάνα,

410 2103 443 2180 ές
465 2103 599 2189 ἀνδρῶν
621 2105 780 2190 μακάρων
803 2104 933 2188 ὅμιλον·
959 2106 1055 2188 ἔπεφ-

455 2209 512 2276 νέν
535 2235 569 2276 τε
593 2213 760 2297 Γοργόνα,
783 2208 837 2275 καί
853 2251 866 2258 -
880 2213 1033 2275 ποικίλον
1055 2209 1139 2295 κάρα

410 2320 602 2405 δρακόντων
625 2320 784 2402 φόβαισιν
807 2319 913 2402 ἤλυθε
937 2319 1113 2393 νασιώταις

410 2429 546 2491 λίθινον
568 2425 719 2490 θάνατον
741 2423 864 2511 φέρων.
910 2422 981 2509 ἐμοὶ
1006 2421 1043 2488 δὲ
1065 2425 1236 2509 θαυμάσαι
1591 2441 1614 2488 75

411 2627 502 2686 θεῶν
526 2621 745 2686 τελεσάν-των
769 2620 869 2686 οὐδέν
891 2643 969 2686 ποτε
994 2625 1146 2706 φαίνεται
1447 2620 1513 2687 Ἐπ.
1536 2621 1574 2705 γ’.

427 2821 469 2870 35.
495 2813 635 2885 εδφαμίας
663 2816 689 2869 D
716 2847 749 2856 -
775 2821 817 2870 36.
840 2819 908 2899 γελᾷ
934 2817 973 2869 B:
998 2819 1069 2884 γαλᾶ
1092 2816 1122 2869 D
1146 2847 1178 2855 -
1204 2815 1308 2886 ὀρθιᾶν
1332 2817 1410 2884 BD;
1434 2813 1532 2885 γελῶσ’
1551 2813 1615 2887 ὕβριν

353 2885 454 2956 Ὀρθία
479 2886 550 2941 coni.
571 2886 684 2942 Cresius
709 2887 739 2941 in
764 2885 899 2941 Roscherr
925 2887 1186 2955 lex.myth.1se1e
1210 2887 1273 2941 adn.
1295 2919 1327 2926 —
1352 2893 1394 2943 38.
1421 2886 1538 2956 δρόκοις
1561 2884 1615 2940 coni.

356 2958 500 3084 {iadau-Ii
519 2956 552 3069 δὲ
572 2960 650 3028 χοροὶ
667 2957 697 3012 τὲ
716 2959 746 3013 D
764 2991 797 2999 -
818 2964 860 3014 43.
880 2958 944 3013 fort.
961 2955 1089 3028 οἰκέοντι,
1109 2958 1143 3013 ef.
1158 2959 1188 3012 Ρ.
1204 2978 1231 3012 vr
1246 2975 1271 3013 ιε
1290 2991 1322 2998 -
1343 2963 1384 3013 48.
1405 2958 1541 3030 θαυματὰ
1559 2955 1614 3012 coni.

427 3177 469 3226 36.
490 3170 572 3245 ὕβριν
591 3169 703 3241 ὀρθίαν,
723 3171 870 3227 libidinem
891 3173 1027 3227 salacium
1046 3173 1201 3235 asinorum
1221 3173 1255 3226 cf.
1270 3172 1412 3243 Aristoph.
1428 3173 1491 3242 Lys.
1507 3189 1545 3228 sse
1564 3169 1614 3239 δριὰ

355 3241 542 3314 Λακεδαίμων
556 3252 633 3298 πᾶσα
648 3245 695 3297 καὶ
709 3245 753 3298 rol
766 3244 915 3315 σύμμαχον
932 3261 987 3313 qno
997 3248 1113 3314 aspectu
1123 3244 1262 3315 Apollinis
1277 3245 1323 3298 dei
1337 3244 1424 3298 risum
1438 3243 1545 3298 moseri
1558 3241 1614 3312 quod

356 3318 442 3386 poeta
455 3314 563 3370 lasciva
576 3315 658 3368 Musa
676 3315 800 3384 referret,
818 3315 919 3371 merito
934 3333 951 3370 a
965 3315 1085 3385 Didymo
1100 3316 1130 3370 in
1144 3316 1258 3370 scholiis
1272 3315 1449 3386 vituperatus
1469 3318 1525 3382 est;
1544 3328 1614 3382 neque

357 3391 453 3441 tamen
470 3388 554 3457 Leop.
570 3387 725 3441 Schmidtio
743 3387 869 3441 ruditum
888 3388 1036 3457 asinorum,
1056 3405 1139 3457 quem
1159 3391 1187 3442 et
1205 3387 1297 3458 ipsum
1316 3387 1401 3441 verbo
1419 3385 1542 3469 ὑβρίζειν
1559 3385 1614 3439 Hero

356 3460 439 3513 dotus
453 3477 481 3511 ιν
497 3474 535 3513 rra
552 3457 667 3526 indicet,
686 3458 863 3528 intellegenti
883 3459 1047 3529 adstipulor,
1067 3459 1201 3528 quoniam
1220 3459 1350 3512 rudentes
1369 3458 1489 3527 bestrae,
1508 3462 1540 3512 nt
1557 3459 1614 3511 recte

357 3529 514 3585 Boeclrhius
532 3529 649 3598 monuit,
668 3529 756 3584 risum
774 3549 830 3586 non
848 3534 969 3586 movent.
997 3531 1090 3585 Motus
1110 3530 1370 3601 hyparchematicos
1389 3530 1614 3600 Hyperboreorun

358 3600 531 3670 (κνωδάλων)
550 3601 703 3672 significari
721 3601 790 3656 mire
811 3602 913 3656 statuit
931 3600 1065 3656 Zielinski
1084 3602 1135 3656 Rh.
1151 3601 1188 3657 M.
1203 3619 1237 3671 38,
1252 3618 1292 3658 625
1311 3635 1343 3643 -
1364 3607 1405 3657 38.
1425 3601 1612 3670 παρθένων...

357 3673 467 3748 δάφνᾳ·
491 3673 657 3743 parthenios
680 3673 806 3728 carmina
829 3678 859 3728 et
886 3673 1115 3744 daphnephorica
1137 3673 1231 3744 lepide
1257 3690 1275 3727 a
1297 3677 1382 3744 poeto
1401 3673 1613 3797 adsignifieantur

356 3779 392 3786 -
410 3750 453 3800 40.
476 3742 592 3819 χρυσέᾳ,
611 3761 667 3799 non
686 3745 720 3799 de
740 3746 831 3801 colore
850 3744 969 3814 dictum,
990 3746 1038 3800 sed
1058 3746 1092 3799 de
1112 3745 1252 3816 dignitate
1271 3748 1300 3798 et
1317 3744 1460 3814 pulchritu
1482 3743 1540 3810 ine,
1557 3740 1612 3798 ad.

358 3837 406 3870 vm
426 3835 434 3870 1
456 3849 488 3857 -
511 3816 665 3884 εὐφρόνως·
685 3816 720 3872 cf.
734 3817 768 3872 N.
784 3837 801 3870 v
816 3833 841 3872 ee
861 3816 997 3886 εὔφρονες
1016 3813 1071 3871 ἰλαι
1091 3819 1142 3871 σὺν
1160 3816 1297 3886 καλάμοιο
1323 3816 1376 3891 βοᾷ
1398 3816 1470 3870 θεὸν
1494 3814 1612 3871 δέκονται,

356 3890 437 3943 Hom.
457 3888 508 3942 Od.
527 3904 594 3942 xxe
617 3887 748 3959 ἀλλήλῃσι
775 3886 880 3957 γε’λωτα
909 3890 958 3943 καί
982 3889 1158 3958 εὐφροσύνην
1180 3887 1353 3958 παρέχουσαι
1379 3919 1409 3926 -
1434 3893 1477 3942 41.
1502 3886 1575 3942 νόσοι
1593 3880 1610 3936 δ’

357 3961 421 4015 οὔτε
439 3968 538 4030 γῆρας·
558 3959 593 4014 cf.
611 3977 638 4014 v.
658 3975 684 4014 aa
703 3991 736 3999 -—
756 3965 797 4014 44.
818 3958 978 4028 ὑπέρδικον,
999 3977 1093 4014 severe
1113 3964 1142 4013 et
1160 3959 1205 4014 vel
1225 3976 1309 4029 snpra
1327 3959 1442 4013 modum
1460 3957 1612 4012 indicantem

356 4035 441 4100 atque
460 4031 637 4100 punientem
657 4030 1188 4101 cf.Aesch.Agam.1eseetSoph.Ai.
1206 4047 1265 4096 iris,
1284 4031 1387 4099 quibus
1405 4029 1477 4084 locis
1496 4027 1612 4096 ὑπέρδιια

356 4103 471 4158 modum
489 4100 608 4156 δικαίων
622 4103 755 4157 excedere
775 4103 907 4157 dicuntur
921 4133 953 4143 -
969 4108 1011 4156 45.
1031 4102 1148 4157 Perseus
1168 4120 1183 4156 o
1206 4119 1220 4156 e
1238 4101 1382 4156 Minervae
1401 4101 1471 4154 dene
1491 4117 1555 4154 usus
1570 4111 1612 4153 esse

358 4174 461 4230 dicitur
485 4173 571 4229 etiam
594 4173 623 4228 P.
643 4193 682 4227 τοι
702 4191 740 4244 rs,
764 4191 819 4243 qno
843 4175 905 4228 loco
928 4174 1028 4228 eedem
1050 4175 1149 4230 fabule
1173 4122 1283 4245 plenius
1306 4174 1443 4227 namatur.
1481 4171 1612 4249 Pindsrnm

356 4250 471 4318 poetam
495 4246 552 4299 iarn
570 4248 680 4300 veteres
699 4246 877 4316 grammatici
895 4245 994 4300 merito
1015 4247 1243 4317 exagitaverunt,
1266 4244 1341 4312 quod
1365 4243 1465 4298 itinere
1490 4242 1579 4298 Persei
1593 4257 1612 4291 111

356 4323 460 4372 terram
485 4318 729 4387 Hyperboreorum
748 4321 776 4372 et
795 4317 973 4388 expeditione
993 4317 1051 4371 eiua
1071 4318 1204 4372 adversus
1224 4316 1366 4385 Gorgones
1386 4315 1510 4370 confusis
1535 4315 1611 4370 oona

357 4389 505 4444 historiam
519 4392 548 4443 et
562 4406 653 4443 rerum
668 4389 818 4444 veritatem
831 4392 882 4443 aut
896 4388 1038 4459 Gorgones
1053 4390 1082 4442 in
1098 4387 1311 4458 septentrionali
1326 4389 1376 4440 aut
1389 4387 1579 4456 Hyperboreos
1592 4381 1611 4434 in

356 4460 526 4515 occidentali
551 4463 631 4530 parte
656 4462 785 4530 Europae
810 4459 941 4514 habitare
967 4462 1101 4530 putasset.
1140 4458 1275 4514 Similiter
1303 4461 1398 4512 autem
1424 4458 1511 4513 etiam
1535 4453 1611 4512 fabula

357 4533 392 4587 de
414 4532 505 4586 bobus
529 4532 601 4586 Solis
625 4536 654 4587 et
674 4535 786 4602 pastore
805 4531 933 4602 Geryone
957 4549 990 4586 ex
1014 4531 1120 4586 oriente
1144 4531 1174 4584 in
1197 4529 1430 4600 septentrionales
1449 4531 1572 4602 regiones
1586 4524 1611 4578 ab

356 4604 498 4659 Herodoto
517 4623 545 4657 ιν
564 4623 590 4672 s,
608 4605 720 4658 Aristea
738 4604 837 4674 opinor
855 4605 935 4672 duce,
954 4604 1093 4658 translate
1112 4605 1164 4672 est,
1183 4619 1239 4670 qua
1258 4602 1292 4655 de
1311 4620 1341 4656 re
1361 4603 1457 4657 confer
1475 4602 1547 4658 Stsb.
1562 4601 1582 4654 d.
1593 4597 1611 4647 b·

357 4677 405 4731 Ac.
426 4679 493 4728 1895
516 4694 543 4744 p.
564 4693 589 4729 ss
613 4708 646 4716 —
670 4680 712 4730 47.
739 4676 813 4744 κάρα
832 4692 888 4730 acc.
910 4675 1021 4743 obiecti,
1041 4673 1171 4729 θάνατον
1190 4691 1248 4729 acc.
1266 4673 1425 4746 praedicati
1444 4707 1477 4714 -
1497 4679 1538 4726 48.
1557 4677 1610 4726 θαν-

358 4745 444 4816 μάσαι
462 4763 517 4799 non
537 4763 599 4799 cnm
618 4746 801 4812 τελεσάντων,
823 4748 873 4800 sed
895 4764 958 4800 cum
979 4743 1112 4814 φαίνεται
1133 4745 1251 4801 ἄπιστον
1270 4746 1443 4816 iungendum
1461 4761 1521 4800 esse
1539 4741 1609 4815 patet

358 4815 496 4886 expressit
513 4819 608 4870 autem
627 4818 764 4872 Pindarus
783 4818 962 4872 Homericum
980 4819 1046 4871 θεολ
1065 4817 1096 4871 δέ
1114 4837 1143 4871 τε
1162 4817 1256 4872 πάντα
1276 4819 1413 4871 δύνανται
1432 4816 1493 4885 (Od.
1508 4836 1525 4870 x
1538 4817 1586 4882 ενι)-
