3417 5434
616 329 765 381 rsrflnn
786 333 835 385 ιιι.
1297 338 1362 402 343

1162 498 1246 566 Ἀντ.
1264 501 1309 567 α’.

137 594 284 661 εὐκλέων
307 594 337 661 δ’
365 598 472 684 ἔργων
495 599 616 663 άποινα
639 600 701 685 χρὴ
723 596 784 684 μὲν
806 601 953 686 ὑμνῆσαι
975 604 1034 669 τὸν
1057 604 1164 690 έσλόν,

136 704 202 787 χρὴ
227 699 263 767 δὲ
285 701 461 788 κωμάζοντ’
491 703 629 788 ἀγαναῖς
651 710 840 793 χαρίτεσσιν
862 709 1033 793 βαστάσαι.

136 812 208 875 ἔστι
232 807 268 875 δὲ
290 808 346 875 καὶ
369 811 520 895 διδύμων
543 811 676 900 ᾂέθλων
699 817 858 903 Μελίσσῳ

79 933 114 980 10
134 928 238 1003 μοῖρα
260 919 343 1003 πρὸς
365 918 578 1004 εὐφροσύναν
601 918 718 1006 τρέψαι
741 926 898 1005 γλυκεῖαν

136 1018 234 1109 ἦτορ,
257 1023 294 1090 έν
316 1024 493 1110 βάσσαισιν
514 1024 650 1112 Ἰσθμοῦ
674 1028 839 1113 δεξαμένῳ
864 1031 1062 1118 στεφάναις,
1085 1035 1126 1099 τά
1150 1032 1186 1101 δὲ
1208 1040 1276 1102 κοί-

183 1130 380 1219 λαλέοντος

135 1237 175 1303 ἐν
197 1239 429 1326 βαθυστέρνου
452 1241 542 1329 νάπᾳ
564 1242 683 1331 κάρυξε
709 1245 823 1327 Θήβαν

134 1472 339 1560 ἱπποδρομίᾳ
361 1472 517 1558 κρατέων.
541 1474 676 1561 ἀνδρῶν
698 1474 728 1541 δ’
756 1474 877 1563 άρετδιν

134 1580 314 1665 σύμφυτον
336 1580 377 1645 οὐ
400 1580 592 1667 κατελέγχει.

76 1704 110 1751 15
133 1693 205 1752 λστε
228 1688 294 1771 μάν
317 1688 521 1773 Κλεωνύμου

82 1830 89 1843 ·
133 1792 238 1872 δόξαν
259 1796 404 1860 παλαιάν
427 1796 586 1882 δέρμασιν·

131 1899 189 1966 καὶ
218 1904 365 1988 ματρόθε
394 1904 659 1988 Λαβδακίδαισιν
686 1906 847 1990 σύννομοι
874 1907 1021 1972 πλούτου
1049 1908 1232 1993 διέστειχον
1255 1934 1304 1976 τε-

931 2025 1091 2104 τρσρρριᾶν
1113 2019 1237 2095 πόνοις.

132 2100 219 2163 αἰὼν
241 2095 277 2163 δέ
300 2098 555 2185 κυλινδομέναις

178 2204 314 2294 ἁμέραις
334 2205 406 2272 ἄλλ’
427 2206 539 2273 ἄλλοτ’
561 2207 745 2288 ἐξάλλαξεν·
769 2212 914 2297 άτρωτοί
930 2235 967 2296 γε
985 2214 1052 2298 μάν
1069 2215 1185 2289 παῖδες
1202 2221 1302 2280 θεῶν.
1322 2233 1357 2281 30

678 2442 759 2527 uvi

158 2567 251 2633 ’Ἐστι
274 2592 330 2652 μοι
353 2575 444 2633 θεῶν
467 2567 556 2634 ἕκατι
579 2571 681 2653 μυρία
703 2577 811 2655 παντᾷ
833 2566 1006 2653 κέλευθος,
1159 2576 1239 2656 Σιτρ.
1258 2570 1302 2655 β’.

166 2713 283 2721 ...-.—..

151 2802 174 2850 λ.
191 2798 310 2851 εὐκλεῶν
323 2798 385 2851 BD
401 2830 433 2837 -
450 2802 491 2851 11.
508 2796 638 2870 βάσαισιν
651 2799 680 2853 Β
694 2829 728 2838 -
744 2802 785 2851 12.
801 2794 995 2869 βαθυστέρνου
1009 2797 1103 2853 ουδεὶς
1123 2796 1306 2873 βαθυστέρνῳ
1320 2818 1355 2856 ex

71 2867 193 2923 scholiis
207 2868 299 2937 Bergk
310 2900 342 2909 -
355 2874 395 2923 17.
410 2870 618 2942 Ααβδακίδαισι
632 2874 707 2935 ξυνν.
714 2868 877 2923 -Mommsen
887 2902 920 2909 —
930 2869 1053 2924 πλούτου
1066 2870 1141 2925 BD:
1155 2870 1266 2944 πλοότῳ
1279 2873 1351 2927 coni.

72 2944 163 2995 l‘auw
178 2972 210 2980 -
226 2935 364 3010 διέστιχσν
382 2941 453 3009 BD,
473 2940 624 3011 διέστειχον
644 2941 800 2995 Hermann:
820 2938 975 3010 διέστιλβον
993 2940 1065 2996 coni.
1085 2940 1174 3010 Rullo,
1194 2941 1354 3012 διέτριψαν

72 3014 298 3082 interpretantur
321 3012 440 3079 scholia;
464 3012 574 3085 πλούτῳ
599 3012 711 3083 διέσχον
736 3013 785 3066 καλ
809 3030 880 3080 τετρ.
895 3010 994 3075 πόνοις
1010 3012 1142 3083 Hartung
1164 3046 1200 3055 -
1223 3018 1265 3068 18.
1290 3014 1352 3069 ἄλλ’

72 3086 156 3138 ἄλλοι
172 3082 197 3137 τ’
214 3086 241 3137 Β
259 3116 294 3124 -
314 3090 355 3138 19.
370 3100 483 3138 cannen
497 3086 628 3153 quartum
643 3102 706 3137 cum
719 3084 803 3139 tertio
818 3083 951 3138 cohaeret
967 3083 998 3138 in
1015 3084 1054 3153 D,
1074 3100 1163 3139 vacuo
1182 3084 1244 3140 loco
1263 3086 1301 3139 ab
1320 3104 1353 3141 eo

71 3228 204 3298 χρήματα
222 3226 320 3281 σθένει
339 3225 423 3281 οὐδέν
438 3227 463 3281 εἰ
476 3228 512 3297 μὴ
524 3228 636 3309 βραχὺν
650 3226 778 3298 ὁμιλῆσαι
797 3222 946 3296 χρόνον-
963 3233 986 3281 7.
1008 3225 1096 3296 ἔργων
1115 3226 1220 3299 ἄποινα
1239 3229 1352 3298 apposi-

70 3300 116 3353 tio
137 3298 330 3367 praedicativa
349 3301 392 3352 est
411 3302 566 3353 sententiae
586 3300 707 3369 ὑμνῆσαι
725 3298 774 3352 τὸν
793 3296 880 3363 ἐσλόν,
901 3300 934 3351 ut
952 3297 1083 3353 O.v1116.
1104 3297 1133 3352 P.
1148 3318 1159 3351 1
1172 3316 1199 3354 aa
1213 3330 1247 3339 —
1262 3309 1286 3353 8.
1302 3301 1351 3371 ὑμ-

71 3380 157 3438 νῆσαι
178 3374 207 3424 et
225 3370 387 3439 κωμάζοντα
402 3370 471 3439 (scil.
487 3374 610 3440 poetam)
624 3372 764 3440 χαρίτεσσι
783 3366 921 3441 βαστάσαι
940 3369 1155 3440 coniunguntur,
1174 3374 1207 3423 ut
1219 3379 1308 3441 κῶμοι
1323 3376 1353 3426 ct

71 3439 174 3496 ἀοιδαί
191 3441 211 3495 l.
227 3460 247 3493 u
266 3458 290 3495 οι
311 3472 344 3481 -
364 3446 388 3495 9.
408 3442 608 3511 saltatrices,
628 3442 672 3495 vel
692 3442 821 3508 duorum;
847 3440 920 3495 bene
938 3444 1033 3495 autem
1051 3443 1137 3510 poeta
1155 3441 1275 3496 alteram
1293 3443 1351 3499 vic-

70 3513 177 3567 toriam
196 3513 377 3579 Nemeaeam‚
397 3530 468 3581 quae
487 3530 561 3568 nova
579 3516 747 3580 accesserat,
768 3511 889 3582 amplius
907 3516 1069 3582 persecutus
1089 3515 1185 3567 est-
1205 3519 1246 3568 10.
1266 3524 1351 3584 μοῖρα

72 3582 256 3653 ...τρέψον
281 3583 392 3639 dicendi
416 3602 467 3638 usu
491 3584 612 3638 Pindaro
636 3584 771 3639 familiari
793 3601 843 3652 pro
883 3593 947 3651 ολρα
969 3584 1083 3653 τοιαύτη
1108 3583 1175 3638 ὥστε
1194 3584 1298 3654 τρέψαι
1317 3620 1349 3626 -

74 3664 118 3711 11:
140 3656 176 3709 τὰ
200 3654 244 3725 δὲ,
268 3655 360 3710 altera
383 3672 415 3709 ex
438 3658 531 3737 parte;
555 3656 589 3711 cf.
606 3658 636 3711 Ο.
652 3676 680 3709 rx
694 3672 719 3711 ss
739 3688 772 3696 -
791 3655 826 3709 τδι
845 3604 882 3709 δέ
896 3654 1011 3725 κάρυξε·
1038 3673 1088 3709 suo
1111 3673 1187 3710 more
1210 3656 1349 3711 Pindarus

70 3728 168 3781 variat
186 3726 305 3781 formam
323 3727 473 3791 orations,
493 3730 525 3781 ut
544 3728 575 3781 Ο.
594 3748 604 3780 1
623 3744 648 3782 rr
663 3746 703 3796 sq.
723 3760 758 3768 —
776 3724 888 3790 λέοντος
905 3725 984 3781 νάπαι
1001 3726 1077 3781 valle
1094 3727 1229 3781 Nemeaei
1247 3728 1349 3795 leonis;

70 3798 206 3853 similiter
219 3798 248 3854 P.
263 3818 291 3852 vr
305 3817 317 3853 a
332 3798 405 3854 dixit
419 3798 449 3853 έν
465 3798 630 3874 Ἀπολλωνίᾳ
643 3798 722 3874 νάπᾳ
741 3832 774 3839 -
791 3804 831 3853 lt.
849 3798 956 3871 Θήβαν,
968 3783 1095 3853 Τὴοδεω
1108 3801 1258 3869 patronam
1272 3800 1349 3855 urbis

70 3870 233 3927 Thebarum
252 3874 289 3939 (v.
309 3870 329 3925 I.
348 3890 359 3923 1
379 3889 397 3925 1.
417 3890 455 3925 vn
474 3888 493 3927 1.
522 3870 554 3925 fr.
575 3888 608 3938 ss,
628 3875 650 3940 a)
674 3874 768 3925 utrum
786 3869 959 3923 intellexerit
982 3886 1018 3924 an
1040 3869 1138 3924 urbem
1156 3870 1248 3941 ipsam
1267 3874 1303 3939 (τ.
1317 3871 1349 3926 P.

69 3962 100 3995 ιν
120 3960 167 3996 κου,
195 3942 229 3996 fr.
249 3958 296 4011 τοι,
315 3945 351 4010 ι),
376 3942 507 3996 dubitare
530 3943 621 4011 possis
645 3974 677 3983 -
703 3948 743 3997 14.
768 3942 801 3995 οὐ
827 3941 998 4011 κατελέγχει,
1022 3958 1079 3995 non
1101 3940 1250 4011 indignum
1272 3941 1350 3996 fama

71 4014 213 4069 maiorum
231 4030 260 4067 se
279 4014 408 4084 praebet3
427 4014 461 4067 cl.
478 4014 621 4069 0.v1111o.
649 4014 668 4068 l.
684 4032 734 4068 rur
752 4030 777 4067 oo
796 4044 830 4053 -
851 4018 892 4067 17.
911 4015 960 4066 καλ
978 4011 1123 4081 ματρόθεν
1141 4010 1350 4085 Ααβδακέδαισι

70 4086 221 4156 σύννομοι·
242 4084 341 4140 schol:
361 4087 397 4148 ὡς
415 4084 487 4139 κατὰ
506 4084 611 4155 μητέρα
629 4085 686 4139 άπὸ
704 4083 858 4157 Λαβδάκου
876 4083 925 4137 καὶ
946 4080 1098 4145 Οἰδίποδος
1115 4085 1350 4153 transmenso

71 4158 154 4219 ὄντος
173 4190 206 4197 -
225 4156 347 4211 πλούτου
366 4156 518 4226 διέστειχον
536 4176 605 4225 τετρ.
624 4154 734 4219 πόνοις·
754 4156 840 4209 verba
860 4154 883 4207 si
902 4154 1025 4226 genuina
1044 4158 1123 4223 sunt,
1141 4154 1234 4210 simile
1253 4155 1350 4209 valent

71 4234 159 4297 atquo
178 4230 264 4296 ἀρετά
283 4228 447 4282 κατάκειται
465 4226 625 4297 ἀμφότερον
643 4226 786 4289 δαπάναις
804 4246 832 4280 τε
853 4226 901 4279 καλ
918 4223 1017 4289 τόνοις
1035 4227 1055 4281 Ι.
1070 4247 1080 4278 1
1094 4243 1132 4281 rs:
1153 4227 1268 4281 divitias
1307 4244 1348 4281 er-

70 4300 229 4354 metiuntur
246 4285 302 4354 ison
321 4299 425 4369 ignavi,
445 4300 494 4353 sed
512 4299 657 4355 laboribus
677 4298 819 4353 curulibus
834 4314 947 4367 operam
961 4300 1112 4364 navantes3
1130 4296 1178 4351 vix
1192 4297 1268 4351 enim
1280 4246 1350 4353 licet

69 4376 199 4426 statuere
221 4374 251 4425 et
273 4371 401 4425 dativum
424 4373 631 4444 λαβδακίδαισι
654 4374 683 4424 et
704 4369 866 4440 genetivum
890 4369 1011 4423 πλούτου
1033 4386 1051 4422 a
1073 4369 1186 4423 nomine
1214 4370 1349 4440 σύννομοι

68 4445 203 4513 pendere,
223 4459 393 4511 quamquam
408 4443 540 4513 σύννομοι
554 4460 617 4495 cum
631 4442 762 4511 genetivo
776 4444 878 4511 poetae
893 4444 922 4493 et
935 4440 1084 4511 scriptores
1098 4439 1225 4508 iungunt.
1249 4440 1348 4495 Finem

68 4532 136 4570 vero
165 4512 297 4567 carminis
320 4513 396 4569 tertii
420 4514 449 4567 in
473 4514 570 4568 eodem
589 4530 644 4581 quc
662 4513 775 4567 initium
794 4512 889 4580 quarti
909 4512 1040 4565 carminis
1059 4510 1126 4565 orba
1144 4512 1349 4566 sententiarum

68 4587 143 4641 serti
163 4588 248 4655 poeta
265 4585 369 4649 voluit,
388 4602 443 4653 quo
463 4585 574 4639 facilius
594 4586 648 4639 duo
668 4584 793 4639 carmina
816 4583 949 4654 coniungi
975 4586 1003 4637 et
1027 4582 1153 4652 copulari
1174 4586 1290 4654 possent
1313 4616 1347 4625 -

68 4666 112 4713 18.
132 4660 235 4720 παῖδες
254 4660 338 4725 θεῶν,
357 4674 407 4727 pro
426 4656 499 4722 θεοί,
519 4660 550 4711 ut
568 4655 715 4711 παίδεσσιν
731 4654 872 4709 Ἑλλάνων
890 4671 939 4725 pro
952 4652 1084 4708 Ἕλλασιν
1098 4672 1124 4709 v.
1139 4670 1165 4709 ει
1179 4658 1208 4708 et
1221 4655 1271 4710 τδν
1285 4655 1349 4710 olba

66 4739 119 4785 τοῦ
139 4729 298 4797 ἀνθρώπου
316 4746 366 4798 pro
384 4728 434 4783 τὸν
453 4728 608 4797 ἄνθρωπον
627 4746 671 4799 ap.
689 4727 864 4781 Matthaeum
882 4725 1094 4795 evangelistam.

142 4806 185 4854 lt.
206 4799 306 4869 incipit
325 4817 427 4854 novum
446 4817 567 4868 carmen,
586 4800 672 4853 simili
687 4799 808 4853 formula
822 4801 908 4866 atque
922 4814 1034 4852 carmen
1049 4798 1080 4852 Ο.
1094 4816 1123 4851 xr
1136 4797 1299 4852 inchoatum
1314 4830 1348 4840 -
