3417 5434
465 293 502 344 II.
528 293 579 343 DE
597 293 692 344 ARTE
709 293 871 344 METRIGA
888 293 1046 344 PlNDARl.
1303 290 1394 344 XXXI

102 459 226 520 tarum.
271 454 396 519 Eadem
426 459 534 519 autem
562 454 628 519 iam
651 455 755 520 multo
780 453 1019 540 antiquioribus
1042 454 1247 537 temporibus
1269 454 1393 520 radices

102 584 182 626 suas
216 567 338 647 egerat.
390 559 438 625 Ut
468 561 555 626 enim
587 561 828 628 Anacreontem
861 562 975 626 ducem
1008 566 1040 624 et
1073 560 1264 646 signiferum
1295 561 1392 625 huius

97 668 339 732 cantilenarum
368 668 460 733 lusus
489 667 589 734 fuisse
618 670 762 756 mittam,
792 668 907 752 hymni
936 689 1064 752 quoque
1093 672 1126 732 et
1153 690 1306 754 paeones,
1334 669 1391 752 qui

100 797 208 860 nuper
236 797 275 840 ex
299 776 456 842 thesauro
480 775 730 841 Atheniensium
753 775 913 861 Delphico
936 774 971 837 in
994 774 1099 838 lucem
1122 775 1281 858 protracti
1304 780 1390 859 sunt,

101 883 249 947 1111111111
269 882 319 948 111
339 887 428 948 11111
447 881 563 948 similis
582 881 725 947 fabricae
744 886 830 947 sunt.
861 880 968 957 Quid?
988 881 1074 965 quod
1088 881 1256 966 Euripidis
1270 882 1393 966 plerae-

103 1011 166 1072 que
186 989 356 1075 strophae,
374 989 566 1074 praesertim
586 1011 666 1073 quas
685 995 840 1074 provecta
856 993 962 1052 aetate
975 989 1104 1073 panxit,
1121 988 1170 1052 ita
1184 995 1391 1073 comparatae

102 1101 193 1182 sunt,
223 1101 259 1161 ut
288 1120 416 1162 summa
443 1096 493 1160 vis
520 1096 679 1180 colorum,
707 1097 842 1160 minima
868 1118 1021 1161 versuum
1049 1101 1083 1160 et
1107 1095 1315 1179 periodorum
1339 1097 1391 1161 sit.

102 1204 190 1268 Nam
209 1226 292 1288 qnae
306 1203 579 1268 Wilamowitzius
598 1203 634 1266 in
648 1203 821 1289 Hippolyti
841 1203 983 1267 editione
1000 1224 1104 1287 nuper
1117 1203 1263 1268 1111111111
1276 1209 1390 1290 metra,

103 1334 140 1376 ea
164 1311 321 1396 pleraque
343 1333 447 1395 neque
472 1310 544 1375 1111
567 1315 644 1375 sunt
666 1332 771 1394 neque
793 1309 874 1374 iusti
898 1332 1024 1394 versus,
1047 1310 1110 1374 sed·
1126 1310 1269 1375 medium
1292 1312 1392 1397 quod·

104 1420 180 1484 dam
207 1419 313 1483 invita
337 1417 484 1482 Minerva
506 1417 645 1502 factum,
673 1439 738 1502 quo
762 1417 896 1482 minime
919 1439 972 1494 ars
995 1416 1173 1501 Euripidae
1197 1417 1390 1483 continetur.

106 1525 215 1590 Huius
242 1529 359 1609 poetae
387 1529 490 1589 artem
517 1525 552 1588 in
578 1524 690 1608 lyricis
719 1523 916 1589 carminibus
932 1523 1133 1614 ,factitandis
1159 1524 1302 1608 positam
1335 1527 1391 1610 qui

106 1633 270 1718 scriptura
302 1636 335 1696 et
366 1631 576 1696 distinetione
609 1635 850 1716 repraesentare
883 1630 983 1717 volet,
1015 1631 1044 1695 is
1074 1631 1218 1716 primum
1246 1633 1391 1697 omnium

106 1740 179 1804 cola
202 1740 243 1803 ad
262 1739 426 1824 exemplar
444 1738 583 1803 traditae
602 1737 810 1803 colometriae
829 1760 993 1823 separare,
1016 1738 1130 1802 deinde
1149 1737 1296 1803 artificiis
1316 1739 1392 1804 scri-

108 1847 207 1911 bendi
226 1846 548 1930 comprehensionem
567 1846 713 1910 colorum
731 1846 766 1910 in
784 1845 935 1930 periodos
948 1845 1091 1910 indicare
1105 1845 1244 1909 debebit.
1268 1845 1391 1911 Verum

106 1955 191 2019 hanc
218 1975 286 2018 non
311 1953 412 2018 fuisse
435 1953 539 2018 artem
562 1953 779 2018 vetustiorum
801 1957 974 2038 poetarum
998 1952 1216 2038 choricorum,
1242 1975 1284 2017 ne
1306 1952 1392 2017 Atti-

105 2083 221 2126 corum
244 2061 375 2144 quidem
398 2065 567 2144 poetarum
588 2060 732 2125 omnium
750 2064 864 2124 nostra
883 2059 1041 2124 memoria
1057 2059 1224 2144 praeclaro
1243 2059 1391 2125 acumine

104 2191 179 2234 cum
208 2168 347 2233 aliorum
375 2169 518 2233 virorum
545 2168 717 2233 doctorum
740 2171 812 2232 tum
833 2166 978 2252 Augusti
1001 2165 1160 2232 Boechhii
1187 2166 1390 2251 exploratum

103 2283 203 2360 atque
232 2275 481 2360 comprobatum
510 2279 569 2340 est.
614 2275 720 2339 Probe
743 2275 847 2360 igitur
870 2273 1117 2360 distinguendae
1140 2273 1274 2338 suntin
1296 2274 1392 2338 resti-

104 2383 235 2448 tuendis
261 2383 458 2448 carminibus
481 2382 594 2466 lyricis
617 2386 648 2446 11
674 2384 796 2446 aetates
819 2384 992 2464 poetarum
1010 2385 1044 2444 et
1064 2402 1184 2466 genera
1203 2379 1390 2444 carminum.

103 2491 295 2555 Carminum
323 2512 443 2576 genera
469 2488 701 2576 distinguenda
724 2488 804 2572 dixi,
832 2488 918 2571 qnod
942 2488 1042 2552 etiam
1064 2487 1170 2553 Attici
1191 2491 1321 2573 poetae,
1342 2487 1391 2552 in·

101 2598 218 2683 primis
238 2597 475 2682 Aristophanes
495 2601 528 2662 et
541 2596 737 2681 Aeschylus,
756 2601 887 2679 praeter
905 2594 1063 2680 carmina,
1082 2595 1200 2678 quibus
1218 2593 1389 2659 hominum

102 2705 288 2792 aequalium
318 2704 501 2770 delicatulis
534 2703 668 2768 auribus
693 2703 902 2788 indulgentes
929 2702 1045 2767 molles
1072 2706 1106 2766 et
1133 2707 1247 2767 tenues
1275 2703 1389 2768 modos

101 2814 315 2897 effinxerunt,
347 2812 412 2877 alia
444 2816 710 2898 composuerunt,
741 2811 776 2875 in
807 2809 927 2895 quibus
954 2814 1095 2874 veterem
1123 2810 1389 2874 consuetudinem

99 2920 224 2985 imitati
248 2921 355 3006 magis
379 2919 419 2984 ad
442 2921 647 2986 maiestatem
670 2923 703 2982 et
728 2918 935 2984 severitatem
952 2917 1061 3002 poesis
1081 2916 1230 2982 choricce
1249 2917 1390 3002 adspira·

100 3029 189 3092 bant.
240 3025 399 3092 Aetatum
431 3031 540 3092 autem
573 3031 696 3112 quanta
727 3027 776 3090 111
809 3023 921 3110 fuerit,
958 3024 1080 3109 optime
1112 3024 1295 3110 intelleget,
1333 3025 1389 3110 qui

99 3140 239 3200 naturae
277 3139 376 3219 atque
412 3134 605 3221 proprietati
641 3133 830 3198 Pindaricae
867 3131 980 3197 Musae
1017 3130 1163 3196 animum
1204 3131 1390 3217 adverterit,

99 3263 236 3326 eamque
262 3263 336 3307 cum
359 3242 492 3308 levitate
511 3241 824 3307 Anacreonticorum
848 3244 882 3304 et
905 3238 1073 3304 dulcedine
1090 3239 1298 3324 popularium
1322 3261 1388 3303 car·

99 3349 226 3412 minum
260 3349 446 3414 contulerit.
495 3349 655 3414 Pindarus
689 3349 775 3413 enim
803 3371 878 3414 cum
906 3369 925 3410 a
953 3346 1122 3412 lenociniis
1151 3346 1387 3412 cantilenarum

98 3454 287 3520 Ionicarum
315 3477 450 3540 prorsus
474 3457 664 3524 abhorreret
688 3461 721 3520 et
744 3455 849 3542 magis
874 3454 914 3519 ad
938 3459 1100 3519 tumorem
1124 3459 1157 3518 et
1180 3455 1388 3540 magnificen-

98 3565 179 3628 tiam
209 3584 309 3647 quam
338 3563 378 3626 ad
403 3563 604 3628 dulcedinem
628 3568 660 3628 et
684 3562 904 3649 gracilitatem
924 3561 1111 3645 inclinaret,
1132 3583 1200 3626 non
1223 3562 1330 3626 solum
1352 3561 1386 3626 in

98 3670 285 3736 elocutione
309 3674 343 3734 11
366 3670 564 3735 ornamentis
589 3670 762 3756 orationis,
785 3669 840 3736 sed
864 3669 964 3734 etiam
988 3668 1023 3732 in
1042 3668 1189 3732 versibus
1208 3669 1387 3754 pangendis

98 3777 298 3841 sublimitati
327 3781 361 3841 et
389 3777 566 3863 granditati
595 3800 693 3862 quam
721 3777 862 3842 maxime
890 3776 1025 3841 studuit.
1072 3774 1291 3850 Quamobrem
1315 3776 1388 3840 cola

97 3885 218 3970 pusilla
245 3906 362 3969 parum
390 3883 539 3970 curabat,
567 3907 719 3950 versuum
746 3884 906 3969 imprimis
935 3883 1043 3948 decori
1072 3887 1106 3946 et
1133 3882 1288 3968 dignitati
1315 3905 1388 3967 pro

97 3992 275 4078 spiciebat3
307 3991 369 4056 hoc
397 3995 506 4055 autem
534 3992 655 4077 duplici
683 3992 780 4057 modo
809 3995 977 4056 assecutus
1006 3994 1071 4076 est,
1101 3990 1189 4074 quod
1212 3995 1245 4055 et
1267 3990 1385 4076 longos

97 4123 210 4165 versus
236 4099 439 4185 grandesque
461 4097 613 4182 periodos
637 4098 866 4181 conformavit,
889 4103 922 4162 et
944 4102 1054 4182 partes
1074 4119 1226 4162 versuum
1245 4097 1386 4162 1111111-

98 4207 189 4271 flavit
214 4211 314 4290 atque
338 4205 590 4292 conglutinavit,
612 4211 649 4270 ut
678 4205 810 4270 difficile
835 4205 907 4268 cola
925 4204 1187 4291 disiungerentur
1206 4209 1239 4268 et
1257 4226 1386 4289 separa-

97 4319 219 4379 rentur.
266 4310 345 4377 Inde
376 4335 449 4378 raro
477 4311 572 4398 plura
594 4313 666 4378 cola
689 4312 781 4397 paria
802 4311 838 4374 in
860 4310 993 4375 Pindari
1017 4311 1215 4376 carminibus
1240 4334 1311 4376 sese
1334 4335 1386 4376 ex-

98 4421 238 4506 cipiunt,
261 4425 295 4485 et
319 4441 485 4504 caesurae,
509 4419 626 4504 quibus
650 4419 722 4485 cola
745 4418 785 4483 ab
809 4417 932 4482 Atticis
953 4418 1061 4502 poetis
1086 4418 1222 4484 scenicis
1245 4419 1386 4503 plerum-

97 4551 166 4612 que,
185 4553 206 4593 a
223 4527 363 4594 noviciis
382 4528 489 4612 poetis
508 4527 619 4612 lyricis
638 4526 705 4591 fere
725 4548 852 4611 semper
871 4525 1150 4609 discriminantur,
1168 4548 1323 4611 persaepe
1341 4526 1383 4590 ab

97 4658 134 4701 eo
160 4636 332 4722 neglectae
358 4634 575 4699 inveniuntur.
622 4633 735 4718 Neque
759 4638 870 4697 tamen
893 4632 1005 4697 eadem
1030 4654 1127 4697 causa
1149 4634 1294 4697 omnium
1318 4654 1386 4698 car-

97 4743 222 4809 minum
246 4743 333 4808 11111
352 4741 499 4807 Thebani
523 4745 586 4825 est,
610 4742 696 4826 quod
719 4745 757 4805 ut
778 4738 965 4826 intellegas,
989 4739 1137 4805 conferre
1159 4741 1251 4804 iuvat
1268 4745 1383 4806 tenues
