3417 5434
307 279 372 343 312
777 277 925 329 pinnini
944 278 1110 330 ceruicis.

307 461 341 509 νο
360 456 480 529 μοῖραν
504 440 622 507 ἐσλῶν·
646 443 713 505 ἔστι
737 436 774 504 δὲ
796 437 852 504 καὶ
874 441 973 524 κόρος
996 438 1187 524 ἀνθρώπων
1208 441 1315 523 βαρὺς
1337 438 1504 505 ἀντιάσαι·

351 549 433 639 ,ἀλλ’
459 550 546 633 ὅμως
568 548 730 633 εὔχορδον
753 550 857 631 ἔγειρε
881 547 1001 630 λύραν,

361 656 416 723 καὶ
438 655 674 741 παλαισμάτων
698 654 776 738 λάβε
799 652 965 738 φροντίδ’.
989 652 1080 736 ἀγών
1102 678 1153 719 τοι
1177 654 1313 738 χάλκεος
1554 672 1593 717 ιο

362 766 469 851 δᾶμον
491 764 623 849 ὀτρύνει
646 760 721 827 ποτὶ
745 764 936 845 βουθυσίαν
950 759 1057 846 Ἥρας
1080 759 1213 827 άίθλωυ
1235 784 1270 827 τε
1291 764 1416 847 κρίσιν·

364 873 469 939 Οὐλία
491 883 569 948 παῖς
591 872 675 936 ἔνθα
698 868 849 945 νικάσαις
872 866 925 945 δὶς
947 871 996 933 ἔσ-

407 1004 464 1065 χεν
489 983 606 1056 Θεαῖος
628 976 783 1062 εὐφόρων
806 975 918 1041 λάθαν
940 979 1062 1041 πόνων.
1557 995 1594 1040 45

1383 1119 1467 1186 Ἀντ.
1487 1119 1535 1204 β’.

312 1247 345 1296 25
365 1229 520 1315 ἐκράτησε
538 1225 575 1293 δὲ
593 1231 651 1293 καί
666 1226 747 1293 ποθ’
765 1225 910 1293 Ἕλλανα
928 1228 1069 1312 στρατὸν
1088 1232 1242 1311 Πυθῶνι,
1263 1228 1346 1313 τάχα
1364 1251 1398 1292 τε
1420 1229 1538 1311 μολὼν

364 1336 420 1403 καὶ
443 1338 502 1403 τὸν
522 1335 652 1421 Ἰσθμοῖ
672 1332 727 1399 καὶ
750 1332 863 1420 Νεμέᾳ
885 1333 1052 1418 στέφανον
1075 1337 1259 1399 Μοίσαισιν
1282 1332 1379 1398 ἔδωκ’
1404 1333 1537 1419 ἀρόσαι,

365 1443 436 1530 τρὶς
458 1440 519 1529 μὲν
542 1442 578 1508 ἐν
600 1445 736 1508 πόντοιο
758 1441 895 1506 πύλαισι
919 1442 1043 1524 λαχών,
1559 1459 1594 1505 σο

371 1550 442 1637 τρῖς
464 1548 500 1615 δὲ
524 1547 578 1614 καὶ
602 1560 734 1634 σεμνοῖς
757 1547 913 1623 δαπέδοις
935 1546 972 1613 ἐν
992 1546 1187 1635 Ἀδραστείῳ
1211 1552 1311 1635 νόμῳ.

368 1664 433 1723 Ζεῦ
461 1657 577 1741 πάτερ,
604 1668 671 1722 τῶν
697 1656 764 1741 μύν
792 1658 904 1741 ἔραται
932 1658 1045 1739 φρενί,
1073 1664 1151 1741 σιγᾷ
1176 1660 1231 1719 toi
1258 1658 1375 1739 στόμα·
1402 1664 1470 1719 πᾶν
1496 1652 1537 1719 δὲ

1321 1761 1395 1827 τέλο

315 1872 349 1919 30
368 1854 404 1920 ἐν
427 1851 480 1918 clv
503 1856 623 1939 ἔργων·
647 1850 720 1917 οὐδ’
747 1852 885 1938 ὐμόχθφ
908 1852 1028 1937 καρδίᾳ
1398 1786 1414 1839 ς
1558 1868 1594 1915 55

411 1963 610 2048 προσφέρων
633 1962 757 2044 τόλμαν
779 1970 984 2044 παραιτεῖται
1007 1958 1113 2044 χάριν.

388 2180 429 2228 22.
449 2171 567 2244 χάλκεον
586 2172 631 2227 B·
650 2204 682 2211 —-
703 2177 744 2225 24.
771 2170 837 2225 άλιά
863 2170 914 2239 Di,
939 2167 1019 2225 ἀλλον
1045 2170 1090 2223 D⁸
1117 2202 1149 2210 -
1171 2174 1273 2233 Θεαῖος
1297 2171 1453 2226 Hermann:
1479 2174 1595 2231 θειαῑος

317 2246 382 2302 BD
400 2278 435 2286 -
454 2242 583 2313 εὐφόρων
602 2242 689 2309 13¹1),
710 2240 856 2311 εὐφρόναν
875 2242 925 2310 13⁸,
945 2245 1091 2310 utrumque
1115 2241 1201 2295 schol.
1223 2274 1254 2282 —
1279 2247 1321 2296 26.
1345 2242 1499 2296 Μοίσαισιν
1517 2242 1593 2295 coni.

317 2319 425 2387 Heyne:
452 2312 574 2386 μοῖσαισί
592 2313 618 2369 τ’
639 2315 705 2368 BD
724 2346 756 2355 »-
777 2320 819 2369 28.
845 2318 920 2387 νομῷ
944 2312 1057 2367 Schmid
1075 2346 1110 2353 -
1130 2319 1172 2369 ¹29.
1196 2311 1253 2384 μὰν
1272 2329 1305 2367 ex
1326 2312 1440 2367 scholiis
1464 2312 1594 2369 Schmid:

317 2388 504 2461 pthD*

319 2550 399 2587 sacra
413 2532 474 2584 erat
489 2561 521 2569 -
537 2534 578 2582 20.
594 2526 676 2597 κόρος
690 2528 852 2595 ἀνθρώπων
868 2528 954 2599 βαρὺς
972 2526 1114 2581 ἀντιάσαι·
1133 2528 1261 2583 taedium
1274 2528 1424 2583 molestum
1438 2527 1595 2594 hominum,

319 2603 367 2673 qui
391 2602 476 2672 longa
499 2599 649 2671 praeconia
673 2598 828 2653 alienarum
851 2598 987 2651 virtutum
1011 2603 1205 2670 aspernentur,
1234 2599 1390 2656 viandum,
1409 2615 1470 2654 esse
1497 2605 1596 2654 monet

318 2674 405 2729 etiam
424 2673 455 2728 Ο.
471 2692 492 2724 11
507 2686 552 2726 105.
572 2670 601 2725 P.
617 2691 626 2723 1
641 2687 675 2727 si.
694 2690 743 2723 vm
757 2686 782 2725 οε
802 2702 834 2710 -
855 2676 897 2723 21.
922 2668 982 2723 ἀλλ’
1003 2667 1087 2740 ὅμως·
1114 2670 1200 2725 simili
1222 2670 1345 2725 transitu
1369 2671 1399 2724 in
1422 2670 1509 2725 simili
1531 2689 1595 2726 sen·

318 2745 408 2800 tentia
431 2743 521 2797 utitur
543 2742 573 2797 P.
592 2762 603 2795 1
621 2758 647 2797 ss
667 2774 697 2782 -
718 2748 760 2795 22.
784 2742 862 2809 ἀγὼν
885 2741 1013 2811 χάλκεος,
1036 2742 1157 2811 Heraea,
1180 2742 1210 2797 in
1233 2742 1336 2812 quibus
1355 2759 1459 2797 aeneus
1477 2742 1596 2813 clypeus

319 2815 473 2887 praemium
491 2812 625 2880 dabatur;
644 2832 669 2867 v.
685 2812 757 2866 Prol.
773 2831 900 2867 cxxxviii.
926 2811 1042 2866 Heraeis
1060 2816 1156 2867 autem
1174 2831 1262 2883 aeque
1282 2818 1367 2883 atque
1385 2814 1416 2867 in
1434 2814 1499 2868 aliis
1518 2814 1596 2869 ludis

319 2886 458 2941 sacrificia
476 2886 591 2940 deorum
605 2881 777 2957 (βουθυσίαν)
792 2900 855 2937 cum
874 2883 1074 2937 certaminibus
1092 2884 1208 2939 ludicris
1227 2885 1377 2940 coniuncta
1396 2888 1489 2951 erant;
1509 2886 1544 2939 cf.
1562 2887 1594 2941 Ο.

319 2978 336 3013 v
355 2974 367 3014 5
386 2961 415 3013 et
433 2956 518 3014 schol.
539 2957 570 3012 O.
586 2976 624 3009 vn
644 2973 694 3012 εστι
720 2959 839 3009 τελεῖται
856 2954 910 3024 γὰρ
928 2953 1001 3008 κατὰ
1019 2956 1050 3009 τδ
1064 2954 1158 3026 Ἀργος
1174 2956 1210 3010 τὰ
1222 2954 1336 3025 Ἥραια,
1356 2956 1375 3010 ἃ
1393 2958 1443 3011 art
1457 2954 1597 3027 Ἑτατόμ·

320 3033 388 3103 βαια
407 3033 531 3083 καλεῖται
549 3027 627 3095 παρὰ
645 3027 676 3081 τὸ
692 3026 791 3081 ἑκατόν
807 3027 873 3099 ptos
886 3026 1014 3080 θύεσθαι
1027 3036 1060 3098 τῇ
1074 3031 1146 3100 θεῷ’
1165 3029 1197 3081 τύ
1211 3027 1242 3082 δὲ
1258 3028 1385 3083 ἔπαθλον
1399 3029 1483 3090 doute
1497 3033 1596 3099 χαλκῆ,

320 3100 385 3155 tel
405 3098 542 3170 στέφανος
561 3098 591 3153 ἐκ
610 3096 742 3168 μυρσίνης
764 3130 799 3138 —
822 3104 864 3152 24.
890 3094 1030 3166 εὐφόρων·
1053 3115 1126 3167 quae
1149 3099 1233 3153 facile
1258 3100 1325 3154 feni
1342 3102 1463 3169 possunt
1479 3104 1596 3170 propter
1687 3153 1688 3160 ,

320 3171 455 3243 praemia,
474 3188 546 3239 quae
565 3170 719 3225 certamina
737 3168 881 3224 laboriosa
899 3172 1064 3238 sequuntur3
1085 3170 1208 3224 activam
1221 3170 1279 3225 vim
1296 3171 1362 3224 huic
1376 3170 1517 3225 vocabulo
1531 3189 1596 3225 con-

322 3248 367 3298 tra
391 3242 552 3313 analogiam
576 3240 676 3295 tribuit
698 3242 855 3366 Mezperus,
880 3240 910 3294 id
933 3241 1009 3309 quod
1031 3241 1179 3296 defendere
1202 3260 1258 3297 non
1276 3242 1344 3296 licet
1361 3242 1597 3313 interpretatione
1687 3289 1688 3294 ,

322 3313 503 3369 scholiastae:
524 3310 640 3382 εὐφοροί
659 3313 729 3367 εἰσιν
748 3332 764 3365 ο
793 3320 916 3366 τοιοῦτοι
933 3308 1018 3367 πόνοι
1034 3316 1072 3367 τά
1086 3312 1186 3381 ἄριστα
1207 3309 1285 3368 ἆθλα
1306 3312 1481 3383 ἐνηνοχέναι.
1508 3314 1596 3369 Recte
1687 3313 1688 3330 ³

322 3385 397 3440 onim
419 3384 468 3439 ille
488 3382 626 3454 εὐφόρους
648 3384 757 3437 labores
777 3383 833 3438 dici
852 3384 983 3451 adnotat,
1007 3370 1082 3453 quod
1100 3384 1198 3439 faciles
1217 3385 1255 3439 ad
1272 3384 1419 3439 ferendum
1437 3402 1499 3440 esse
1519 3386 1596 3440 vide·
1687 3447 1688 3452 ρ

323 3460 419 3523 antur,
445 3472 501 3509 non
527 3456 593 3508 dum
619 3454 808 3524 exantlentur,
835 3456 884 3509 sed
910 3458 1060 3526 postquam
1085 3456 1223 3510 exantlati
1248 3456 1403 3527 praemium
1426 3456 1544 3511 tulerint
1560 3490 1596 3498 -—

322 3536 364 3583 25.
385 3526 509 3583 Ἕλλανα
535 3524 664 3595 στρατόν·
690 3526 751 3581 ludi
777 3526 901 3595 Pythici,
927 3527 963 3579 ad
986 3544 1056 3595 quos
1076 3528 1204 3581 omnibus
1223 3528 1337 3583 Graecis
1356 3528 1451 3582 aditus
1469 3530 1596 3598 patebat,

323 3601 503 3670 opponuntur
521 3597 681 3652 domesticis
700 3597 782 3665 ludis,
802 3598 900 3667 quales
918 3598 1021 3651 Hercei
1039 3598 1163 3666 fuerunt3
1183 3600 1217 3653 cf.
1232 3598 1262 3653 P.
1277 3618 1306 3652 rr
1319 3616 1346 3655 σο
1359 3602 1388 3654 et
1406 3600 1480 3655 Prol.
1495 3619 1595 3667 cxxxv,

325 3672 359 3726 de
378 3670 490 3725 nomine
504 3667 625 3724 Ἕλλανα
644 3686 694 3739 pro
710 3668 874 3738 Ἑλληνικόν
888 3673 1022 3738 usurpato
1037 3669 1165 3723 Eustath.
1180 3669 1211 3724 Il.
1227 3686 1288 3739 iuss,
1303 3688 1315 3725 s
1329 3674 1374 3739 (=
1388 3671 1508 3727 Lesbon.
1522 3690 1557 3740 ιο,
1570 3690 1594 3727 ει

323 3743 365 3797 ed.
382 3740 471 3811 Miill.)
487 3741 595 3795 confert
608 3742 711 3795 δοῦλον
725 3738 804 3811 γένος
818 3741 882 3795 Eur.
898 3740 943 3795 Or.
959 3758 1019 3807 1115,
1035 3742 1155 3810 Σκύθην
1169 3736 1250 3811 οἷμον
1264 3742 1362 3796 Aesch.
1378 3742 1469 3798 Prom.
1485 3760 1506 3797 s.
1529 3744 1596 3797 Par·
1687 3797 1688 3808 ,

324 3813 412 3867 ticula
430 3832 498 3867 ποτε
522 3812 621 3867 addita
645 3811 832 3881 significatur,
855 3812 920 3866 illas
939 3811 1072 3866 victorias
1091 3815 1176 3866 antea
1194 3830 1212 3866 a
1230 3812 1341 3867 Theaeo
1359 3816 1520 3883 reportatas
1537 3832 1596 3869 esse
1687 3813 1688 3868 3

324 3902 413 3953 neque
437 3900 551 3938 causam
574 3884 656 3937 huius
681 3884 794 3954 epinicii
817 3883 905 3937 fuisse
924 3916 958 3923 -
976 3884 1045 3957 τύχρ
1068 3885 1179 3953 potor,
1196 3884 1319 3938 secunda
1341 3884 1456 3939 fortuna
1474 3886 1596 3954 veniens,
1687 3885 1688 3932 l

324 3972 396 4025 quae
411 3955 523 4009 dicendi
536 3954 656 4009 formula
670 3955 735 4009 iude
750 3958 819 4009 nata
832 3958 883 4023 est,
903 3954 976 4021 quod
995 3964 1089 4025 τυχεῖν
1103 3954 1244 4027 significat
1259 3956 1343 4010 finem
1357 3956 1521 4011 certaminis
1535 3975 1595 4011 con·

324 4026 412 4095 sequi,
428 4030 459 4080 ut
479 4026 513 4082 N.
529 4045 556 4079 vr
571 4043 604 4081 οι.
623 4046 662 4081 vir
677 4044 714 4094 113
734 4027 768 4081 cf.
784 4026 818 4080 N.
834 4045 862 4079 ιν
877 4043 888 4080 τ
903 4058 936 4065 -
952 4032 994 4080 26.
1009 4024 1122 4093 ἀρόσαν
1143 4042 1273 4081 coronam
1288 4026 1368 4081 dedit
1381 4027 1506 4082 carmine
1520 4046 1597 4099 prae-

325 4099 475 4153 dicandam
493 4098 598 4169 poetis,
618 4098 666 4166 qui
685 4115 702 4151 a
722 4097 806 4152 sulcis
825 4096 980 4151 carminum
998 4097 1132 4152 ducendis
1152 4096 1252 4166 ἀρόται
1271 4097 1402 4152 dicuntur
1420 4099 1455 4153 N.
1475 4119 1503 4152 vr
1520 4117 1547 4155 ss
1564 4133 1595 4140 -

326 4175 368 4224 28.
384 4170 414 4224 tv
426 4167 587 4242 Ἀδραστείῳ
602 4168 689 4242 νόμῳ·
705 4169 774 4224 haec
788 4170 876 4223 verbs
890 4168 913 4221 si
928 4167 990 4237 quis
1005 4186 1055 4238 per
1068 4186 1097 4223 se
1111 4172 1229 4240 spectat,
1239 4168 1323 4224 facile
1337 4170 1442 4224 adduci
1455 4171 1554 4241 possit,
1568 4176 1598 4225 ut
1687 4229 1688 4250 ρ

325 4241 406 4295 ludos
426 4241 570 4310 Sicyonios
590 4241 626 4295 ab
646 4241 765 4295 Adrasto
785 4240 930 4295 institutos
950 4244 986 4308 (v.
1001 4240 1035 4295 N.
1050 4260 1078 4293 rr
1095 4245 1119 4308 s)
1138 4242 1173 4295 iis
1193 4240 1346 4310 significari
1364 4243 1460 4310 putet,
1480 4243 1530 4297 sed
1548 4244 1597 4296 boc
1687 4267 1688 4296 ;

327 4312 398 4381 loco,
418 4328 478 4366 cum
497 4312 605 4382 Ἰσθμοῖ
623 4314 670 4367 καί
690 4309 786 4381 Νεμέα
805 4312 977 4382 praecedant
995 4315 1024 4366 et
1043 4312 1167 4381 proxime
1187 4313 1379 4368 antecedentis
1394 4330 1492 4368 versus
1510 4314 1598 4369 verbis
1687 4335 1688 4342 ¹

327 4382 358 4438 ἐν
376 4381 491 4438 πόντοιο
509 4384 623 4438 αὐλοῖσι
641 4368 844 4437 Isthmiei‘ludi
859 4386 932 4437 certe
948 4382 1099 4450 significati
1115 4385 1178 4452 sint,
1194 4385 1288 4439 verbis
1303 4384 1334 4439 ἐν
1350 4384 1512 4459 Ἀδραστείῳ
1526 4383 1597 4457 νόμῳ
1687 4403 1688 4430 l

327 4455 481 4509 Nemeaeus
508 4455 588 4508 ludos
607 4454 727 4509 indicari
745 4472 858 4510 necesse
877 4459 927 4509 est.
964 4458 1057 4524 Atque
1113 4455 1169 4510 tuit
1187 4455 1240 4510 hoc
1258 4456 1326 4522 fieri,
1345 4456 1422 4525 quod
1440 4457 1528 4511 etiam
1546 4456 1596 4511 Ne-

327 4542 437 4581 meaeus
457 4526 537 4580 ludos
557 4528 593 4581 ab
607 4527 729 4581 Adrasto
744 4529 773 4581 et
787 4526 899 4597 Argivis
918 4526 1052 4582 adversus
1089 4526 1177 4581 hebes
1195 4527 1437 4597 proficiscentibus
1455 4526 1597 4582 institutos

329 4614 390 4651 esse
408 4599 489 4652 vetus
508 4598 584 4651 fama
603 4598 723 4665 ferebat;
743 4598 777 4653 cf.
793 4598 929 4653 N.vn151
949 4603 978 4653 et
996 4598 1068 4655 Prol.
1082 4617 1145 4651 sm
1165 4630 1197 4638 —
1218 4605 1259 4652 29.
1280 4598 1428 4669 Olympios
1446 4600 1597 4654 certamina

326 4668 419 4722 subire
443 4669 584 4723 'Pheneum
607 4669 751 4735 meditari,
771 4670 819 4724 sed
844 4670 880 4724 ob
903 4670 1100 4724 verecundiam
1128 4671 1251 4725 nondum
1280 4673 1376 4741 aperte
1404 4670 1490 4725 fateri
1515 4676 1596 4742 poeta

328 4738 470 4809 significat
493 4772 525 4780 —
551 4748 584 4795 30
615 4750 793 4807 παραιτεῖται
815 4759 871 4795 non
895 4741 1038 4811 deprecari
1062 4742 1107 4795 hic
1131 4741 1284 4813 significat,
1311 4743 1373 4811 sed,
1397 4745 1429 4796 ut
1446 4742 1597 4813 παρφάμεν
1687 4769 1688 4802 i
