3417 5434
607 1176 749 1228 ΟΛΤΜΠ.
768 1177 790 1224 Β

304 1337 569 1422 ΘΗΡΩΝΙ
602 1337 1120 1422 ΑΚΡΑΓΑΝΤΙΝΩι

636 1533 778 1586 ΑΡΜΑΤΙ.

618 1833 794 1905 strophae.

583 3473 824 3554 Argumentum.

159 3601 249 3663 Thero
281 3603 470 3664 Aenesidemi
507 3600 588 3660 filius
625 3601 854 3681 Agrigentinus,
892 3605 979 3664 cuius
1015 3606 1173 3666 victoriam
1209 3608 1344 3666 curulem

86 3686 252 3766 Olympicum
276 3693 424 3752 Pindarus
448 3691 565 3750 duabus
589 3692 653 3752 odis
679 3690 755 3752 0.11
779 3697 810 3752 et
832 3713 867 3751 111
890 3695 1057 3771 praedicat,
1086 3698 1233 3770 tyrannus
1256 3695 1343 3770 Agri·

85 3780 254 3850 gentinorum
281 3782 350 3840 fuit.
397 3780 498 3857 Atque
526 3781 634 3856 prioris
662 3782 735 3840 odae
764 3786 977 3860 argumentum
1005 3802 1073 3841 cum
1100 3783 1193 3858 stirpe
1221 3787 1252 3842 et
1279 3783 1342 3842 fato

86 3865 187 3927 uictoris
209 3871 282 3930 adeo
306 3871 457 3948 cohaeret,
481 3873 517 3928 ut
539 3870 575 3928 de
598 3870 636 3929 iis
660 3871 752 3928 etiam
779 3875 849 3946 post
876 3872 1060 3931 succinctam
1083 3872 1250 3930 stemmatis
1272 3871 1342 3929 Em-

85 3957 250 4019 menidarum
273 3959 509 4036 enarrationem,
533 3978 625 4034 quam
648 3959 680 4018 in
703 3960 781 4018 Prol.
801 3980 829 4035 p.
849 3977 923 4018 cxrx
946 3961 1174 4038 proposuimus,
1196 3961 1252 4020 hoc
1275 3960 1341 4020 loco

86 4043 144 4102 uihi
169 4049 351 4108 enucleatius
378 4048 576 4125 praefandum
600 4048 648 4107 sit
695 4046 848 4108 Oriundus
872 4050 968 4128 igitur
990 4053 1056 4110 erat
1078 4050 1175 4109 Thero
1199 4069 1234 4108 ex
1256 4049 1340 4109 nobi-

86 4131 180 4194 lissima
200 4142 287 4216 gente
311 4137 558 4198 Emmenidarum
586 4130 634 4218 (O.
658 4147 755 4196 11138.
784 4139 816 4197 P.
836 4157 869 4198 vn
886 4132 932 4220 4),
961 4140 1014 4215 qui
1041 4139 1138 4217 magis
1167 4139 1342 4198 fabularum

86 4223 225 4286 ambitione
249 4247 342 4303 quam
364 4227 508 4287 historica
530 4225 587 4285 fide
610 4226 695 4284 ducti
718 4227 865 4305 originem
891 4247 978 4287 suam
1001 4228 1126 4306 aragia
1148 4228 1240 4304 stirpe
1264 4228 1363 4288 The--

85 4308 148 4370 bana
170 4317 385 4394 repetiverunt,
418 4317 497 4376 unde
525 4314 654 4374 Cadmus
681 4315 775 4376 Laius
803 4315 936 4393 Oedipus
968 4317 1125 4393 Polynices
1156 4317 1343 4377 Thersander

85 4397 146 4458 inter
172 4405 298 4466 maiores
321 4405 465 4465 Theronis
488 4405 660 4464 referuntur
685 4397 747 4486 (vv.
771 4417 813 4464 25.
837 4400 966 4485 42—50).
1000 4407 1066 4464 Iam
1093 4407 1207 4464 attritis
1235 4427 1342 4485 regum

85 4485 272 4554 'thebanorum
305 4498 336 4553 et
366 4495 549 4572 Argivorum
582 4494 688 4569 opibus
721 4513 790 4554 cum
821 4495 972 4571 Polynicis
1004 4496 1161 4572 progenies
1193 4497 1341 4556 Lacedae-

85 4593 182 4640 monem
204 4583 404 4660 concessisset,
427 4583 558 4642 Eteoclis
581 4603 673 4660 nepos
696 4584 831 4644 Athenas
854 4584 922 4644 exul
946 4576 1089 4661 venisset,
1117 4604 1179 4643 una
1202 4606 1272 4645 cum
1293 4585 1340 4664 iis,

86 4668 127 4739 qui
150 4671 366 4732 Lacedaemone
388 4671 479 4750 Argis
506 4673 632 4732 Athenis
659 4677 744 4732 trans
774 4693 854 4734 mare
881 4673 1089 4751 migravemmt
1112 4678 1143 4734 et
1170 4675 1202 4734 in
1226 4675 1341 4735 insulas

86 4753 194 4820 Theram
215 4761 412 4838 Rhodumque
436 4761 567 4821 colonias
591 4763 785 4841 deduxerunt,
809 4762 936 4822 maiores
955 4762 1201 4826 Emmenidarum
1220 4785 1340 4842 quoque
