3417 5434
304 292 389 346 XLVI
804 295 1083 348 PROLEGOMENA.

303 479 432 522 omnem
462 457 528 522 vim
561 456 707 542 rhythmi
735 456 769 522 in
798 457 991 544 gravisumo
1020 458 1083 523 1166
1113 479 1231 544 genere
1258 459 1439 526 carminum
1466 460 1599 527 Dorico

306 565 510 650 pessumdari
543 588 646 650 aequo
680 564 788 630 animo
821 564 942 629 tulerit.
990 565 1195 650 Quamquam
1226 566 1289 632 1166
1316 568 1414 633 modo
1444 570 1600 634 nondum

305 693 418 738 omnes
442 673 586 738 rationes
609 671 812 758 rhythmicae
836 671 1222 756 dactylo-epitriticorum
1246 696 1398 739 versuum
1420 676 1599 760 expeditae

307 785 398 866 sunt3
431 784 557 845 restant
585 780 794 866 gravissimae
823 784 857 844 et
884 778 1097 844 difficillimae
1127 781 1335 864 quaestiones
1367 783 1406 847 de
1440 782 1598 867 pluribus

304 887 440 972 pedibus
469 886 672 972 simplicibus
699 888 734 952 in
762 887 924 952 unitatem
950 887 1041 972 pedis
1070 887 1245 973 compositi
1271 888 1599 976 comprehendendis,
1706 891 1708 894 ’

306 996 344 1060 de
369 994 488 1080 quibus
510 999 626 1080 postea
648 994 898 1080 disputabimus.

395 1101 449 1167 De
468 1125 657 1188 paeonum
676 1124 862 1167 mensura.
894 1100 1064 1167 Paeonicis
1083 1102 1119 1167 in
1138 1103 1286 1170 versibus
1300 1103 1486 1170 trochaicae
1500 1105 1596 1190 dipo
1706 1150 1707 1153 ,

305 1209 376 1274 diae
408 1232 508 1295 purae
541 1205 573 1296 (
591 1251 610 1278 6
628 1270 644 1278 -
662 1207 695 1296 o)
728 1209 855 1274 creticis
888 1210 1026 1294 pedibus
1059 1208 1084 1296 (
1108 1253 1127 1277 6
1145 1208 1177 1298 -)
1207 1211 1370 1276 admixtae
1398 1217 1476 1277 suut
1503 1211 1540 1276 0.
1568 1229 1596 1274 11
1706 1240 1707 1251 ¹

307 1321 363 1381 str.
383 1319 411 1382 8.
441 1340 489 1402 ep.
508 1319 537 1381 6.
570 1314 604 1381 P.
624 1335 647 1380 v
671 1322 727 1381 str.
747 1318 776 1380 2.
802 1319 852 1382 11.
881 1340 929 1403 ep.
951 1320 979 1382 1.
1025 1313 1120 1381 Raro‘
1137 1317 1267 1402 quidem
1290 1319 1370 1384 haec
1398 1319 1595 1385 commixtio

305 1423 341 1487 in
363 1423 495 1489 Pindari
519 1423 718 1489 carminibus
741 1423 921 1509 invenitur,
944 1425 1000 1489 sed
1024 1425 1138 1489 crebro
1161 1424 1196 1488 in
1215 1424 1448 1511 Aristophanis
1466 1426 1596 1491 Plauti-

304 1553 366 1614 que
395 1531 529 1612 fabulis,
556 1553 660 1616 neque
689 1531 761 1596 aliis
787 1531 928 1596 modulis
951 1532 1054 1616 lyrica
1075 1555 1181 1616 pauca
1203 1555 1303 1617 quam
1325 1535 1453 1600 scenica
1476 1533 1597 1599 crebra
1706 1520 1707 1525 ¹

304 1638 451 1724 exempla
474 1638 684 1724 astringenda
707 1661 777 1704 esse
800 1643 900 1723 patet.
937 1638 1007 1704 Iam
1030 1662 1182 1705 versuum
1206 1663 1245 1704 ex
1268 1640 1449 1725 paeonibus
1473 1646 1597 1706 61116-

306 1743 427 1810 chaicis
452 1745 591 1830 dipodiis
614 1746 791 1811 mixtorum
816 1748 944 1811 easdem
967 1747 1111 1812 rationes
1135 1747 1237 1812 fuisse
1260 1752 1357 1832 atque
1379 1770 1595 1813 1616661161

304 1852 445 1936 epitritis
469 1858 503 1918 61
525 1853 662 1938 dactylis
691 1855 868 1919 mixtorum
896 1858 1015 1940 quotus
1045 1854 1181 1940 quisque
1211 1854 1273 1918 erit
1302 1854 1357 1939 qui
1386 1855 1453 1920 veri
1482 1855 1594 1920 simile

305 1981 375 2024 esse
403 1960 522 2044 neget?
572 1960 645 2026 Hoc
673 1965 782 2026 661611
811 1961 838 2026 61
866 1962 1058 2046 probamus,
1087 1961 1169 2026 illud
1197 1962 1336 2027 alterum
1363 1962 1525 2047 sequitur,
1553 1967 1595 2026 ut

306 2065 509 2151 dipodiarurn
541 2067 780 2133 trochaicarum
811 2068 983 2134 intervalla
1017 2068 1057 2132 ab
1091 2069 1270 2134 11161161116
1304 2069 1499 2135 ereticorum
1534 2075 1596 2134 aut
1706 2160 1707 2169 ἵ

306 2173 388 2238 nihil
416 2180 473 2239 aut
500 2197 602 2259 paene
630 2175 713 2240 nihil
741 2176 923 2262 discrepare
947 2177 1170 2242 concedamus.
1216 2175 1339 2241 Verum
1362 2177 1395 2241 in
1419 2175 1593 2262 angustias

307 2281 545 2368 compellimur,
572 2283 658 2367 quod
686 2304 752 2348 non
781 2283 887 2348 solum
916 2288 1040 2348 veteres
1068 2283 1246 2367 rhythmici
1273 2306 1414 2369 paeones
1437 2283 1594 2368 quinque,

305 2411 371 2454 non
400 2412 456 2455 sex
484 2395 668 2476 1611661611
691 2412 762 2456 6666
786 2391 917 2476 docent,
943 2392 999 2456 sed
1021 2390 1122 2456 etiam
1144 2395 1260 2476 poetae
1283 2391 1433 2456 ultimam
1456 2390 1593 2478 longam

306 2497 396 2582 pedis
411 2497 523 2564 cretici
538 2520 633 2583 saepe
647 2497 682 2562 in
696 2499 775 2562 duas
791 2499 905 2564 breves
920 2498 1095 2563 6611611111.
1127 2496 1205 2562 Inde
1219 2520 1283 2583 quo
1293 2499 1390 2564 modo
1405 2498 1594 2564 trochaicae

305 2605 453 2690 dipodiae
479 2610 513 2670 et
535 2605 683 2690 paeonici
707 2606 804 2690 pedes
828 2605 1027 2690 exaequandi
1050 2605 1101 2670 vel
1123 2605 1323 2670 assimilandi
1349 2610 1472 2688 essent,
1501 2605 1594 2670 notis

305 2711 435 2797 signare
463 2713 558 2777 veriti
586 2735 697 2778 sumus
726 2716 759 2777 et
788 2718 959 2778 cantorum
985 2712 1096 2797 potius
1124 2713 1310 2778 dexteritati
1338 2735 1404 2799 quo
1431 2718 1529 2798 pacto
1555 2713 1593 2777 id

305 2819 449 2885 facerent
479 2819 695 2905 permisimus.
741 2817 779 2884 Id
812 2819 918 2884 solum
951 2819 1129 2884 curandum
1157 2842 1228 2885 esse
1255 2821 1457 2906 putavimus,
1488 2823 1527 2884 ut
1555 2820 1594 2884 in

306 2927 450 2992 metricis
479 2927 652 2992 schematis
679 2949 819 3012 paeones
850 2933 884 2991 et
911 2926 1094 2992 trochaicas
1118 2927 1266 3012 dipodias
1290 2949 1393 3012 aequo
1415 2927 1593 2992 intervallo

306 3035 427 3100 distare
451 3034 708 3121 significaremus

395 3356 543 3422 Licentia
563 3357 628 3421 1616
645 3362 818 3442 poetarum
835 3357 870 3421 in
889 3357 1087 3422 carminibus
1106 3356 1271 3442 paeonicis
1289 3377 1350 3441 pro
1368 3357 1448 3440 pede
1469 3358 1593 3423 cretico

306 3463 505 3528 trochaicam
530 3464 693 3549 dipodiam
715 3465 907 3549 usurpandi,
929 3468 1097 3549 tamquam
1116 3487 1173 3529 sex
1191 3463 1222 3552 (
1241 3508 1259 3533 o
1276 3463 1339 3550 1.),
1362 3485 1428 3528 161
1447 3464 1594 3549 quinque

306 3568 338 3658 (-
356 3614 374 3637 6
393 3569 423 3659 )
448 3575 632 3657 temporum
656 3573 793 3636 creticus
816 3595 874 3656 pes
898 3577 996 3655 esset,
1023 3571 1087 3636 hoc
1114 3571 1264 3655 inprimis
1291 3571 1423 3636 nomine
1447 3571 1595 3657 offendit,

307 3678 393 3761 quod
425 3683 542 3743 natura
574 3701 784 3744 numerorum
813 3679 961 3764 flagitare
988 3679 1130 3761 videtur,
1164 3687 1200 3745 ut
1228 3679 1299 3743 sola
1327 3677 1426 3764 longa
1453 3677 1593 3743 duarum

306 3806 471 3850 morarum
495 3784 618 3873 (6661661
642 3783 809 3872 dloquar),
830 3809 897 3851 161
921 3787 1020 3852 etiam
1042 3787 1143 3872 longa
1161 3787 1263 3851 trium
1281 3784 1595 3873 16161611(μ6ικρὰ

305 3891 477 3980 66166666)
505 3893 540 3957 in
567 3894 646 3958 duas
675 3893 789 3958 breves
818 3894 974 3959 66116161.
1020 3893 1128 3978 Atque
1159 3892 1269 3957 nescio
1298 3914 1340 3956 an
1366 3893 1429 3958 hac
1455 3892 1529 3977 ipsa
1557 3915 1593 3957 re

306 4006 431 4066 veteres
455 4001 572 4066 musici
597 4001 728 4065 adducti
751 3999 831 4086 sint,
853 4004 892 4065 ut
913 4022 1071 4085 paeonem
1089 4001 1175 4065 inter
1195 3999 1359 4084 simplices
1377 3999 1475 4083 pedes
1494 3999 1595 4064 refer·

307 4113 380 4172 rent
403 4129 541 4192 eumque
564 4131 685 4173 novum
709 4129 811 4193 genus
834 4106 995 4191 rhythmi,
1018 4107 1154 4192 ῥυθμὸν
1176 4106 1345 4192 ἡμιόλιον,
1376 4106 1505 4171 efficere
1529 4112 1595 4171 616-

306 4219 444 4280 1661611.
479 4213 542 4280 Sed
561 4215 708 4300 quamvis
726 4215 793 4278 ists.
810 4214 863 4277 lex
880 4219 999 4278 natura
1016 4214 1089 4298 ipsa
1106 4214 1168 4279 niti
1183 4214 1332 4278 videatur
1346 4218 1380 4277 et
1392 4213 1427 4277 in
1442 4213 1593 4280 versibus

307 4343 347 4385 611
370 4322 496 4387 duobus
520 4322 674 4387 membris
699 4321 897 4386 catalecticis
917 4319 1108 4405 compositis
1129 4319 1293 4408 (versibus
1313 4319 1532 4408 syncopatis),
1555 4327 1594 4386 ut

304 4429 340 4492 in
363 4432 567 4512 pentametro
590 4429 734 4515 elegiaco
757 4433 791 4494 et
813 4431 1005 4493 tetrametro
1028 4427 1169 4494 iambico
1192 4428 1435 4513 Aristophaneo

308 4772 434 4838 semper
463 4773 482 4816 a
508 4749 615 4837 poetis
644 4751 818 4816 observata
845 4754 908 4837 est,
935 4754 1046 4816 tamen
1071 4774 1110 4817 ea
1130 4773 1199 4817 non
1220 4751 1294 4816 inde
1318 4775 1339 4816 a
1359 4750 1520 4838 principio
1543 4751 1594 4816 ita
