3417 5434
478 335 526 384 111.
553 331 602 381 DE
622 332 730 382 Ll'DlS
750 333 796 382 ET
815 332 992 386 EPlNICIlS.
1255 331 1381 386 LXXXV

104 493 212 578 quertii
241 499 437 578 certaretur,
461 495 526 558 hoc
555 515 668 558 vereor
695 497 733 556 ut
760 492 924 578 probabili
946 493 1216 577 interpretatione
1239 494 1303 560 loci
1328 495 1383 560 ob-

104 599 180 666 scuri
209 599 342 666 Pindari
369 599 409 666 N.
435 619 485 666 vn
509 602 550 665 72
580 599 763 665 confirmari
791 599 904 685 possit.
955 597 1107 684 Namque
1134 621 1288 666 numerus
1317 624 1382 667 cer-

103 706 232 771 tantium
260 706 327 773 hoc
356 730 483 793 quoque
511 706 613 772 minui
641 707 763 793 potuit,
792 708 879 791 quod
907 707 963 792 qui
991 711 1106 771 contra
1127 707 1258 794 regulas
1281 713 1382 774 certa·

103 813 190 877 minis
211 818 442 898 peccaverant,
465 837 484 878 a
506 813 641 898 reliquis
665 813 814 898 partibus
838 813 1039 899 quinquertii
1063 814 1324 880 excludebantur.

531 1009 732 1074 Indiculus
760 1008 948 1074 ludorum.

181 1131 227 1198 Ut
251 1133 351 1198 titulo
374 1132 472 1198 huius
496 1132 612 1218 capitis
635 1132 864 1219 indicavimus,
886 1134 1026 1200 indicem
1051 1134 1202 1202 ludorum
1226 1139 1395 1224 omnium,

103 1241 205 1326 quiin
228 1239 364 1304 Pindari
388 1239 585 1304 carminibus
609 1263 786 1326 eorumque
805 1240 939 1306 scholiis
957 1243 1179 1309 veteribus—
1199 1247 1382 1311 recentiora

103 1347 175 1414 nihil
203 1369 350 1413 curo—
377 1352 688 1433 commemorantur,
719 1349 781 1413 hoc
814 1347 887 1414 loco
919 1370 1113 1434 componere
1144 1353 1383 1439 constituimus,

103 1478 159 1540 quo
185 1456 218 1521 in
247 1455 356 1521 indice
384 1454 540 1538 quidquid
568 1455 606 1518 de
635 1455 773 1541 singulis
797 1455 896 1540 ludis,
923 1477 1035 1521 eornm
1059 1457 1199 1544 origine,
1226 1463 1382 1546 tempore,

102 1563 235 1648 praemio
253 1561 482 1648 comperimus,
500 1562 643 1627 breviter
657 1583 864 1647 exponemus.
900 1562 1086 1649 Digerendo
1101 1566 1234 1630 autem
1224 1589 1259 1630 ιιι
1272 1567 1378 1634 indice

103 1669 337 1754 alphabeticum
361 1668 506 1733 ordinem
530 1668 728 1753 civitatium,
752 1668 929 1754 inquibus
954 1668 1075 1755 singuli
1098 1669 1167 1735 ludi
1189 1673 1379 1759 agebantur,

104 1781 223 1842 secutus
243 1799 331 1860 sum,
348 1776 396 1840 ita
414 1779 533 1858 tamen,
552 1780 588 1839 ut
607 1775 701 1840 ludos
721 1780 863 1860 quatuor
879 1776 1071 1862 praecipuos
1087 1779 1262 1844 secundum
1276 1779 1379 1867 digni-

103 1889 194 1948 tatem
217 1887 252 1949 et
277 1882 425 1949 ordinem
449 1881 607 1947 librorum
627 1881 758 1947 Pindari
778 1882 924 1969 digestos
947 1883 1178 1968 praemiserim.
1217 1884 1378 1973 Olympici

104 1991 180 2056 enim
202 1989 318 2075 Pythii
342 1988 497 2055 Nemeaei
520 1988 669 2055 Isthmici
697 1988 764 2053 ludi
793 1994 919 2054 mature
942 2013 962 2054 a
985 1990 1102 2056 ceteris
1128 1990 1213 2057 ludis
1237 1996 1379 2079 separati

103 2103 130 2162 et
153 2098 284 2184 proprio
313 2097 445 2162 nomine
473 2095 613 2179 ἀγώνων
637 2093 737 2182 ἱερῶν
759 2097 809 2162 vel
834 2097 975 2180 ἀγώνων
993 2095 1195 2181 Ἑλληνικῶν
1221 2100 1379 2188 distingui

103 2205 196 2289 coepti
227 2208 316 2269 sunt.
367 2202 512 2279 Quorum
542 2204 711 2268 nominum
740 2203 830 2289 prius
861 2202 928 2269 iam
955 2203 1088 2270 Pindari
1118 2211 1225 2271 aetate
1254 2207 1291 2272 in
1317 2232 1379 2274 usu

102 2311 190 2376 fuisse
222 2312 420 2377 documento
448 2314 524 2374 sunt
552 2310 616 2375 loci
645 2309 776 2375 Pindari
800 2309 835 2375 0.
856 2329 920 2374 vnr
939 2313 991 2376 64,
1024 2313 1158 2377 x11115.
1192 2313 1317 2378 N.114
1345 2320 1378 2379 et

102 2419 261 2503 praecipue
282 2417 324 2482 N.
339 2436 376 2481 vl
390 2418 430 2482 67
452 2412 559 2500 ‘edgar
578 2415 718 2499 ἀγώνων
738 2419 812 2500 ἀιιο,
836 2419 915 2493 τοὺς
934 2415 1100 2483 ἐνέποισιν
1120 2418 1249 2507 ίερούς’.
1287 2419 1378 2487 Sacri

102 2525 142 2588 illi
168 2526 374 2608 dicebantur,
402 2525 487 2608 quod
517 2545 589 2588 cum
618 2523 718 2588 sacris
747 2528 780 2587 et
808 2522 898 2588 feriis
927 2524 1060 2591 deorum
1087 2525 1251 2591 coniuncti
1276 2534 1379 2614 eraut,

102 2637 291 2697 nontamen
316 2630 409 2715 quasi
434 2629 532 2696 ceteri
556 2629 638 2714 ludi,
661 2635 697 2694 ut
721 2628 953 2695 Panathenaici
976 2630 1072 2696 lolaii
1094 2631 1226 2718 Aeacei,
1249 2635 1378 2718 profani

102 2738 224 2822 fuerint,
258 2739 316 2804 sed
347 2738 434 2822 quod
465 2739 596 2822 praeter
628 2736 709 2801 ahos
742 2737 873 2802 nomine
906 2759 1072 2802 sacrorum
1103 2737 1254 2806 ludorum
1286 2740 1378 2827 digni

102 2845 269 2911 existimati
294 2849 379 2910 sunt.
388 2841 413 2930 ¹)
455 2843 597 2910 Eosdem
620 2865 696 2908 vero
721 2848 862 2929 quatuor
884 2843 978 2908 ludos
1002 2843 1101 2910 etiam
1124 2845 1255 2910 nomine
1281 2846 1377 2912 Grae

102 2974 201 3016 corum
228 2952 383 3017 ludorum
407 2973 426 3015 a
450 2949 565 3016 ceteris
592 2949 677 3014 ludis
704 2949 769 3014 iam
792 2949 925 3015 Pindari
948 2955 1055 3015 aetate
1079 2951 1237 3038 distingui
1260 2953 1377 3020 solitos

102 3081 162 3124 esse
192 3058 353 3125 concludo
382 3081 421 3122 ex
451 3057 604 3122 l.11167.
640 3056 718 3120 Ρ.ιι
742 3059 789 3122 19.
822 3058 930 3123 xr50.
963 3076 1013 3121 xu
1033 3060 1062 3123 6.
1100 3057 1139 3122 N.
1160 3077 1182 3122 x
1203 3061 1254 3125 25.
1304 3059 1376 3126 Hoc

102 3171 198 3232 autem
220 3165 354 3232 nomine
378 3185 434 3229 eos
459 3187 477 3228 a
501 3163 740 3228 minoribust
707 3169 740 3228 et
763 3164 857 3248 quasi
881 3165 1068 3231 domesticis
1091 3164 1190 3250 ludis,
1221 3190 1303 3253 qnos
1331 3168 1377 3233 in-

103 3273 180 3338 colae
207 3271 429 3357 civitatis,in
394 3293 522 3356 inqua
549 3269 669 3355 quique
697 3271 907 3356 habitabant,
879 3276 993 3337 taut
1021 3271 1083 3337 soli
1106 3277 1164 3336 aut
1190 3295 1292 3357 paene
1316 3275 1376 3340 soli

102 3379 240 3463 obibant,
274 3379 409 3444 distinct
395 3383 447 3443 tos
480 3399 550 3442 esse
583 3379 808 3443 demonstrant
841 3378 999 3443 vocabula
1035 3379 1121 3443 inter
1155 3401 1189 3443 se
1227 3381 1377 3466 opposita

101 3487 293 3572 παναγάρεις
316 3483 412 3564 ξυναὶ
435 3483 580 3550 [11146
604 3483 673 3549 et’
656 3485 747 3567 ἀγὼν
771 3483 946 3571 ἐπιχώριος
968 3484 1080 3549 P.v111
1098 3487 1150 3571 79,
1172 3487 1213 3550 τά
1236 3485 1268 3550 d’
1290 3494 1376 3554 οἶκοι

101 3594 195 3659 detta
217 3593 261 3660 N.
281 3595 377 3670 1123,
402 3590 521 3678 quibus
543 3616 617 3658 cum
640 3591 720 3657 locis
745 3593 892 3658 conferas
915 3592 1024 3658 locum
1043 3591 1274 3658 Demosthenis
1293 3593 1376 3659 Phil.

102 3703 194 3767 [1132
222 3703 338 3783 τίθησι
367 3697 564 3786 (Φίλιππος)
592 3700 652 3764 τὸν
680 3701 795 3765 κοινὸν
827 3711 894 3765 τῶν
917 3697 1085 3782 Ἑλλήνων
1115 3699 1228 3780 ἀγῶνα
1255 3705 1289 3764 et
1316 3701 1377 3764 ori-

103 3806 198 3892 ginem
227 3807 396 3892 antiquam
424 3805 566 3871 nominis
588 3803 845 3890 Ἑλλανοδικῶν,
874 3829 939 3893 quo
962 3811 1105 3872 rectores
1129 3811 1162 3870 et
1185 3806 1306 3872 iudices
1330 3809 1375 3871 lu-

103 3913 205 3980 dorum
229 3914 477 4000 Olympicorum
501 3913 763 3999 designabantur.

180 4023 231 4088 Ad
250 4021 392 4087 minores
410 4020 505 4085 ludos
526 4019 656 4084 Pindari
673 4018 776 4102 locoS,
795 4020 913 4105 quibus
933 4019 1052 4104 quique
1072 4025 1376 4106 commemorantur,

104 4129 188 4194 attuli
209 4151 337 4212 omnes,
360 4127 444 4193 sacri
464 4125 531 4191 ludi
551 4131 619 4191 tam
638 4125 724 4191 clara
742 4126 814 4192 luce
834 4126 969 4213 fulgent,
992 4131 1030 4191 ut
1048 4127 1134 4191 nube
1153 4126 1374 4212 exemplorum

103 4255 160 4298 uon
180 4235 356 4322 indigeant.
400 4231 622 4300 Certaminum
646 4238 755 4298 autem
779 4255 898 4320 genera
919 4256 987 4298 non
1009 4233 1162 4298 adnotavi
1181 4233 1244 4297 nisi
1264 4233 1291 4298 si
1311 4256 1375 4318 qua

103 4340 270 4426 singularia
288 4345 322 4406 et
339 4343 458 4406 notatu
476 4340 575 4425 digus
593 4362 663 4406 esse
680 4340 882 4425 videbantur,
899 4341 988 4405 velut
1002 4341 1030 4405 si
1045 4340 1209 4405 minorum
1223 4338 1374 4405 ludorum

104 4449 256 4530 equestria
278 4447 457 4513 certamina
479 4451 608 4532 praeter
633 4448 783 4534 gymnica
807 4470 826 4512 a
845 4445 985 4512 Pindaro
1011 4452 1265 4512 commemorata
1288 4451 1373 4511 sunt.

184 4640 360 4724 t)1'Aetate
345 4643 472 4723 urrtpera
473 4657 552 4695 orum
570 4641 759 4696 Romanorum
781 4657 913 4695 uumerus
932 4640 990 4710 ἀγὼ
969 4659 1049 4722 ωνον
1068 4639 1151 4709 ἱερῶν
1170 4640 1252 4694 valde
1273 4641 1373 4695 auctus

104 4714 152 4778 est;
177 4712 215 4767 sic
239 4713 269 4766 in
293 4710 388 4781 lapide
411 4711 600 4782 Neapolitano
624 4712 701 4766 IGSl
719 4717 768 4767 739
791 4711 922 4767 undecim
945 4711 1019 4766 sacri
1041 4729 1146 4782 agones
1165 4713 1373 4780 enumerantur,

106 4800 211 4850 quorum
230 4784 338 4855 primus
357 4783 519 4854 Olympicus
538 4787 588 4838 est.
