3417 5434
661 373 786 423 sensa
804 373 865 427 vu.
1331 370 1399 435 285

665 532 709 599 De
732 533 855 599 metris.

210 645 357 706 Carminis
370 646 461 706 huius
475 646 591 706 numeri
606 649 677 707 sunt
691 645 859 724 logaoedici
872 637 915 726 (v.
931 638 989 728 lt),
1003 646 1116 707 similes
1129 646 1245 707 Aeolici
1258 648 1399 707 carminis

113 736 155 794 N.
177 754 212 793 111
236 736 340 797 eodem
366 737 428 796 fere
456 740 589 812 tempore
617 735 699 796 facti.
747 735 894 812 Strophae
921 734 1057 812 plerique
1080 754 1184 795 versus
1207 737 1238 795 in
1261 737 1399 813 dipodius

112 826 208 884 facile
239 826 283 883 ita
313 825 406 885 dividi
436 828 574 903 possunt,
604 828 640 883 ut
669 824 808 900 tripodiis
838 825 921 884 locus
951 824 1009 884 nisi
1036 826 1066 883 in
1089 826 1234 884 clausulis
1257 844 1398 885 vemuum

111 908 156 994 (1.
179 926 205 974 α.
227 906 258 995 7)
281 934 341 973 uon
363 914 560 991 relinquatur.
608 915 677 974 Solo
702 914 737 971 de
760 913 870 973 ultimo
894 933 982 973 versu
1005 914 1142 973 dubitare
1166 916 1270 991 possis,
1293 919 1398 974 utrum

112 1022 212 1079 quam
243 1004 274 1061 in
304 1003 452 1063 schemate
487 1004 630 1079 proposui
664 1002 850 1062 scansionem
886 1003 992 1079 probes
1024 1022 1062 1062 an
1092 1004 1220 1079 primam
1249 1004 1398 1080 syllabam

112 1093 235 1168 primae
258 1092 396 1169 dipodius
420 1096 536 1168 partem
560 1111 623 1152 esse
646 1095 732 1151 ratus
754 1110 874 1151 versum
896 1093 976 1151 huuc
1000 1092 1031 1151 in
1053 1093 1175 1152 modum
1198 1094 1314 1153 dividas

481 1211 1036 1265 ζ..υυ.·.υλ-Ξυ-υυ;υ-ῦ

112 1322 177 1383 Sed
208 1324 295 1399 epodi
325 1342 428 1383 versus
458 1325 605 1385 secundus
635 1324 743 1382 tertius
773 1326 914 1400 quartus,
944 1343 1011 1383 eum
1042 1324 1170 1401 speciem
1192 1344 1335 1383 versuum
1362 1345 1398 1382 er

112 1412 258 1489 tripudiis
281 1414 483 1473 coustantium
511 1414 655 1489 habeant,
683 1412 851 1488 dipodicam
880 1413 1065 1473 scansionem
1088 1432 1226 1490 respuere
1250 1414 1398 1490 videntur,

112 1500 199 1559 unde
223 1506 319 1579 erunt,
344 1502 396 1578 qui
420 1524 456 1561 ne
481 1505 510 1561 iu
535 1503 657 1578 stropha
681 1501 801 1577 quidem
824 1520 927 1561 omues
949 1522 1053 1563 versus
1072 1503 1109 1561 ad
1130 1502 1299 1579 dipodicam
1317 1522 1398 1561 men-

113 1610 223 1649 suram
247 1592 427 1651 revocandos
451 1610 514 1651 esse
538 1596 684 1651 censeant.
723 1590 858 1661 Quorum
881 1592 1031 1651 sententia
1054 1593 1128 1651 adeo
1152 1592 1226 1650 inibi
1249 1611 1309 1651 nou
1332 1611 1399 1666 pro·

112 1680 219 1756 batur,
242 1684 278 1739 ut
301 1681 429 1740 nesciam
454 1701 491 1741 an
515 1682 606 1741 etiam
630 1680 717 1757 epodi
741 1681 814 1739 istos
838 1699 943 1741 versus
972 1678 1045 1740 κατὰ
1076 1680 1216 1740 διιτοδίαν
1245 1682 1399 1756 percutere

113 1770 212 1828 liceat
234 1770 288 1829 hoc
312 1770 413 1830 modo:

263 1874 467 1941 domuum
539 1914 645 1941 ,aaa
699 1886 807 1939 ΛῚΘῙ
844 1896 1099 1947 ΛυκΛνιυυ..
1129 1915 1191 1940 ,ευ
1224 1932 1234 1939 .

278 1978 689 2029 ίαν-υυιυυυιυ,

262 2070 466 2117 ώυὼίυὲ.
494 2092 689 2117 υἱΛΙΙ-υ-

201 2178 328 2237 (larmeu
342 2178 615 2255 splendidissimum
629 2198 647 2236 a
662 2178 751 2238 choro
765 2182 923 2238 cantatum
937 2198 1009 2255 esse,
1023 2178 1121 2237 verbis
1135 2175 1257 2251 εὔδοξος
1271 2176 1398 2239 ἀείδεται

112 2264 261 2346 Σωγένης
281 2260 322 2349 (v.
343 2261 374 2349 8)
394 2272 425 2327 et
441 2268 616 2342 πολύφατον
634 2266 730 2346 θρόον
748 2268 851 2346 λίμναν
876 2261 918 2350 (v.
934 2279 982 2344 813
1005 2269 1041 2327 cf.
1057 2266 1091 2327 0.
1111 2288 1120 2325 1
1140 2260 1172 2347 8)
1195 2268 1398 2345 significatum

113 2358 172 2433 est,
192 2356 263 2416 licet
281 2360 371 2433 poeta
390 2376 476 2416 suam
494 2358 683 2433 potissimum
702 2376 824 2417 causam
843 2360 917 2436 agat
935 2360 965 2416 et
984 2358 1137 2417 occasione
1156 2358 1294 2433 publicae
1312 2377 1398 2434 pom·

113 2464 175 2521 pae
199 2445 345 2505 abutatur
367 2448 405 2506 ad
429 2447 664 2523 propulsandum
688 2448 797 2506 crimen
822 2447 987 2522 impietatis
1010 2446 1067 2522 ipsi
1091 2448 1266 2524 irrogatum.
1315 2448 1397 2506 Idem

114 2534 202 2610 quod
225 2535 370 2611 hymnum
393 2536 509 2612 placide
533 2539 563 2596 et
585 2536 692 2595 leuiter
714 2536 881 2595 cauendum
902 2539 1004 2595 monet
1023 2530 1064 2615 (v.
1084 2528 1214 2616 82-84)‚
1232 2536 1397 2613 Lydiorum

113 2624 276 2684 modorum
295 2624 430 2685 decorem
448 2628 479 2683 et
497 2625 736 2703 logaoedicorum
756 2644 948 2685 numerorum
967 2625 1149 2685 suavitatem
1168 2630 1302 2700 spectare
1317 2626 1397 2684 vide-

113 2717 182 2791 tur;
206 2714 243 2772 cf.
267 2712 301 2773 Ο.
323 2726 365 2793 ιτ,
385 2726 426 2773 ιε.
464 2715 496 2775 P.
514 2726 540 2792 ι,
560 2725 620 2775 seo.

169 2902 353 2985 Ἐλείθυια,
375 2905 519 2991 πάρεδρε
543 2910 694 2989 Moe-priv
717 2906 963 2990 βαθυφρόνων,
1199 2910 1279 2990 Στρ.
1299 2904 1342 2969 α’.

171 3022 233 3074 παῖ
252 3010 528 3095 μεγαλοσθενέος,
552 3013 711 3093 ἄκουσον,
727 3008 787 3075 Ἥ-

218 3142 293 3204 ρας,
316 3117 482 3204 γενέτειρα
505 3116 657 3184 τέκ-νων·
681 3120 762 3183 άνευ
785 3117 886 3183 σέθεν

171 3224 213 3289 οὐ
236 3224 335 3309 φάος,
359 3225 400 3289 οὐ
423 3223 596 3310 με’λαι-ναν
616 3223 789 3311 δρακέντες
813 3226 984 3310 εὐφρόναν

170 3332 249 3397 τεάν
272 3331 452 3419 delet-pagio
476 3330 634 3417 ἐλάχομεν
656 3332 858 3417 ἀγλαόγυιον
873 3330 991 3419 Ἥβαν.
1379 3351 1396 3399 o

188 3563 270 3597 vaura
289 3562 392 3599 asomo.
429 3544 513 3598 lusor.
534 3560 586 3598 om.
606 3544 642 3609 Β,
661 3542 784 3615 Σωγένει
803 3540 885 3613 (pice
904 3544 976 3614 cod.)
995 3545 1028 3599 Δί
1046 3543 1127 3617 ινήτη
1145 3544 1298 3618 πεντάθλῳ
1312 3542 1395 3599 παιδί

112 3618 147 3673 D
166 3647 199 3655 -
219 3615 324 3671 Schol:
343 3623 451 3683 πρῶτος
465 3614 480 3668 δ
495 3612 626 3683 Σωγένης
640 3615 793 3685 Αίγινητῶν
812 3614 922 3683 ἐνίκησε
940 3624 1007 3679 παῖς
1025 3636 1064 3671 αν
1081 3615 1233 3689 πεντάθλῳ
1251 3616 1324 3670 κατὰ
1342 3617 1394 3685 τὴν

111 3685 421 3755 τεσσαρεσκαιδεκάτην
439 3686 496 3755 (νδ’
519 3702 571 3741 em.
586 3686 739 3755 Hermann)
759 3686 907 3757 Νεμεάδα·
927 3685 1011 3757 ἐτίθη
1030 3686 1062 3741 δὲ
1077 3686 1091 3740 δ
1105 3685 1264 3750 πένταθλος
1281 3697 1393 3755 πρῶτον

111 3758 189 3815 κατὰ
208 3758 260 3827 τὴν
273 3755 507 3827 τρισκαιδεκάτην
522 3758 577 3827 (νγ’
593 3774 645 3812 em.
660 3758 813 3827 Hermann)
829 3757 973 3828 Νεμεάδα.
989 3790 1021 3798 -
1038 3766 1061 3814 1.
1077 3759 1162 3813 ἐλειθ.
1178 3758 1276 3814 ibici:
1295 3758 1394 3814 είλειθ.

113 3832 144 3885 Β
157 3831 187 3887 D
210 3861 243 3869 -
267 3829 408 3899 πάρεδρος
430 3829 460 3885 D
483 3860 516 3869 -
540 3836 565 3883 2.
590 3829 690 3885 τέκνον
712 3829 743 3885 D
766 3860 798 3870 —
823 3835 847 3883 3.
873 3830 904 3882 είι
929 3826 1018 3911 ρόναν
1040 3830 1080 3885 B:
1104 3830 1284 3899 εὐφροσύναν
1307 3831 1338 3884 D
1360 3861 1394 3869 -

112 3910 139 3957 4.
160 3904 261 3971 ἀδελφ.
282 3900 355 3972 έλαχ.
371 3902 412 3956 D:
432 3898 506 3972 ἐλάχ.
525 3901 624 3970 άδελφ.
643 3902 679 3969 Β,
698 3902 797 3970 άδελφ.
816 3900 877 3971 λάγ.
946 3899 980 3956 el.
1000 3933 1033 3940 —

184 4062 373 4097 nomiman.
411 4062 436 4098 v.
453 4048 466 4097 1
483 4060 519 4098 ss.
545 4042 690 4113 Ilithyiam
709 4060 757 4097 cur
775 4042 804 4097 in
822 4042 966 4114 prooemio
984 4044 1069 4113 poeta
1087 4042 1237 4111 inuocauit,
1256 4042 1329 4095 mira
1349 4059 1393 4096 ve·

112 4120 189 4170 teres
242 4114 388 4169 ammatici
406 4114 558 4169 commenti
577 4118 649 4169 sunt.
676 4114 793 4170 Poetam
810 4114 903 4185 ipsum
917 4115 941 4168 si
955 4114 1056 4168 ducem
1070 4130 1228 4182 sequemur,
1241 4112 1394 4167 invocandi

110 4189 186 4241 hanc
208 4132 294 4241 diam
317 4202 417 4240 causas
440 4185 528 4241 fuisse
551 4186 684 4241 ducemus
707 4189 736 4241 et
758 4185 886 4259 vigorem
910 4184 1063 4240 iuvenilem
1086 4185 1191 4255 Sogeui
1208 4185 1338 4239 nascenti
1356 4185 1394 4240 ab

109 4256 230 4327 Ilithyia
253 4256 405 4326 Paroisque
423 4256 496 4311 dono
518 4257 617 4311 datum
635 4260 664 4312 et
682 4274 784 4312 nomen
810 4256 941 4327 Sogenia
966 4273 1021 4326 quo
1048 4257 1086 4311 sd
1111 4256 1304 4311 valetudinem
1329 4272 1394 4311 eum

109 4334 212 4383 natum
230 4344 291 4383 esse
310 4328 449 4383 Pindarus
469 4344 518 4383 suo
538 4346 613 4383 more
632 4328 678 4399 (cf.
697 4329 717 4383 Ι.
737 4348 765 4383 vr
784 4330 820 4397 ea)
844 4331 1052 4400 auguratur-
1072 4334 1097 4383 1.
1119 4326 1245 4396 πάρεδρε
1268 4332 1394 4396 Μοιρᾶν,

109 4400 187 4471 quod
212 4399 394 4455 nascentibus
421 4416 500 4454 suam
526 4399 627 4469 cuique
653 4402 755 4455 sortem
781 4400 887 4454 Pareae
912 4400 1070 4465 destinant;
1101 4398 1136 4455 cf.
1156 4398 1188 4457 0.
1208 4418 1235 4453 vr
1257 4416 1284 4453 ιτ
1307 4398 1394 4455 Ἐλεί-

109 4478 202 4528 θυιαν
220 4470 395 4539 παρέστασέν
412 4491 442 4525 τε
458 4468 572 4541 Μοίρας
589 4503 622 4511 -
643 4477 667 4526 2.
686 4468 851 4539 παῑἫρας·
872 4470 944 4525 conf.
963 4472 1028 4526 Hes.
1042 4470 1110 4525 theo
1133 4488 1193 4527 ‚sss
1211 4470 1229 4540 i}
1249 4467 1343 4539 (Ἥρα)
1362 4470 1390 4524 δ’

105 4542 143 4599 Ἥ
162 4564 199 4612 ην
223 4543 269 4597 καὶ
289 4540 372 4612 Ἄρηα
396 4544 444 4597 καλ
468 4540 636 4597 Εἰλείθυιαν
661 4542 773 4599 ἔτικτεν.
811 4541 905 4607 Quid?
930 4541 1083 4611 quodiam
1127 4558 1238 4597 omerus
1256 4542 1288 4598 Il.
1307 4561 1336 4595 11
1354 4558 1393 4597 ττι

112 4610 280 4675 Ελειθνίας
297 4610 384 4683 Ἥρης
402 4613 563 4684 θυγατέρας
582 4615 701 4682 dixerat,
721 4613 796 4683 quod
815 4614 894 4682 deae,
914 4613 993 4668 cuius
1012 4613 1041 4667 in
1059 4614 1151 4667 tutela
1168 4612 1286 4683 nuptiae
1305 4615 1394 4681 erant,

111 4688 201 4742 etiam
245 4686 447 4740 annuentibus
471 4684 605 4755 opitulari
630 4685 797 4741 credebatur
816 4717 849 4725 -
869 4691 895 4740 3.
914 4682 1058 4755 εὐφρόναν
1077 4689 1188 4740 noctem
1207 4684 1395 4754 appellabant

110 4776 167 4813 nou
187 4704 279 4811 soiirm
296 4758 405 4826 poetae,
424 4772 542 4826 quorum
561 4756 618 4810 dux
632 4756 771 4811 Hesiodus
786 4773 849 4826 opp.
865 4772 912 4825 reo,
932 4756 981 4809 sed
995 4756 1082 4809 etiam
1096 4756 1219 4827 prosaici
1233 4755 1392 4825 scriptores,

110 4838 142 4885 ut
162 4827 321 4884 Herodotus
342 4846 379 4883 vu
398 4846 423 4886 es
442 4860 476 4869 —
496 4834 520 4883 4.
540 4827 691 4899 ἀδελφεόν,
718 4828 870 4883 contractis
889 4827 996 4883 ultimis
1016 4826 1135 4897 syllabis
1153 4827 1393 4899 pronuntiandum
