3417 5434
600 389 758 439 OLYMPIA
776 388 851 440 xm.

95 562 130 610 ao
168 544 231 611 καὶ
254 549 423 635 Χίμαιραν
444 558 512 634 πῦρ
535 547 694 615 πνέοισαν
716 548 772 615 καὶ
796 550 974 635 Σολύμους
996 552 1148 635 ἔπεφνεν.

169 655 446 741 διασωπάσομαί
465 662 520 721 foc
543 660 649 741 μόρον
672 655 749 739 ἐγώ·

169 762 235 827 τὸν
257 760 290 827 d'
316 762 353 829 ἐν
377 764 545 853 Οὐλύμπῳ
569 764 693 849 φάτναι

221 871 331 954 Ζηνὸς
352 868 486 958 ἀρχαῖαι
509 869 670 937 δέκονται.

174 1062 232 1150 ἐμὲ
254 1065 288 1131 d’
314 1068 422 1133 εὐθὺν
444 1066 594 1133 ἀκόντων
1138 1071 1218 1154 Στρ.
1242 1064 1279 1132 ε’.

176 1171 270 1237 ίέντα
292 1174 436 1259 βόμ-βον
457 1175 546 1258 παρὰ
569 1176 695 1240 σκοπὸν
718 1175 759 1240 οὐ
781 1176 844 1262 χρὴ

103 1295 136 1342 95
174 1281 345 1346 τὰπολλὰ
367 1278 464 1364 βέλεα
485 1282 664 1367 καρτύνειν
686 1294 807 1367 χεροῖν.
1316 1296 1367 1345 135
1398 1295 1400 1299 '

175 1390 324 1465 Μοίσαις
345 1389 409 1473 γὰρ
433 1388 678 1475 ἀγλαοθρόνοις
700 1386 785 1454 ἑκὼν

174 1493 411 1577 Ὀλιγανθίθαι-
425 1499 480 1560 σίν
502 1493 534 1561 τ’
560 1499 640 1580 ἔβαν
663 1495 846 1581 ἐπίκουρος.

173 1599 306 1686 Ἰσθμοῖ
325 1602 366 1666 τά
387 1599 417 1667 τ’
443 1602 479 1667 έν
501 1601 615 1691 Νεμέα
637 1604 753 1691 παύρῳ
775 1601 868 1668 λέπει
891 1603 953 1685 θή-

221 1724 270 1773 σω
293 1708 412 1794 φανέρ’
438 1708 553 1797 ἀθρό’,
576 1708 655 1775 άλα-
668 1710 734 1792 θής
756 1708 794 1774 τέ
813 1733 870 1794 μοι

177 1814 310 1902 ἔξορκος
333 1814 501 1883 ἐπέσσεται
525 1814 715 1900 ἑξηκοντάκι
738 1818 780 1901 δὴ
803 1815 1044 1903 ἀμφοτέρωθεν

95 1940 142 1986 roo
178 1924 349 2006 ἁδύγλωσ-
363 1940 422 2002 σος
443 1926 506 2009 βοὰ
528 1925 672 2011 κάρυκος
694 1924 800 1990 έσλοῦ.

178 2121 218 2185 τὰ
241 2117 272 2185 d’
295 2118 456 2209 Ὀλυμπίᾳ
479 2120 590 2187 αὐτῶν
1134 2118 1217 2187 Ἀντ.
1241 2120 1279 2187 ε’.

179 2230 285 2292 ἔοικεν
307 2228 343 2311 ἦ·
358 2228 400 2311 δη
422 2226 567 2314 πάροιθε
590 2226 758 2312 λελέχθαι·
941 2295 945 2305 ,
1318 2243 1368 2292 145

163 2426 204 2475 90.
222 2418 355 2491 χείμεραν
375 2420 447 2476 0-
467 2426 510 2475 91.
529 2422 648 2475 διασοπ.
667 2423 695 2477 Β
701 2421 769 2477 OD:
788 2424 917 2477 σιασιωτ.
937 2422 1080 2477 Hemiann
1098 2426 1188 2477 metro
1206 2422 1290 2476 aliter
1304 2438 1367 2475 con-

97 2493 205 2558 stituto3
223 2492 258 2548 cf.
273 2492 293 2547 Ι.
308 2511 319 2545 1
333 2508 360 2547 es
376 2524 410 2533 —-
430 2497 472 2548 95.
492 2512 570 2562 κρατ.
583 2492 615 2547 D
628 2524 662 2533 —-
677 2499 719 2550 96.
739 2491 850 2564 μοίσαις
863 2494 983 2551 Mosen:
1002 2492 1125 2563 μοίσαισι
1143 2494 1234 2550 BG'D
1249 2526 1280 2533 —-
1298 2492 1368 2548 ἑκὼν

98 2565 185 2633 (ἔνων)
201 2566 285 2635 Byaz
312 2563 396 2619 εἶκον
414 2564 506 2619 ΒΟΙ)
531 2596 565 2605 -
590 2570 632 2620 97.
658 2568 725 2655 post
752 2564 899 2635 ἐπίκουρος
927 2568 993 2620 ante
1021 2565 1173 2658 Berpkium
1199 2582 1256 2619 nou
1283 2564 1368 2619 inter·

98 2655 114 2705 p
185 2636 270 2691 batur
287 2666 324 2676 -
341 2640 384 2690 98.
403 2636 502 2709 παύρῳ
519 2632 606 2692 ,λέπει
627 2640 708 2705 θησω
732 2637 803 2692 ooni.
823 2638 924 2707 Bergk.
943 2637 1080 2707 παάρασ
1112 2636 1174 2692 ἔπει
1192 2636 1273 2705 θήσω
1291 2637 1321 2691 D
1339 2638 1370 2690 et

99 2708 160 2763 scho
203 2706 304 2781 παύρῳ
322 2704 350 2761 d’
372 2706 501 2776 ἐπιθήσω
523 2707 582 2762 130
600 2738 637 2747 —
660 2714 702 2764 99.
722 2706 835 2778 ἔξορκος
853 2708 965 2780 scripsi:
994 2708 1106 2778 ἔξορκος
1123 2708 1204 2763 codd.
1224 2710 1254 2762 et
1272 2706 1368 2773 schol.¹

100 2776 137 2843 εἷς
156 2778 235 2849 ὅρκος
256 2778 329 2833 coni.
348 2778 454 2849 Bergk,
478 2776 634 2845 ἀτθόρκιος
657 2778 765 2835 ἔσσεται
788 2780 859 2835 coni.
879 2780 1022 2851 Hartung‚
1042 2778 1147 2855 εὐόρκῳ
1166 2780 1238 2835 coni.
1257 2779 1370 2833 Bossler

99 2884 132 2891 —
147 2852 180 2922 dii
198 2850 270 2906 coni
286 2850 442 2907 Hermann:
461 2848 490 2905 d’
510 2851 601 2906 1301)
622 2882 652 2891 -

101 2992 557 3147 λθλῗιέλλφέλβλιὲέλμῗ
576 2993 1368 3147 th{titttttssufftttssttftttstitt

104 3153 156 3206 agn
175 3154 231 3191 non
254 3136 339 3206 longe
361 3153 379 3190 a
401 3137 489 3205 Lycia
511 3136 646 3191 distantis
668 3137 756 3192 fuisse
781 3138 988 3206 arbitrabatur3
1014 3140 1114 3209 postea
1140 3137 1260 3209 populos
1283 3138 1369 3191 Asiae

103 3208 206 3263 minoris
228 3208 303 3262 citra
320 3208 444 3262 Taurum
467 3224 531 3261 cum
554 3207 638 3277 alios,
662 3211 723 3262 tum
746 3209 850 3279 Milyas
874 3212 903 3265 et
921 3210 1097 3265 Termesseos
1118 3209 1239 3279 Solymis
1258 3224 1288 3263 se
1306 3226 1369 3279 pro-

104 3283 193 3349 gnatos
208 3280 333 3334 iactasse
346 3279 430 3335 docet
443 3279 612 3334 Gutschmid
625 3279 669 3334 Iss.
684 3280 761 3336 Schr.
775 3300 804 3335 ru
818 3298 858 3336 οτι
868 3300 888 3336 s.
904 3313 938 3322 —-
954 3286 995 3337 91.
1010 3282 1121 3337 tristem
1135 3298 1232 3335 casum
1246 3280 1368 3335 Bellero-

103 3351 226 3420 phontae,
251 3350 304 3419 qui
326 3366 360 3405 ex
382 3350 490 3421 Pegaso
514 3351 617 3406 altiora
639 3354 753 3422 petente
777 3353 923 3408 deciderat
942 3359 979 3423 (v.
993 3353 1013 3409 Ι.
1028 3372 1067 3407 vn
1081 3356 1130 3423 ιι),
1155 3354 1241 3424 poeta
1266 3350 1370 3419 omisit,

107 3427 133 3476 ut
147 3422 272 3477 laetitiae
291 3420 475 3493 epiniciorum
517 3439 597 3476 arum
620 3424 875 3492 accommodatum
902 3424 936 3478 ds
959 3424 1068 3495 Pegaso
1091 3424 1166 3479 inter
1184 3426 1261 3479 astra
1279 3422 1370 3478 relato

104 3496 280 3621 ''tm-m
301 3510 393 3549 1ss-
412 3499 454 3549 92.
478 3441 621 3549 disemus·
645 3495 789 3565 praesenti
811 3495 902 3550 utitur
924 3496 959 3550 ds
981 3496 1065 3551 rebus
1088 3495 1193 3551 divinis
1215 3512 1370 3564 numquam

106 3582 129 3617 m
153 3584 176 3620 n
206 3584 254 3621 ns.
791 3592 796 3599 ·

165 3644 196 3691 93
210 3656 246 3692 ss.
267 3654 286 3691 a
303 3636 442 3691 fabulosis
460 3636 543 3691 rebus
563 3638 600 3691 ad
618 3655 663 3692 res
680 3641 843 3709 praesentes
863 3655 892 3693 se
911 3642 1027 3694 revocat
1048 3641 1147 3709 poeta,
1172 3637 1258 3693 simili
1281 3640 1368 3691 mets-

106 3708 181 3777 phora
193 3726 260 3763 usus
275 3711 362 3777 atque
375 3707 405 3763 P.
419 3727 441 3761 11
453 3725 489 3763 ιι.
507 3708 542 3763 N.
551 3728 581 3762 τι
594 3725 628 3764 ει.
639 3728 679 3763 vn
693 3727 717 3765 ει
729 3742 762 3751 -
792 3709 855 3765 έλεα
868 3727 926 3765 non
942 3710 1076 3766 differunt
1089 3711 1126 3766 ab
1140 3710 1185 3779 iis,
1200 3727 1269 3778 quos
1284 3712 1369 3763 autea

107 3780 212 3845 ἄκοντας
231 3780 350 3848 ᾱίιεεελ,
367 3781 401 3833 ut
417 3780 482 3835 Eur,
496 3780 581 3863 Hipp.
596 3796 635 3835 sss
653 3780 729 3863 idsin
747 3784 776 3836 te
788 3800 836 3836 um
854 3780 967 3852 ὅρτακα
986 3785 1016 3837 et
1034 3779 1181 3853 ἐπλλογχοτ
1200 3781 1279 3862 βέλος
1297 3780 1370 3834 dixit

107 3882 134 3891 —
149 3858 187 3907 96.
206 3852 290 3907 ἑκών·
310 3850 406 3921 glossa
425 3850 508 3906 εἴκων
525 3870 556 3906 1n
573 3854 683 3907 textum
701 3853 822 3923 irrepsit,
840 3854 968 3924 profecta
983 3872 1000 3909 a
1013 3853 1215 3925 grammaticis,
1230 3870 1278 3921 qur
1292 3853 1368 3905 recte

107 3921 292 3979 ntellsxernnt
298 3922 452 3977 Pindarum
462 3939 551 3992 aeque
560 3926 646 3993 etque
655 3924 806 3979 Homerum
815 3925 924 3980 nomini
935 3926 1005 3982 ἑκὼν
1014 3924 1159 3997 participii
1168 3924 1226 3979 vim
1235 3922 1369 3978 tribuisse

108 4026 135 4034 -
143 4000 180 4049 97.
192 3991 423 4065 ostraceum·
436 3997 588 4065 postquam
596 3998 681 4066 poeta
691 4014 776 4067 supra
785 4016 829 4051 vv.
840 4014 921 4053 ιο-ιε
930 3996 1123 4067 Xenophontis
1134 3999 1163 4051 et
1173 3996 1232 4051 eius
1242 3994 1369 4049 familias

109 4066 224 4121 victorias
243 4066 381 4132 laudavit,
400 4066 458 4120 iam
477 4066 506 4120 in
525 4066 578 4121 hac
597 4070 722 4122 extrema
739 4072 821 4138 parte
839 4068 972 4123 carminis
990 4068 1103 4140 longius
1121 4070 1259 4140 evagatus
1278 4066 1369 4121 omnis

109 4138 186 4206 gentis
203 4136 450 4208 Oligaethidarum
468 4138 569 4194 decora
588 4140 800 4209 comprehendit
818 4172 852 4181 -
872 4147 914 4196 98.
930 4138 1042 4211 Ἰσθμοῖ
1058 4140 1093 4196 τά
1111 4138 1136 4194 τ’
1155 4140 1185 4195 ἐν
1205 4136 1303 4212 Νεμέᾳ
1319 4156 1370 4208 pro

109 4208 137 4261 τὰ
148 4208 253 4281 Ἰσθμοῖ
267 4208 305 4264 τά
321 4207 348 4275 τ’
371 4209 401 4263 ἐν
420 4207 526 4284 Νεμέᾳ,
545 4213 578 4265 ut
595 4210 683 4265 etism
700 4212 889 4282 negationem,
908 4224 970 4267 oum
989 4213 1135 4281 utriusque
1154 4210 1272 4265 membri
1286 4212 1370 4277 esset,

111 4280 152 4333 soli
172 4281 252 4337 alteri
273 4280 400 4335 membro
423 4280 529 4336 adiecit
548 4281 579 4337 Ο.
593 4302 623 4335 xi
637 4299 670 4337 rs.
706 4283 851 4339 Particula
874 4283 902 4339 δ’
924 4288 989 4339 ante
1014 4284 1075 4339 ἔπει
1097 4286 1148 4338 aut
1170 4298 1204 4337 ex
1227 4280 1370 4351 digammo

111 4368 154 4405 ron
176 4352 318 4408 intellecto
344 4355 436 4407 ortum
457 4355 512 4422 est,
539 4356 590 4408 aut
607 4372 625 4408 a
643 4353 759 4409 librario
777 4356 903 4423 illatum,
929 4355 978 4425 qui
994 4354 1104 4424 Ἰσθμοῖ
1120 4353 1155 4409 τά
1174 4352 1199 4408 τ’
1222 4353 1252 4407 ἐν
1272 4352 1369 4436 Νεμέμ

111 4438 162 4477 cum
176 4424 359 4506 antecedente
378 4424 520 4507 sententia
538 4425 610 4507 falso
625 4425 817 4480 coniunxit-
833 4425 953 4509 ἔξορκος,
969 4427 1044 4496 quod
1057 4444 1108 4497 pro
1123 4426 1236 4509 ιἔξορκος
1245 4441 1369 4506 reposui,

111 4497 948 4648 ffitffitdtttttflttfflffistt’nutrite
962 4498 1371 4639 tttetzttfffttdi

112 4634 192 4693 Graeci
215 4639 253 4693 ad
276 4637 417 4693 infimtam
439 4639 551 4709 copiam
574 4640 789 4710 significandam
811 4643 1016 4697 utebantur-
1036 4648 1079 4697 99.
1099 4639 1315 4711 ἀμφοτέρωθεν·
1336 4656 1370 4693 ex

112 4707 199 4764 Isthmo
216 4714 246 4764 et
265 4725 300 4764 ex
317 4709 436 4779 Nemea3
460 4710 531 4765 haec
550 4716 645 4767 autem
662 4712 727 4783 ipsa
744 4730 832 4783 parva
850 4730 905 4768 vox
925 4718 1045 4783 (παῦρον
1065 4712 1141 4777 ἔπος)
1159 4715 1215 4780 est,
1236 4728 1293 4779 qua
1312 4726 1370 4763 om-

114 4779 152 4832 uis
166 4781 264 4835 decora
282 4780 417 4836 Isthmica
435 4785 464 4837 et
481 4782 624 4838 Nemeaea
647 4800 676 4837 ss
699 4783 906 4839 illustraturum
933 4800 993 4839 esse
1010 4788 1096 4867 poeta
1114 4783 1255 4856 professus
1274 4784 1318 4835 est
1337 4814 1369 4821 -

115 4856 161 4906 102.
182 4851 255 4908 ἔοικε
279 4869 343 4906 cum
366 4853 492 4925 emphasi
517 4854 642 4925 positum
667 4855 813 4910 Dissenius
839 4856 922 4926 dicit3
947 4856 1017 4910 mihr
1043 4857 1196 4911 admodum
1221 4853 1371 4923 frigescet
