3417 5434
296 295 360 350 VIII
798 297 1076 349 Paoncoonnns.

300 484 371 527 esse
395 461 481 525 inter
503 459 626 545 peritos
649 459 772 526 iudices
792 465 929 526 constat.
967 458 1054 536 Quas
1073 459 1229 525 minutias
1248 459 1276 525 si
1295 459 1366 544 quis
1386 465 1491 544 curat,
1515 481 1589 524 non

298 574 367 634 tam
391 572 428 633 ut
451 566 631 632 orationem
650 570 766 652 poetae
785 568 935 632 emendet
953 588 1049 651 quam
1069 571 1107 632 ut
1125 589 1206 651 quac
1225 566 1310 631 ratio
1327 566 1414 631 inter
1432 567 1587 652 singulos

300 676 427 742 codices
456 675 637 740 intercedat
665 674 846 740 accuratius
875 679 1066 761 cognoscat,
1096 673 1213 740 horrea
1236 673 1491 759 locupletissima
1516 673 1588 738 edi-

297 783 398 848 tionis
422 781 698 847 Mommsenianae
722 782 825 847 adem.

387 888 547 974 Quatuor,
567 911 648 974 quos
663 889 760 953 modo
775 889 934 974 recensui,
950 889 1116 956 codicibus
1130 889 1270 954 formam
1284 893 1393 953 textus
1408 886 1587 973 Pindarici,

297 997 426 1082 qualem
440 995 613 1084 Byzantini
627 1019 647 1060 a
661 996 825 1061 veteribus
841 996 973 1062 Graecis
987 1001 1187 1082 acceperant,
1199 996 1329 1081 plenam
1342 996 1586 1080 repraesentari

295 1128 400 1190 neque
433 1105 473 1169 ad
505 1103 750 1170 instaurandam
783 1104 852 1169 eius
886 1105 1076 1169 memoriam
1103 1103 1176 1169 aliis
1205 1103 1369 1168 codicibus
1398 1125 1479 1188 opus
1508 1125 1585 1168 esse

297 1214 394 1299 plane
426 1211 508 1276 mihi
539 1233 730 1296 persuasum
763 1215 821 1276 est.
872 1210 987 1297 Neque
1018 1233 1099 1295 quaa
1132 1211 1228 1276 docta
1256 1215 1290 1276 et
1316 1211 1465 1297 diligenti
1494 1232 1585 1274 com-

297 1319 497 1385 mentatione
529 1319 665 1384 Abeliua
697 1317 804 1383 Wien.
838 1315 930 1382 Stud.
957 1335 994 1381 1v
1022 1318 1186 1382 225—62
1222 1318 1261 1381 de
1296 1316 1390 1381 novis
1422 1315 1583 1382 subsidiis

297 1431 473 1512 apparatus
502 1426 606 1492 critici
631 1431 665 1491 et
688 1429 860 1490 stemmate
884 1423 1029 1489 codicum
1055 1424 1247 1509 disputavit,
1272 1423 1308 1488 in
1331 1422 1428 1488 aliam
1452 1427 1585 1487 senten-

297 1535 379 1600 tiam
397 1556 449 1599 me
468 1537 647 1599 traxerunt.
684 1531 771 1597 Nam
791 1554 871 1618 quas
890 1531 1069 1616 meipsum
1087 1553 1127 1596 ex
1146 1530 1218 1596 aliis
1238 1529 1403 1596 codicibus
1422 1530 1584 1595 lectiones

299 1642 528 1726 comprobasse
557 1645 590 1706 et
616 1641 652 1706 in
675 1644 801 1705 textum
830 1638 990 1724 recepisse
1019 1638 1181 1725 coarguit,
1209 1660 1263 1702 eas
1290 1658 1358 1701 non
1384 1659 1423 1702 ex
1448 1637 1587 1702 meliore

297 1750 388 1814 fonte
417 1748 563 1833 fluxisse,
591 1749 646 1813 scd
673 1747 830 1813 facillima
854 1768 953 1830 opera
976 1769 995 1810 a
1017 1745 1176 1831 librariis,
1204 1744 1335 1810 scholiis
1359 1744 1413 1809 hic
1435 1744 1505 1809 illic
1529 1746 1585 1810 ad-

298 1856 425 1939 hibitis,
450 1860 610 1921 correctas
634 1875 704 1919 esse
729 1859 872 1939 apparet.
914 1851 978 1918 Sed
1001 1874 1075 1918 cum
1098 1857 1173 1917 ante
1196 1851 1449 1938 typographiam
1470 1851 1586 1918 inven-

298 1964 425 2028 tamin
452 1962 667 2027 deterioribus
696 1961 861 2026 codicibus
888 1960 1046 2026 nonnulla
1073 1960 1190 2024 menda
1212 1958 1342 2024 sublata
1364 1959 1445 2045 sint,
1473 1960 1584 2024 omnis

298 2073 408 2134 autem
435 2069 585 2134 lectionis
614 2073 763 2154 receptae
790 2073 958 2133 auctorem
986 2072 1142 2132 testemve
1169 2064 1249 2130 mihi
1271 2065 1480 2130 indicandum
1508 2089 1585 2152 pro

296 2176 493 2263 posuissem,
520 2175 574 2242 hic
597 2176 665 2241 illic
688 2176 788 2242 etiam
812 2175 868 2240 alii
892 2174 1033 2258 codices,
1059 2174 1113 2258 qui
1139 2173 1203 2239 illis
1226 2174 1416 2260 integritate
1440 2174 1584 2258 proximi

298 2289 407 2348 essent
435 2288 468 2348 et
496 2307 535 2348 ex
563 2283 680 2369 quibus
709 2283 880 2348 emendata
907 2282 1004 2347 lectio
1032 2281 1165 2346 fluxisse
1192 2281 1369 2366 videretur,
1392 2279 1436 2357 ¹in
1466 2281 1583 2346 critico

299 2395 455 2476 apparatu
480 2389 561 2455 mihi
585 2389 859 2456 commemorandi
883 2394 984 2454 erant.
1030 2387 1113 2453 Sunt
1136 2393 1246 2454 autem
1268 2388 1316 2453 hi:

297 2499 332 2564 Ε
351 2529 393 2552 =
413 2497 576 2564 Mediceus
590 2499 646 2582 32,
666 2499 706 2563 37
729 2520 810 2563 saec.
824 2495 904 2562 XIV
917 2497 975 2581 in,
994 2496 1140 2561 continet
1154 2495 1305 2581 Olympia
1323 2500 1357 2560 et
1368 2494 1491 2581 Pythia
1506 2519 1582 2562 cum

352 2605 485 2670 scholiis
504 2604 672 2670 Vaticanis
696 2604 821 2692 mixtis3
845 2604 989 2689 optimus
1008 2603 1108 2669 codex
1126 2608 1176 2667 est
1195 2603 1353 2668 secundae
1373 2602 1486 2668 classis
1505 2609 1584 2688 post

351 2711 452 2776 libros
475 2710 564 2776 Bet
586 2711 621 2776 D
647 2733 751 2795 neque
779 2715 889 2775 tamen
918 2710 958 2774 ad
980 2713 1074 2774 vetus
1098 2709 1261 2793 exemplar
1283 2714 1393 2774 textus
1416 2707 1583 2775 Pindarici

352 2817 588 2883 restituendum
611 2817 707 2902 plane
730 2816 942 2883 necessarius.
1037 2811 1041 2818 ’

298 2926 333 2990 F
352 2955 393 2978 =
413 2924 577 2990 Mediceus
601 2925 657 3011 32,
681 2925 723 2990 33
752 2946 834 2989 saec.
858 2923 937 2989 XIV
958 2924 1016 3008 in,
1049 2923 1194 2989 continet
1221 2921 1374 3009 Olympia
1400 2929 1434 2988 et
1460 2922 1583 3008 Pythia

353 3054 425 3096 cum
450 3031 583 3097 scholiis
607 3031 776 3097 Vaticanis
800 3030 926 3117 mixtis;
950 3030 1057 3096 affinis
1080 3035 1131 3095 est
1154 3031 1257 3096 codici
1279 3031 1320 3096 E.

303 3139 333 3204 G
353 3171 394 3193 =
416 3138 642 3226 Gottingensis
660 3141 676 3204 1
698 3161 779 3204 saec.
794 3137 889 3225 XIII,
912 3137 1058 3204 continet
1077 3136 1258 3203 0.11—X1v
1277 3136 1486 3203 etP.1-x11
1507 3161 1582 3204 cum

346 3245 487 3319 scholiis
510 3245 679 3311 Vaticanis
703 3245 828 3330 mixtis3
852 3244 960 3311 affinis
984 3249 1035 3310 est
1057 3245 1160 3311 codici
1182 3245 1223 3310 E.

299 3459 332 3524 P
352 3491 393 3514 =
412 3459 582 3526 Palatinus
606 3459 822 3526 bibliothecae
846 3458 1131 3545 Heidelbergensis
1150 3459 1195 3524 40
1218 3482 1301 3524 saec.
1318 3457 1412 3546 XIII,
1435 3462 1582 3526 continet

353 3566 505 3652 Olympia
538 3573 570 3632 et
598 3567 717 3652 Pythia
750 3568 819 3632 sine
846 3567 1011 3632 veteribus
1040 3565 1187 3653 scholiis;
1219 3565 1326 3632 affinis
1358 3567 1497 3633 maxime
1531 3574 1582 3634 est

352 3673 516 3740 codicibus
540 3674 619 3741 DE.

302 3782 329 3864 Q
354 3813 396 3835 =
415 3780 578 3847 Mediceus
597 3783 654 3868 32,
673 3783 715 3848 35
740 3803 820 3848 saec.
840 3781 934 3867 XIll,
962 3781 1109 3847 continet
1132 3780 1284 3866 Olympia
1309 3787 1342 3846 et
1363 3779 1485 3867 Pythia
1506 3805 1581 3848 cum

354 3888 486 3954 scholiis
510 3889 678 3956 Vaticanis
702 3889 827 3976 mixtis;
851 3895 1009 3976 cognatus
1033 3895 1083 3954 est
1106 3887 1209 3954 codici
1233 3887 1272 3952 P.

300 3995 331 4061 R
354 4027 395 4048 =
415 3995 557 4062 UrbInas
576 3999 638 4062 144
657 4018 739 4062 saec.
754 3995 824 4082 XV,
844 3996 990 4062 continet
1008 3994 1159 4081 Olympia
1177 4000 1211 4060 et
1223 3995 1343 4080 Pythia
1357 4018 1431 4061 cum
1447 3996 1579 4062 scholiis

353 4102 521 4169 Vaticanis
545 4102 670 4188 mixtis3
695 4103 803 4168 affinis
826 4107 877 4168 est
901 4102 1003 4168 codici
1029 4102 1063 4184 Q.

304 4315 392 4382 0=
411 4315 577 4383 Lcidensis
601 4317 628 4394 Q
648 4320 669 4382 4
693 4337 774 4382 saec.
793 4315 875 4382 XIII
893 4339 955 4403 ex,
978 4316 1123 4382 continet
1146 4316 1324 4382 0.1-xu1
1347 4339 1421 4384 cum
1444 4319 1578 4385 scholiis

352 4423 521 4488 Vaticanis
545 4423 669 4507 mixtis,
694 4428 851 4510 cognatus
875 4428 926 4489 est
948 4423 1113 4490 codicibus
1139 4423 1219 4491 Oet
1242 4425 1282 4490 E.

301 4531 336 4596 N
354 4562 397 4584 =
416 4529 653 4594 Ambrosianus
676 4529 704 4595 Ε
726 4531 789 4595 103
813 4552 895 4595 saec.
920 4528 997 4594 XIII
1016 4553 1078 4618 ex.;
1102 4533 1268 4618 conspirat
1291 4555 1365 4597 cum
1391 4534 1432 4619 0,
1455 4556 1519 4618 qua
1541 4535 1579 4598 de

352 4661 387 4702 re
410 4637 522 4704 confer
544 4661 572 4701 v.
595 4636 617 4702 l.
640 4636 677 4701 Ο.
696 4654 732 4700 xr
757 4638 803 4702 10.
