3417 5434
568 360 721 410 resume
740 359 791 410 VH
810 358 882 428 [VIJ.

88 536 123 583 25
142 519 323 603 χάλκασπις
345 512 372 607 ᾧ
394 522 521 605 πότμον
543 518 604 605 μὲν
629 520 729 606 Ἆρης
751 520 873 606 ἔμιξεν,

142 628 219 711 τιμά
243 625 272 691 δ’
303 626 481 709 ἀγαθοῖσιν
504 628 691 694 ἀντίκειται.

144 740 223 798 ίστω
246 735 310 819 γάρ
333 732 437 819 σαφὲς
459 736 549 812 ὅστις
573 734 608 800 έν
631 737 733 823 ταύτᾳ
755 734 879 822 νεφέλᾳ
901 735 1043 819 χάλαζαν

187 842 324 924 αἵματος
345 843 409 928 πρὸ
433 846 533 927 φίλας
555 844 681 928 πάτρας
704 843 876 927 ἀμύνεται,

144 1038 258 1119 λοιγὸν
282 1040 364 1103 άντα
387 1037 500 1125 φέρων
524 1038 661 1126 έναντίςο
685 1050 830 1127 στρατῷ,

143 1143 253 1209 ἀστῶν
275 1154 372 1232 γενεᾷ
394 1144 564 1229 μέγισ-τον
585 1144 680 1223 πλέος
703 1146 812 1224 αὔξων

88 1268 123 1314 30
145 1253 236 1329 ζώων
258 1249 287 1316 τ’
313 1250 377 1317 άπὸ
401 1251 455 1317 καὶ
478 1255 603 1319 θανών.

144 1361 183 1422 τὺ
208 1357 258 1441 δέ,
282 1360 462 1425 Διοδότοιο
485 1372 558 1444 παῖ,
582 1361 730 1444 μαχατὰν

144 1463 264 1529 αἰνέων
288 1465 498 1553 Μελέαγρον,
521 1465 642 1532 αἰνέων
666 1463 701 1531 δὲ
725 1465 779 1531 καὶ
803 1464 945 1552 Ἕκτορα

141 1571 360 1657 Ἀμφιάρη-όν
382 1597 431 1658 τε,

143 1678 277 1745 εὐανθέ’
303 1679 524 1758 άπέπ-νευσας
546 1682 677 1747 ἁλικίαν

86 1893 123 1940 35
142 1876 323 1961 προμάχων
347 1876 395 1942 ἀν’
424 1878 555 1961 ὅμιλον,
579 1876 652 1943 ἔνθ’
678 1880 806 1964 άριστοι
1170 1882 1251 1961 Στρ.
1269 1876 1312 1960 γ’.

143 1986 239 2069 ἔσχον
262 1982 418 2068 πολέμοιο
441 1996 549 2062 νεῖκος
572 1984 721 2070 ἐσχάταις
744 2027 758 2034 -
782 1984 920 2051 ἐλπίσιν.
1332 2001 1366 2049 οο

157 2183 199 2231 25.
224 2176 306 2245 ἄρηςε
331 2174 379 2245 ἄρ’
399 2177 430 2232 D
448 2209 481 2217 —
502 2183 543 2232 26.
566 2177 633 2248 τιμὰ
657 2182 686 2233 et
708 2183 773 2253 τιμᾷ
797 2180 825 2233 Β
849 2180 879 2231 et
902 2177 987 2232 schol.
1007 2210 1042 2218 -
1060 2184 1103 2231 27.
1128 2175 1185 2241 ὅτις
1209 2178 1238 2231 D
1259 2210 1290 2217 —
1309 2178 1365 2244 πρὸ

81 2248 156 2301 coni.
177 2248 302 2302 Schmid:
328 2248 398 2317 πρὸς
421 2248 500 2303 codd.
529 2280 561 2289 -
589 2256 630 2305 28.
658 2250 729 2303 άντα
754 2248 849 2319 φέρων
875 2266 910 2303 ex
935 2248 1049 2304 scholiis
1072 2247 1220 2304 Thierach:
1247 2249 1363 2319 ἀμύνων

81 2320 162 2388 BD,
188 2317 348 2388 ἀντιφέρων
372 2320 478 2391 Bergk,
504 2318 661 2375 ἀντιπνέον
683 2321 807 2375 Wblffiin
831 2320 903 2374 Phil.
924 2337 944 2389 7,
963 2336 1003 2375 aaa
1023 2352 1056 2361 -
1076 2326 1119 2375 33.
1145 2318 1311 2389 άμφιάραόν
1333 2340 1364 2375 τε

81 2392 156 2458 BD,
175 2390 223 2445 ἀν’
241 2389 418 2461 Ἀμφιάρεων
437 2390 507 2446 coni.
522 2392 615 2463 Bergk
632 2425 665 2432 —
685 2398 727 2447 84.
748 2391 890 2447 εὐανθέαι
909 2391 1156 2459 fortissumis«,
1176 2394 1209 2444 ut
1227 2392 1281 2445 duo
1302 2392 1364 2446 cola

81 2462 186 2516 ultima
205 2462 288 2533 epodi
306 2462 336 2516 in
354 2480 441 2515 unum
459 2479 570 2517 versum
588 2464 721 2535 coniungi
738 2463 861 2534 possint3
880 2463 916 2519 cf.
930 2463 965 2518 N.
980 2482 1009 2515 ιι
1023 2480 1049 2518 ιε
1063 2496 1101 2503 -
1118 2468 1159 2516 36.
1180 2462 1245 2533 ἔχον
1263 2462 1365 2517 maluit

80 2533 198 2587 Sehmid
224 2566 260 2574 -
285 2532 413 2604 ἐσχάταις
438 2538 535 2603 (-οισιν
560 2535 599 2603 D)
626 2532 671 2589 ἐπ’
693 2536 750 2591 aa.
771 2535 852 2603 BD,
880 2532 924 2587 ἐπ’
946 2534 1013 2589 eisc.
1033 2534 1076 2589 ed.
1096 2534 1175 2588 Rom.
1200 2567 1233 2575 -
1258 2532 1365 2591 ἐλπίσιν

79 2607 152 2675 Byr.
172 2607 201 2659 et
219 2605 322 2660 lemma
341 2605 370 2659 in
391 2607 431 2662 B:
451 2604 536 2660 ἐλπίσ.
553 2650 559 2661 ,
579 2607 615 2675 Β,
636 2604 744 2661 §tuton
763 2609 793 2663 D
815 2638 845 2645 -

79 2752 145 2820 τεῷ,
168 2746 361 2821 Θρασύβουλε,Ι
373 2746 474 2804 κοινάν
492 2768 521 2804 τε
540 2752 623 2823 γενεᾷ
643 2746 735 2817 νίκαν,
755 2748 785 2804 Ο.
801 2768 822 2802 11
838 2764 874 2817 ss,
893 2748 922 2803 P.
938 2767 955 2801 v
971 2764 1016 2803 ror.
1055 2746 1364 2816 Quamquam'facilius

80 2818 189 2873 curulis
204 2819 339 2874 victoriae
362 2820 446 2875 decus
471 2838 534 2875 cum
558 2820 615 2874 alio
634 2820 835 2875 communicari
853 2820 948 2890 potuit
966 2836 1049 2888 quam
1069 2819 1218 2889 pancratii,
1238 2820 1363 2887 quando-

80 2890 199 2959 quidem
221 2890 252 2944 in
275 2892 418 2945 curulibus
447 2892 647 2946 certaminibus
673 2892 722 2960 qui
746 2894 874 2962 sumptus
893 2908 1028 2959 equorum
1047 2890 1212 2945 alendorum
1230 2891 1363 2960 fecerant,

80 2962 392 3029 concremabantur,
416 2964 445 3017 in
469 2964 616 3033 pancratio
636 2963 693 3019 suis
713 2963 819 3017 viribus
839 2964 975 3017 victorem
992 2960 1047 3015 niti
1066 2962 1222 3031 oportebat.
1260 2963 1364 3016 Verum

80 3032 243 3087 cumidem
260 3050 362 3088 nomen
380 3036 518 3089 avunculo
542 3038 571 3089 et
594 3034 652 3090 filio
677 3034 779 3089 sororis
802 3034 904 3088 victori
926 3033 1040 3102 fuisset,
1065 3032 1129 3103 ipsa
1154 3033 1361 3087 renuntiatione

79 3104 291 3231 iiiiii?
292 3105 418 3232 ‘hihi
420 3106 430 3159 ¹
439 3105 1033 3246 effectius}th‘izttttfflth
1042 3108 1362 3245 {testificati

80 3247 204 3318 aliptam
215 3264 278 3301 eum
291 3248 396 3302 honore
411 3251 658 3304 commemoratum
673 3264 733 3303 esse
744 3248 804 3303 veri
818 3248 910 3302 simile
925 3248 996 3301 duco
1007 3281 1040 3287 —
1051 3252 1093 3301 25.
1104 3245 1194 3317 Ἄρης1
1209 3248 1363 3302 infaustum

78 3336 208 3391 pugnam
227 3319 263 3373 ad
283 3320 450 3389 Oenophyta
477 3323 599 3391 spectat,
627 3320 657 3374 in
682 3338 739 3390 qua
764 3319 941 3390 Strepsiades
967 3318 1056 3372 maior
1075 3319 1106 3372 in
1123 3319 1215 3389 prima
1234 3319 1294 3373 acie
1313 3336 1363 3388 pro

79 3390 178 3461 patria
197 3390 349 3445 fortissime
368 3409 496 3463 pugnans
516 3392 619 3447 cecidit
638 3424 671 3432 -
691 3398 733 3445 27.
752 3392 840 3466 ταύτᾳ
859 3390 973 3465 νεφέλᾳ,
992 3389 1023 3443 in
1040 3389 1102 3457 hac,
1121 3407 1208 3459 quam
1226 3391 1363 3446 translate

78 3462 155 3530 dixi,
174 3465 356 3531 tempestate,
384 3464 412 3517 id
432 3464 507 3533 quod
525 3479 581 3517 non
600 3464 683 3533 longe
703 3463 784 3518 abest
803 3480 820 3517 a
838 3463 955 3517 τοιαάτα
974 3459 1090 3536 νεφέλᾳ·
1119 3460 1219 3515 similis
1237 3462 1281 3516 vis
1300 3481 1362 3533 pro-

79 3533 204 3587 nominis
229 3528 310 3597 οὗτος
333 3537 377 3589 est
400 3534 433 3589 N.
453 3554 482 3588 rx
500 3552 538 3601 aa3
564 3534 599 3589 de
618 3534 646 3588 vi
671 3534 810 3589 translata
829 3516 960 3589 vocabuli
980 3532 1099 3603 νεφέλας
1117 3533 1189 3587 conf.
1209 3532 1300 3602 φόνον
1319 3554 1362 3588 νε·

78 3604 173 3673 φίλαν
192 3605 226 3659 N.
245 3624 273 3657 rx
292 3622 318 3661 ss
336 3638 371 3646 —
390 3604 514 3676 χάλαζαν
533 3604 662 3676 αἵματος,
682 3610 826 3660 cruentam
845 3605 1024 3677 grandinem
1049 3604 1083 3658 of.
1103 3603 1123 3659 I.
1143 3623 1161 3657 v
1180 3621 1206 3657 so
1224 3607 1253 3658 et
1278 3605 1362 3675 Soph.

81 3676 140 3731 ΟΒ.
158 3693 210 3732 late
225 3676 294 3746 ὁμοῦ
308 3676 391 3747 μέλας
406 3676 507 3751 ὄμβρος
521 3677 640 3748 χαλάζης
655 3676 780 3748 αἱμάτων
796 3676 920 3747 ἐτέγγετο
935 3710 968 3716 -
988 3680 1031 3731 28.
1050 3675 1145 3746 λοιγὸν
1164 3674 1236 3728 ἄντα
1254 3674 1361 3744 φέρων·

79 3746 225 3837 cii-epigr.
244 3748 299 3803 ΑΡ,
318 3767 357 3802 vn
375 3750 535 3839 us'cpptv
559 3747 604 3802 ἐπ’
625 3748 754 3812 Αἰτωλοῖς
773 3746 938 3840 ἀναφέρων,
950 3745 1072 3818 πόλεμον
1091 3779 1124 3786 -
1144 3752 1186 3800 29.
1206 3748 1298 3840 ἀστφν
1316 3766 1361 3817 γε·

79 3824 328 3946 ὂῗέίλλίῗῗρίί,
345 3820 497 3945 istst
511 3820 1293 3961 bt?putirtz‘ttitttastitistis
1308 3819 1361 3942 ίῖἐ

79 3980 149 4017 nore
169 3961 330 4032 Strepsiade
356 3962 493 4033 distingui
519 3962 643 4031 videtur,
666 3962 734 4017 licet
756 3962 818 4032 quis
844 3962 927 4016 huius
950 3961 1067 4014 minoris
1091 3960 1261 4030 Strepsiadis
1279 3964 1362 4031 pater

81 4033 169 4087 fuerit
188 4034 326 4088 nescimus
346 4068 378 4075 -
399 4040 441 4087 32.
461 4032 626 4104 Μελέαγρον
643 4034 797 4104 perniciem
815 4051 832 4087 a
847 4033 945 4115 patria
964 4032 1092 4085 Aetolica
1115 4030 1145 4084 in
1169 4030 1243 4085 bello
1264 4037 1361 4086 eontra

79 4105 196 4159 Curetes
222 4105 357 4159 avertisse
383 4123 416 4160 ex
439 4105 558 4160 Homero
582 4105 614 4160 Il.
633 4124 661 4158 rx
680 4122 719 4160 seo
735 4124 769 4159 ss.
788 4122 926 4159 novimus.
963 4102 1058 4156 Etiam
1082 4102 1176 4172 aptius
1202 4104 1360 4172 exemplum

79 4176 210 4230 Hectoris
229 4176 284 4229 fuit
302 4194 352 4247 pro
371 4177 466 4247 patria
483 4194 534 4231 sua
548 4177 699 4231 fortissime
715 4179 831 4230 mortem
846 4174 1052 4241 occumbentis3
1073 4178 1170 4228 contra
1188 4174 1280 4228 minus
1299 4175 1360 4230 ido-

78 4265 165 4301 neum
184 4247 340 4317 exemplum
360 4248 525 4319 Amphiarai
549 4252 605 4317 est,
631 4252 728 4319 utpote
748 4248 797 4317 qui
815 4265 871 4302 non
889 4246 1011 4317 patriam
1031 4262 1110 4299 suam
1129 4245 1290 4312 defendens,
1310 4247 1360 4300 sed

79 4319 189 4373 bellum
207 4318 349 4373 Thebanis
368 4319 488 4373 inferens
508 4319 669 4386 occidisses
696 4320 745 4373 sed
764 4336 798 4373 ne
817 4319 907 4373 hostis
926 4318 1040 4387 quidem
1064 4316 1261 4371 fortitudinem
1279 4318 1360 4387 probi

79 4389 207 4445 homines
223 4393 417 4459 contemnunt3
437 4396 582 4461 praeterea
598 4390 735 4461 suspicari
748 4390 816 4445 licet
835 4389 1026 4460 Strepsiadem
1041 4404 1151 4457 quoque
1165 4391 1260 4442 vatem
1274 4388 1360 4442 fuisso

79 4462 202 4530 ideoque
217 4460 419 4532 Amphiaraum
433 4464 528 4516 ratem
542 4479 645 4531 magno
660 4462 688 4515 in
704 4463 808 4515 honore
822 4462 963 4515 habuisse.
983 4459 1121 4529 Bergkius
1139 4463 1172 4512 ut
1189 4476 1224 4513 ne
1244 4459 1360 4529 Amphi-

79 4550 181 4587 araum
205 4535 315 4602 patriae
341 4534 534 4587 defensoribus
560 4533 742 4601 immisceret,
768 4530 815 4587 άν’
834 4532 1011 4603 ’λμφιάρειον
1036 4529 1161 4600 scripsit,
1187 4548 1242 4599 quo
1267 4530 1360 4585 locum

26 4628 28 4635 ·
79 4605 126 4673 (of.
147 4604 238 4660 Strab.
257 4622 285 4657 rx
304 4624 330 4674 p.
350 4622 397 4661 asc.
416 4608 479 4675 404),
503 4605 551 4659 ubi
575 4604 751 4674 Strepsiades
772 4621 904 4687 pugnans
930 4605 1048 4657 mortem
1071 4601 1262 4672 occubuisset,
1287 4603 1359 4655 indi·

80 4678 171 4743 caret3
195 4680 227 4729 at
243 4676 345 4745 putida
364 4676 433 4730 haec
457 4676 606 4747 diligentia
624 4675 814 4746 geographrca
834 4678 909 4729 esset
928 4674 958 4727 in
977 4677 1063 4744 poeta
1080 4691 1133 4742 res,
1153 4690 1225 4741 quae
1244 4674 1281 4728 ad
1300 4674 1360 4727 ani-

80 4766 157 4801 mum
176 4748 406 4801 commovendum
425 4747 497 4802 nihil
516 4748 642 4817 afferant,
663 4763 712 4801 suo
731 4748 790 4801 iure
810 4746 978 4818 neglegente
991 4778 1027 4785 —
1043 4751 1085 4800 36.
1105 4744 1236 4815 πολέμοιο
1255 4754 1359 4809 νεῑιιοςΙ

81 4820 115 4874 ci.
135 4818 216 4874 Hom.
237 4820 267 4871 N
284 4834 323 4873 ιτι
343 4826 435 4883 νεῖκος
452 4818 591 4890 πολέμοιο,
612 4839 626 4874 ο
645 4836 693 4875 εει.
713 4840 734 4873 ω
753 4835 801 4875 osa.
831 4818 916 4874 Arist.
937 4817 1019 4888 Vesp.
1039 4833 1087 4873 scs.

135 4920 261 4960 Pisonos
275 4918 310 4958 ad.
324 4917 429 4961 Obstat.
1113 4912 1148 4959 24
