3417 5434
564 1042 927 1153 PRAEFATIO.

191 1372 325 1436 Habent
358 1391 417 1434 sua
446 1368 515 1433 lata
544 1368 647 1434 libelli
673 1391 741 1434 non
769 1371 876 1435 solum
902 1374 1077 1455 postquam
1103 1371 1182 1435 editi
1210 1376 1300 1456 sunt,
1333 1372 1389 1436 sed

104 1462 205 1526 etiam
232 1461 425 1546 priusquam
452 1457 487 1522 in
514 1459 620 1523 lucem
648 1459 851 1524 emittantur.
900 1459 1027 1524 Futura
1053 1460 1089 1524 in
1114 1460 1202 1524 votis
1230 1467 1321 1546 sunt,
1351 1465 1389 1525 ut

102 1552 183 1614 viris
203 1550 310 1616 doctis
328 1549 478 1633 placeant
492 1553 525 1612 et
539 1570 660 1633 aequos
674 1549 796 1614 iudices
810 1549 1047 1614 nanciscantur.
1079 1548 1260 1614 Praeterita
1274 1572 1390 1635 oppor-

104 1641 249 1704 tunitate
282 1639 381 1702 huius
413 1637 627 1721 praefationis
659 1661 738 1702 usus
771 1639 913 1702 breviter
939 1638 1006 1702 iarn
1033 1639 1200 1702 enarrabo,
1244 1639 1297 1702 Ex
1324 1661 1389 1723 quo

104 1729 225 1793 abhinc
243 1726 365 1814 viginti
384 1726 526 1810 quinque
546 1749 647 1790 annos
666 1730 809 1811 primum
823 1726 955 1791 Pindari
974 1727 1119 1792 carmina
1135 1728 1171 1792 in
1185 1727 1391 1793 Bibliotheca

104 1817 335 1882 Teubneriana
365 1815 525 1900 recensui,
558 1816 762 1881 tammulta
790 1839 809 1880 a
835 1816 915 1881 viris
943 1817 1047 1881 doctis
1076 1821 1109 1880 et
1137 1815 1329 1881 Germaniae
1356 1823 1390 1881 et

105 1907 244 1971 aliarum
267 1905 439 1970 nationum
462 1905 503 1968 ad
527 1905 760 1970 emendandam
782 1909 898 1990 poetae
923 1905 1103 1970 orationem
1123 1906 1243 1970 collata
1261 1910 1338 1969 sunt
1356 1910 1390 1970 et

104 1997 178 2080 ipse
201 1995 330 2060 iteratis
354 1993 438 2058 curis
462 1993 599 2058 meliora
621 1995 754 2059 edoctus
767 2017 864 2080 -surn,
887 1999 924 2058 ut
942 1995 1023 2059 vitia
1042 1998 1075 2058 et
1093 2016 1218 2059 errores
1238 1995 1390 2060 editionis

103 2085 226 2169 prioris
247 2088 435 2167 stereotypa
453 2087 522 2147 arte
540 2083 576 2147 in
593 2089 787 2168 perpetuum
804 2084 979 2169 propagari
992 2084 1122 2148 nollem.
1155 2083 1226 2159 Qua
1240 2085 1279 2148 de
1293 2107 1391 2149 causa

105 2175 233 2258 priores
253 2195 342 2238 meas
362 2193 455 2237 curas
474 2193 704 2257 recognoscere
724 2178 757 2259 et
775 2173 925 2258 supplere
945 2173 1115 2258 constitui,
1137 2179 1174 2237 ut
1193 2178 1226 2237 et
1245 2174 1392 2238 emenda-

106 2264 173 2327 tior
195 2268 230 2328 et
253 2261 379 2346 plenior
402 2281 494 2325 meus
515 2260 598 2326 liber
616 2261 774 2326 evaderet.
812 2262 927 2346 Neque
946 2262 1052 2327 solum
1071 2284 1127 2327 eos
1145 2263 1249 2345 locos,
1272 2262 1390 2346 quibus

104 2352 215 2416 labem
238 2353 339 2416 verba
360 2355 477 2434 poetae
500 2350 637 2415 traxisse
661 2351 869 2437 videbantur,
892 2351 1030 2416 aliorum
1054 2373 1114 2436 ope
1135 2352 1265 2416 adiutus
1286 2352 1390 2416 denuo

105 2442 293 2506 examinare
312 2445 345 2504 et
364 2439 526 2524 perpolire
546 2440 677 2504 adnisus
697 2463 784 2526 sum,
802 2440 859 2504 sed
877 2440 975 2505 ctiam
994 2446 1098 2504 totam
1116 2441 1255 2505 formam
1272 2440 1390 2524 prioris

106 2531 263 2594 editionis
286 2530 361 2614 plus
384 2550 450 2592 una
472 2550 512 2592 ex
533 2534 626 2612 parte
650 2534 775 2594 mutare
799 2529 933 2594 decrevi.
970 2528 1116 2593 Primum
1139 2530 1392 2595 commodiorem

105 2625 141 2684 et
160 2620 327 2684 utiliorem
346 2622 539 2701 apparatum
558 2617 707 2682 criticum
725 2619 794 2683 fore
814 2619 1011 2704 existimavi,
1030 2619 1142 2683 sinon
1160 2619 1266 2682 solum
1284 2619 1390 2683 varias

105 2709 267 2773 lectiones
288 2707 503 2790 rettulissem,
532 2707 587 2771 sed
611 2707 710 2772 etiam
733 2707 851 2791 quibus
876 2728 1020 2791 quaeque
1044 2707 1209 2772 codicibus
1231 2708 1392 2772 niteretur

107 2799 327 2863 adnotassem.
366 2796 460 2872 Quod
482 2802 520 2859 ut
537 2795 691 2881 facerem,
714 2796 846 2880 quinam
866 2797 991 2861 codices
1010 2797 1051 2861 ad
1070 2797 1260 2862 memoriam
1278 2797 1391 2861 traditi

106 2891 218 2951 textus
242 2885 496 2969 recuperandam
518 2885 614 2969 plane
637 2885 811 2951 necessarii
834 2891 943 2950 essent
966 2886 1139 2972 diligenter
1162 2886 1298 2950 rimatus
1317 2909 1391 2950 sum

107 2981 141 3040 et
174 2975 203 3040 si
237 2997 302 3059 quo
334 2974 407 3038 loco
440 2973 538 3038 lectio
572 2975 770 3058 optimorum
802 2975 951 3039 codicum
983 2974 1081 3039 dubia
1113 2997 1183 3039 esse
1210 2975 1391 3058 videbatur,

107 3065 214 3128 denuo
238 3087 294 3128 eos
317 3062 536 3147 inspiciendos
560 3063 679 3128 curavi.
717 3063 841 3128 Deinde
865 3065 1033 3128 metricam
1051 3063 1192 3128 formam
1210 3065 1390 3130 carminum

106 3154 213 3239 magis
236 3153 441 3238 perspicuam
464 3152 533 3215 fore
556 3153 684 3237 putavi,
707 3152 734 3216 si
755 3153 826 3218 cola
844 3153 1038 3239 carminum,
1061 3153 1214 3218 siminus
1235 3155 1390 3238 omnium,
1451 3227 1454 3234 ¹

106 3247 253 3307 attamen
274 3241 538 3327 logaoedicorum
562 3241 737 3306 dividerem
765 3247 798 3306 et
825 3242 917 3306 varia
944 3264 1063 3328 genera
1086 3265 1296 3308 numerorum
1318 3244 1391 3327 ipsa

105 3339 242 3396 externa
270 3331 376 3415 specie
405 3329 648 3415 distinguerem.
695 3329 877 3396 Schematis
901 3337 1010 3396 autem
1033 3333 1178 3397 metricis
1202 3332 1389 3396 subtiliores

104 3422 250 3485 rationes
278 3419 478 3504 rhythmicas
507 3420 707 3504 exprimendi
735 3424 768 3484 et
796 3420 901 3484 varias
925 3443 1034 3485 moras
1057 3421 1256 3506 syllabarum
1279 3421 1389 3486 discri-

105 3510 252 3574 minandi
272 3509 419 3592 audacia,
443 3530 508 3592 quo
528 3509 632 3595 magis
650 3509 686 3574 in
704 3515 808 3574 artem
827 3509 959 3574 Pindari
977 3510 1195 3594 inquirebam,
1214 3533 1252 3576 eo
1270 3510 1390 3576 iustior

105 3605 141 3663 et
171 3597 374 3683 probabilior
405 3597 486 3662 mihi
519 3619 588 3662 1111
620 3599 798 3663 videbatur.
844 3598 913 3663 Has
943 3605 1052 3664 autem
1079 3601 1223 3665 rationes
1250 3604 1288 3663 ut
1315 3600 1388 3664 aliis

107 3709 236 3773 quoque
259 3687 446 3772 probarem,
468 3708 603 3770 prorsus
625 3687 845 3752 necessarium
868 3709 950 3764 1111,
963 3690 1116 3774 cognovi,
1138 3694 1176 3753 ut
1193 3688 1391 3754 lineamenta

7 3806 11 3815 ·
108 3777 190 3840 artis
215 3775 404 3840 Pindaricae
426 3775 462 3838 in
484 3774 727 3863 Prolegomenis
756 3777 983 3842 adumbrarem
1010 3783 1043 3842 et
1070 3778 1200 3864 singula
1223 3778 1390 3843 schemata

5 3900 15 3928 ,·
107 3866 252 3930 metricis
273 3865 514 3930 commentariis
533 3865 739 3930 illustrarem.
773 3865 876 3930 Porro
894 3864 1154 3953 fragmentorum
1173 3867 1301 3932 delectu
1315 3867 1389 3931 usui

12 3979 17 3990 ·
106 3953 269 4019 lectorum
297 3953 405 4018 minus
434 3953 560 4018 consuli
588 3976 686 4038 quam
715 3955 812 4040 plena
844 3955 1034 4020 collectione
1058 3956 1179 4021 dudum
1207 3957 1248 4020 ab
1277 3956 1390 4020 amicis

52 4107 56 4112 .
107 4044 328 4109 commonitus
351 4065 455 4128 eram3
478 4043 589 4128 itaque
612 4044 696 4108 hanc
718 4065 845 4128 quoque
864 4045 1065 4128 provinciam
1083 4045 1290 4131 diligentiore
1314 4068 1391 4110 cura

105 4137 307 4218 pertractare
332 4131 436 4215 coepi,
464 4137 497 4196 et
520 4155 594 4197 cum
617 4133 757 4197 multum
780 4134 941 4198 lectorum
963 4133 1083 4199 referre
1104 4135 1330 4220 cognovissem
1353 4139 1391 4198 ut

105 4223 165 4288 ubi
185 4222 335 4308 quodque
353 4220 573 4307 fragmentum
592 4227 734 4287 exstaret
753 4223 908 4287 certiores
927 4224 1055 4309 fierent,
1078 4223 1177 4288 etiam
1195 4223 1285 4288 locos
1304 4224 1389 4287 unde

2 4324 3 4330 ’
106 4311 258 4397 quodque
289 4315 455 4394 sumptum
483 4315 570 4376 esset
597 4311 752 4376 adnotare
778 4312 918 4376 institui.
963 4311 1111 4398 Denique
1139 4312 1235 4376 fastis
1262 4334 1391 4397 quoque

2 4459 11 4491 :
106 4400 288 4464 Pindaricis
312 4399 463 4464 similiter
486 4405 583 4484 atque
606 4402 647 4465 ab
667 4400 812 4466 Lucieno
831 4400 988 4466 Muellero
1011 4403 1046 4465 in
1069 4407 1158 4466 tersa
1176 4401 1306 4466 Horatii
1327 4402 1392 4466 edi-

107 4490 196 4554 tione
229 4489 353 4553 factum
385 4493 448 4572 est,
481 4488 656 4554 editionem
687 4490 771 4554 hanc
800 4491 999 4574 locupletare
1027 4496 1061 4554 et
1088 4491 1193 4555 indice
1220 4491 1391 4554 nominum

2 4601 3 4604 ¹
106 4578 315 4663 propriorum
338 4581 371 4641 et
388 4599 496 4642 rerum
514 4579 710 4644 notabilium
727 4579 889 4644 instruere
908 4601 947 4643 ex
964 4600 999 4643 re
1019 4602 1088 4645 esse
1108 4580 1188 4644 mihi
1206 4579 1313 4644 visum
1332 4584 1390 4645 est.

196 4665 322 4731 Verum
340 4667 426 4731 enim
444 4689 520 4731 vero
538 4667 601 4732 hoc
620 4668 716 4732 modo
730 4668 814 4733 liber
828 4669 977 4732 modulos
992 4668 1216 4734 Bibliothecae
1229 4668 1390 4753 paulatim

2 4773 3 4848 J
108 4758 156 4822 ita
183 4755 339 4841 excessit,
365 4759 402 4820 ut
428 4755 525 4821 amici
554 4779 606 4822 me
630 4762 811 4844 monerent,
837 4780 879 4823 ne
908 4758 1014 4823 media
1035 4758 1071 4822 in
1094 4759 1147 4822 via
1169 4758 1392 4846 subsisterem,

2 4875 3 4882 1
1141 4862 1178 4918 a·
