<?xml version="1.0" encoding="UTF-8"?>
<!DOCTYPE html PUBLIC "-//W3C//DTD XHTML 1.0 Transitional//EN"
    "http://www.w3.org/TR/xhtml1/DTD/xhtml1-transitional.dtd">
<html xmlns="http://www.w3.org/1999/xhtml" xml:lang="en" lang="en">
 <head>
  <title>
</title>
<meta http-equiv="Content-Type" content="text/html;charset=utf-8" />
  <meta name='ocr-system' content='tesseract 3.04.00' />
  <meta name='ocr-capabilities' content='ocr_page ocr_carea ocr_par ocr_line ocrx_word'/>
</head>
<body>
  <div class='ocr_page' id='page_1' title='image "./pindaricarminap01chrigoog_0488.png"; bbox 0 0 3417 5434; ppageno 0'>
   <div class='ocr_carea' id='block_1_1' title="bbox 330 366 1130 430">
    <p class='ocr_par' dir='ltr' id='par_1_1' title="bbox 330 366 1130 430">
     <span class='ocr_line' id='line_1_1' title="bbox 330 366 1130 430; baseline -0.013 0"><span class='ocrx_word' id='word_1_1' title='bbox 330 366 395 430; x_wconf 82' lang='lat'><strong>352</strong></span> <span class='ocrx_word' id='word_1_2' title='bbox 804 370 953 421; x_wconf 79' lang='lat' dir='ltr'><strong>emnam</strong></span> <span class='ocrx_word' id='word_1_3' title='bbox 972 370 1130 421; x_wconf 80' lang='lat' dir='ltr'><strong>semrom</strong></span> 
     </span>
    </p>
   </div>
   <div class='ocr_carea' id='block_1_2' title="bbox 330 535 1683 4903">
    <p class='ocr_par' dir='ltr' id='par_1_2' title="bbox 330 535 1683 2738">
     <span class='ocr_line' id='line_1_2' title="bbox 331 535 1609 615; baseline -0.002 -19"><span class='ocrx_word' id='word_1_4' title='bbox 331 535 470 613; x_wconf 90' lang='lat' dir='ltr'><strong>Denique</strong></span> <span class='ocrx_word' id='word_1_5' title='bbox 498 536 534 597; x_wconf 93' lang='lat' dir='ltr'><strong>de</strong></span> <span class='ocrx_word' id='word_1_6' title='bbox 562 538 696 614; x_wconf 89' lang='lat' dir='ltr'><strong>tempore</strong></span> <span class='ocrx_word' id='word_1_7' title='bbox 723 537 779 597; x_wconf 94' lang='lat' dir='ltr'><strong>hoc</strong></span> <span class='ocrx_word' id='word_1_8' title='bbox 806 536 928 613; x_wconf 90' lang='lat' dir='ltr'><strong>quidem</strong></span> <span class='ocrx_word' id='word_1_9' title='bbox 955 539 1085 614; x_wconf 91' lang='lat' dir='ltr'><strong>constat,</strong></span> <span class='ocrx_word' id='word_1_10' title='bbox 1115 556 1234 595; x_wconf 91' lang='lat' dir='ltr'><strong>carmen</strong></span> <span class='ocrx_word' id='word_1_11' title='bbox 1261 535 1317 596; x_wconf 93' lang='lat' dir='ltr'><strong>hoc</strong></span> <span class='ocrx_word' id='word_1_12' title='bbox 1344 554 1406 595; x_wconf 87' lang='lat' dir='ltr'><strong>nou</strong></span> <span class='ocrx_word' id='word_1_13' title='bbox 1427 536 1517 615; x_wconf 90' lang='lat' dir='ltr'><strong>longe</strong></span> <span class='ocrx_word' id='word_1_14' title='bbox 1540 541 1609 612; x_wconf 86' lang='lat' dir='ltr'><strong>post</strong></span> 
     </span>
     <span class='ocr_line' id='line_1_3' title="bbox 331 626 1609 704; baseline 0 -20"><span class='ocrx_word' id='word_1_15' title='bbox 331 645 466 704; x_wconf 91' lang='lat' dir='ltr'><strong>pugnam</strong></span> <span class='ocrx_word' id='word_1_16' title='bbox 495 626 692 685; x_wconf 74' lang='lat' dir='ltr'>Salaminiam</span> <span class='ocrx_word' id='word_1_17' title='bbox 721 626 865 703; x_wconf 89' lang='lat' dir='ltr'><strong>scriptum</strong></span> <span class='ocrx_word' id='word_1_18' title='bbox 892 644 969 704; x_wconf 72' lang='lat' dir='ltr'><strong>esse,</strong></span> <span class='ocrx_word' id='word_1_19' title='bbox 998 645 1128 702; x_wconf 91' lang='lat' dir='ltr'><strong>namque</strong></span> <span class='ocrx_word' id='word_1_20' title='bbox 1157 645 1193 685; x_wconf 90' lang='lat' dir='ltr'><strong>ex</strong></span> <span class='ocrx_word' id='word_1_21' title='bbox 1214 644 1304 686; x_wconf 86' lang='lat' dir='ltr'><strong>versu</strong></span> <span class='ocrx_word' id='word_1_22' title='bbox 1327 636 1362 684; x_wconf 83' lang='lat'><strong>48</strong></span> <span class='ocrx_word' id='word_1_23' title='bbox 1384 626 1474 683; x_wconf 90' lang='lat' dir='ltr'><strong>huius</strong></span> <span class='ocrx_word' id='word_1_24' title='bbox 1498 626 1609 704; x_wconf 87' lang='lat' dir='ltr'><strong>glon&#39;o·</strong></span> 
     </span>
     <span class='ocr_line' id='line_1_4' title="bbox 331 714 1610 794; baseline -0.002 -20"><span class='ocrx_word' id='word_1_25' title='bbox 331 714 464 775; x_wconf 88' lang='lat' dir='ltr'><strong>sissimae</strong></span> <span class='ocrx_word' id='word_1_26' title='bbox 483 734 602 794; x_wconf 81' lang='lat' dir='ltr'>pugnae</span> <span class='ocrx_word' id='word_1_27' title='bbox 622 716 738 775; x_wconf 88' lang='lat' dir='ltr'><strong>navalis</strong></span> <span class='ocrx_word' id='word_1_28' title='bbox 757 715 931 777; x_wconf 82' lang='lat' dir='ltr'><strong>memoriam</strong></span> <span class='ocrx_word' id='word_1_29' title='bbox 949 719 1098 775; x_wconf 79' lang='lat' dir='ltr'><strong>recentem</strong></span> <span class='ocrx_word' id='word_1_30' title='bbox 1116 715 1276 775; x_wconf 72' lang='lat' dir='ltr'><strong>etiamtum</strong></span> <span class='ocrx_word' id='word_1_31' title='bbox 1294 715 1387 774; x_wconf 89' lang='lat' dir='ltr'><strong>fuisse</strong></span> <span class='ocrx_word' id='word_1_32' title='bbox 1405 718 1499 792; x_wconf 85' lang='lat' dir='ltr'><strong>patet</strong></span> <span class='ocrx_word' id='word_1_33' title='bbox 1536 714 1610 773; x_wconf 86' lang='lat' dir='ltr'><strong>Inde</strong></span> 
     </span>
     <span class='ocr_line' id='line_1_5' title="bbox 331 803 1608 882; baseline -0.001 -20"><span class='ocrx_word' id='word_1_34' title='bbox 331 805 419 864; x_wconf 87' lang='lat' dir='ltr'><strong>facile</strong></span> <span class='ocrx_word' id='word_1_35' title='bbox 444 805 512 880; x_wconf 90' lang='lat' dir='ltr'><strong>quis</strong></span> <span class='ocrx_word' id='word_1_36' title='bbox 535 804 644 864; x_wconf 80' lang='lat' dir='ltr'><strong>adduci</strong></span> <span class='ocrx_word' id='word_1_37' title='bbox 666 808 778 882; x_wconf 89' lang='lat' dir='ltr'><strong>potest,</strong></span> <span class='ocrx_word' id='word_1_38' title='bbox 806 808 843 863; x_wconf 93' lang='lat' dir='ltr'><strong>ut</strong></span> <span class='ocrx_word' id='word_1_39' title='bbox 871 804 1046 865; x_wconf 85' lang='lat' dir='ltr'><strong>Isthmicum</strong></span> <span class='ocrx_word' id='word_1_40' title='bbox 1067 805 1145 865; x_wconf 90' lang='lat' dir='ltr'><strong>hauc</strong></span> <span class='ocrx_word' id='word_1_41' title='bbox 1168 803 1295 864; x_wconf 88' lang='lat' dir='ltr'><strong>alteram</strong></span> <span class='ocrx_word' id='word_1_42' title='bbox 1317 804 1476 864; x_wconf 90' lang='lat' dir='ltr'><strong>victoriam</strong></span> <span class='ocrx_word' id='word_1_43' title='bbox 1499 804 1608 880; x_wconf 85' lang='lat' dir='ltr'><strong>Phyla-</strong></span> 
     </span>
     <span class='ocr_line' id='line_1_6' title="bbox 331 884 1610 971; baseline -0.002 -18"><span class='ocrx_word' id='word_1_44' title='bbox 331 894 414 953; x_wconf 89' lang='lat' dir='ltr'><strong>cidae</strong></span> <span class='ocrx_word' id='word_1_45' title='bbox 437 914 506 953; x_wconf 88' lang='lat' dir='ltr'><strong>vere</strong></span> <span class='ocrx_word' id='word_1_46' title='bbox 530 894 601 953; x_wconf 90' lang='lat' dir='ltr'><strong>anni</strong></span> <span class='ocrx_word' id='word_1_47' title='bbox 624 897 688 954; x_wconf 87' lang='lat'><strong>478</strong></span> <span class='ocrx_word' id='word_1_48' title='bbox 713 913 739 953; x_wconf 88' lang='lat' dir='ltr'><strong>a.</strong></span> <span class='ocrx_word' id='word_1_49' title='bbox 758 892 820 971; x_wconf 80' lang='lat' dir='ltr'><strong>Ch,</strong></span> <span class='ocrx_word' id='word_1_50' title='bbox 842 894 1023 955; x_wconf 81' lang='lat' dir='ltr'><strong>Nemeaeum</strong></span> <span class='ocrx_word' id='word_1_51' title='bbox 1047 897 1150 953; x_wconf 92' lang='lat' dir='ltr'><strong>autem</strong></span> <span class='ocrx_word' id='word_1_52' title='bbox 1173 896 1288 953; x_wconf 87' lang='lat' dir='ltr'><strong>aestate</strong></span> <span class='ocrx_word' id='word_1_53' title='bbox 1311 884 1515 953; x_wconf 79' lang='lat' dir='ltr'><strong>antecedentis</strong></span> <span class='ocrx_word' id='word_1_54' title='bbox 1538 894 1610 951; x_wconf 88' lang='lat' dir='ltr'><strong>anni</strong></span> 
     </span>
     <span class='ocr_line' id='line_1_7' title="bbox 331 983 1610 1063; baseline -0.002 -21"><span class='ocrx_word' id='word_1_55' title='bbox 331 986 394 1043; x_wconf 88' lang='lat'><strong>479</strong></span> <span class='ocrx_word' id='word_1_56' title='bbox 420 986 605 1060; x_wconf 87' lang='lat' dir='ltr'><strong>reportatam</strong></span> <span class='ocrx_word' id='word_1_57' title='bbox 633 1002 695 1042; x_wconf 88' lang='lat' dir='ltr'><strong>esse</strong></span> <span class='ocrx_word' id='word_1_58' title='bbox 717 986 848 1048; x_wconf 84' lang='lat' dir='ltr'><strong>statuat.</strong></span> <span class='ocrx_word' id='word_1_59' title='bbox 899 985 942 1042; x_wconf 89' lang='lat' dir='ltr'><strong>At</strong></span> <span class='ocrx_word' id='word_1_60' title='bbox 970 984 1093 1063; x_wconf 91' lang='lat' dir='ltr'><strong>negotia</strong></span> <span class='ocrx_word' id='word_1_61' title='bbox 1122 984 1274 1043; x_wconf 84' lang='lat' dir='ltr'><strong>facessunt</strong></span> <span class='ocrx_word' id='word_1_62' title='bbox 1301 986 1438 1060; x_wconf 88' lang='lat' dir='ltr'><strong>tempora</strong></span> <span class='ocrx_word' id='word_1_63' title='bbox 1468 983 1610 1043; x_wconf 87' lang='lat' dir='ltr'><strong>carminis</strong></span> 
     </span>
     <span class='ocr_line' id='line_1_8' title="bbox 332 1071 1611 1150; baseline -0.001 -20"><span class='ocrx_word' id='word_1_64' title='bbox 332 1073 355 1130; x_wconf 93' lang='lat' dir='ltr'><strong>l.</strong></span> <span class='ocrx_word' id='word_1_65' title='bbox 375 1091 431 1131; x_wconf 91' lang='lat' dir='ltr'><strong>v111</strong></span> <span class='ocrx_word' id='word_1_66' title='bbox 454 1073 484 1131; x_wconf 90' lang='lat' dir='ltr'><strong>in</strong></span> <span class='ocrx_word' id='word_1_67' title='bbox 507 1074 650 1133; x_wconf 91' lang='lat' dir='ltr'><strong>bonorem</strong></span> <span class='ocrx_word' id='word_1_68' title='bbox 674 1071 813 1133; x_wconf 84' lang='lat' dir='ltr'><strong>Cleandri</strong></span> <span class='ocrx_word' id='word_1_69' title='bbox 841 1073 927 1150; x_wconf 87' lang='lat' dir='ltr'><strong>facti,</strong></span> <span class='ocrx_word' id='word_1_70' title='bbox 955 1072 1197 1149; x_wconf 89' lang='lat' dir='ltr'><strong>quandoquidem</strong></span> <span class='ocrx_word' id='word_1_71' title='bbox 1220 1072 1365 1132; x_wconf 75' lang='lat' dir='ltr'><strong>Cleander</strong></span> <span class='ocrx_word' id='word_1_72' title='bbox 1387 1092 1510 1149; x_wconf 88' lang='lat' dir='ltr'><strong>quoque</strong></span> <span class='ocrx_word' id='word_1_73' title='bbox 1533 1072 1611 1130; x_wconf 86' lang='lat' dir='ltr'><strong>Isth-</strong></span> 
     </span>
     <span class='ocr_line' id='line_1_9' title="bbox 331 1160 1610 1241; baseline -0.002 -20"><span class='ocrx_word' id='word_1_74' title='bbox 331 1162 392 1221; x_wconf 88' lang='lat' dir='ltr'><strong>mia</strong></span> <span class='ocrx_word' id='word_1_75' title='bbox 423 1164 491 1237; x_wconf 92' lang='lat' dir='ltr'><strong>post</strong></span> <span class='ocrx_word' id='word_1_76' title='bbox 520 1162 617 1238; x_wconf 81' lang='lat' dir='ltr'><strong>ipsam</strong></span> <span class='ocrx_word' id='word_1_77' title='bbox 646 1181 780 1241; x_wconf 87' lang='lat' dir='ltr'><strong>pugnarn</strong></span> <span class='ocrx_word' id='word_1_78' title='bbox 813 1160 1009 1221; x_wconf 82' lang='lat' dir='ltr'><strong>Salaminiam</strong></span> <span class='ocrx_word' id='word_1_79' title='bbox 1040 1162 1196 1239; x_wconf 91' lang='lat' dir='ltr'><strong>pancratio</strong></span> <span class='ocrx_word' id='word_1_80' title='bbox 1227 1162 1334 1221; x_wconf 87' lang='lat' dir='ltr'><strong>vicisse</strong></span> <span class='ocrx_word' id='word_1_81' title='bbox 1367 1161 1486 1222; x_wconf 91' lang='lat' dir='ltr'><strong>dicitur.</strong></span> <span class='ocrx_word' id='word_1_82' title='bbox 1533 1162 1610 1219; x_wconf 85' lang='lat' dir='ltr'><strong>Tam</strong></span> 
     </span>
     <span class='ocr_line' id='line_1_10' title="bbox 332 1250 1611 1328; baseline -0.001 -18"><span class='ocrx_word' id='word_1_83' title='bbox 332 1251 467 1310; x_wconf 89' lang='lat' dir='ltr'><strong>disertim</strong></span> <span class='ocrx_word' id='word_1_84' title='bbox 495 1254 597 1311; x_wconf 90' lang='lat' dir='ltr'><strong>autem</strong></span> <span class='ocrx_word' id='word_1_85' title='bbox 624 1250 676 1311; x_wconf 93' lang='lat' dir='ltr'><strong>illo</strong></span> <span class='ocrx_word' id='word_1_86' title='bbox 704 1251 735 1310; x_wconf 93' lang='lat' dir='ltr'><strong>in</strong></span> <span class='ocrx_word' id='word_1_87' title='bbox 764 1252 895 1311; x_wconf 86' lang='lat' dir='ltr'><strong>carmine</strong></span> <span class='ocrx_word' id='word_1_88' title='bbox 922 1254 1013 1328; x_wconf 89' lang='lat' dir='ltr'><strong>poeta</strong></span> <span class='ocrx_word' id='word_1_89' title='bbox 1040 1250 1212 1311; x_wconf 90' lang='lat' dir='ltr'><strong>discrimina</strong></span> <span class='ocrx_word' id='word_1_90' title='bbox 1240 1250 1325 1309; x_wconf 87' lang='lat' dir='ltr'><strong>belli</strong></span> <span class='ocrx_word' id='word_1_91' title='bbox 1339 1250 1453 1310; x_wconf 90' lang='lat' dir='ltr'><strong>Persici</strong></span> <span class='ocrx_word' id='word_1_92' title='bbox 1475 1251 1611 1327; x_wconf 83' lang='lat' dir='ltr'><strong>proxime</strong></span> 
     </span>
     <span class='ocr_line' id='line_1_11' title="bbox 333 1332 1683 1421; baseline -0.001 -23"><span class='ocrx_word' id='word_1_93' title='bbox 333 1343 402 1400; x_wconf 90' lang='lat' dir='ltr'><strong>aute</strong></span> <span class='ocrx_word' id='word_1_94' title='bbox 426 1340 552 1417; x_wconf 90' lang='lat' dir='ltr'><strong>depulsa</strong></span> <span class='ocrx_word' id='word_1_95' title='bbox 575 1359 638 1401; x_wconf 87' lang='lat' dir='ltr'><strong>esse</strong></span> <span class='ocrx_word' id='word_1_96' title='bbox 662 1340 784 1416; x_wconf 88' lang='lat' dir='ltr'><strong>exponit</strong></span> <span class='ocrx_word' id='word_1_97' title='bbox 807 1332 844 1421; x_wconf 81' lang='grc' dir='ltr'><strong>(Ι.</strong></span> <span class='ocrx_word' id='word_1_98' title='bbox 863 1358 919 1400; x_wconf 89' lang='lat' dir='ltr'><strong>v111</strong></span> <span class='ocrx_word' id='word_1_99' title='bbox 943 1332 1058 1421; x_wconf 79' lang='lat'><strong>5-10),</strong></span> <span class='ocrx_word' id='word_1_100' title='bbox 1086 1343 1123 1399; x_wconf 92' lang='lat' dir='ltr'><strong>ut</strong></span> <span class='ocrx_word' id='word_1_101' title='bbox 1145 1338 1285 1399; x_wconf 74' lang='lat' dir='ltr'><strong>Cleandri</strong></span> <span class='ocrx_word' id='word_1_102' title='bbox 1308 1339 1429 1417; x_wconf 90' lang='lat' dir='ltr'><strong>quidem</strong></span> <span class='ocrx_word' id='word_1_103' title='bbox 1450 1340 1611 1399; x_wconf 88' lang='lat' dir='ltr'><strong>victoriam</strong></span> <span class='ocrx_word' id='word_1_104' title='bbox 1682 1401 1683 1408; x_wconf 43' lang='grc'><strong>,</strong></span> 
     </span>
     <span class='ocr_line' id='line_1_12' title="bbox 332 1428 1612 1506; baseline 0 -19"><span class='ocrx_word' id='word_1_105' title='bbox 332 1429 510 1505; x_wconf 89' lang='lat' dir='ltr'><strong>neutiquam</strong></span> <span class='ocrx_word' id='word_1_106' title='bbox 532 1430 623 1489; x_wconf 87' lang='lat' dir='ltr'><strong>liceat</strong></span> <span class='ocrx_word' id='word_1_107' title='bbox 645 1428 723 1488; x_wconf 89' lang='lat' dir='ltr'><strong>infra</strong></span> <span class='ocrx_word' id='word_1_108' title='bbox 747 1448 860 1489; x_wconf 88' lang='lat' dir='ltr'><strong>annum</strong></span> <span class='ocrx_word' id='word_1_109' title='bbox 883 1431 947 1489; x_wconf 89' lang='lat'><strong>478</strong></span> <span class='ocrx_word' id='word_1_110' title='bbox 967 1429 1089 1490; x_wconf 82' lang='lat' dir='ltr'><strong>deicere.</strong></span> <span class='ocrx_word' id='word_1_111' title='bbox 1125 1428 1239 1488; x_wconf 90' lang='lat' dir='ltr'><strong>Verum</strong></span> <span class='ocrx_word' id='word_1_112' title='bbox 1261 1448 1298 1489; x_wconf 94' lang='lat' dir='ltr'><strong>ne</strong></span> <span class='ocrx_word' id='word_1_113' title='bbox 1321 1429 1465 1506; x_wconf 80' lang='lat' dir='ltr'><strong>proximis</strong></span> <span class='ocrx_word' id='word_1_114' title='bbox 1488 1430 1612 1506; x_wconf 86' lang='lat' dir='ltr'><strong>quidem</strong></span> 
     </span>
     <span class='ocr_line' id='line_1_13' title="bbox 333 1517 1612 1597; baseline -0.002 -20"><span class='ocrx_word' id='word_1_115' title='bbox 333 1518 466 1577; x_wconf 91' lang='lat' dir='ltr'><strong>Isthmiis</strong></span> <span class='ocrx_word' id='word_1_116' title='bbox 489 1517 560 1577; x_wconf 90' lang='lat' dir='ltr'><strong>anni</strong></span> <span class='ocrx_word' id='word_1_117' title='bbox 584 1522 648 1578; x_wconf 83' lang='lat'><strong>476</strong></span> <span class='ocrx_word' id='word_1_118' title='bbox 672 1519 728 1579; x_wconf 91' lang='lat' dir='ltr'><strong>hoc</strong></span> <span class='ocrx_word' id='word_1_119' title='bbox 751 1523 888 1578; x_wconf 90' lang='lat' dir='ltr'><strong>nostrum</strong></span> <span class='ocrx_word' id='word_1_120' title='bbox 911 1538 1030 1579; x_wconf 91' lang='lat' dir='ltr'><strong>carmen</strong></span> <span class='ocrx_word' id='word_1_121' title='bbox 1053 1522 1134 1579; x_wconf 88' lang='lat' dir='ltr'><strong>certo</strong></span> <span class='ocrx_word' id='word_1_122' title='bbox 1157 1518 1310 1597; x_wconf 87' lang='lat' dir='ltr'><strong>adsignari</strong></span> <span class='ocrx_word' id='word_1_123' title='bbox 1332 1522 1442 1595; x_wconf 89' lang='lat' dir='ltr'><strong>potest,</strong></span> <span class='ocrx_word' id='word_1_124' title='bbox 1465 1519 1612 1595; x_wconf 88' lang='lat' dir='ltr'><strong>quoniam</strong></span> 
     </span>
     <span class='ocr_line' id='line_1_14' title="bbox 331 1606 1611 1687; baseline 0.001 -21"><span class='ocrx_word' id='word_1_125' title='bbox 331 1608 485 1668; x_wconf 89' lang='lat' dir='ltr'><strong>Melissum</strong></span> <span class='ocrx_word' id='word_1_126' title='bbox 513 1627 632 1685; x_wconf 90' lang='lat' dir='ltr'><strong>quoque</strong></span> <span class='ocrx_word' id='word_1_127' title='bbox 656 1607 831 1666; x_wconf 84' lang='lat' dir='ltr'><strong>Thebanum</strong></span> <span class='ocrx_word' id='word_1_128' title='bbox 859 1608 949 1685; x_wconf 87' lang='lat' dir='ltr'><strong>paulo</strong></span> <span class='ocrx_word' id='word_1_129' title='bbox 977 1610 1046 1685; x_wconf 88' lang='lat' dir='ltr'><strong>post</strong></span> <span class='ocrx_word' id='word_1_130' title='bbox 1078 1627 1214 1687; x_wconf 89' lang='lat' dir='ltr'><strong>pugnam</strong></span> <span class='ocrx_word' id='word_1_131' title='bbox 1245 1606 1452 1669; x_wconf 85' lang='lat' dir='ltr'><strong>Plataeensem</strong></span> <span class='ocrx_word' id='word_1_132' title='bbox 1483 1608 1611 1667; x_wconf 85' lang='lat' dir='ltr'><strong>Isthmia</strong></span> 
     </span>
     <span class='ocr_line' id='line_1_15' title="bbox 334 1692 1610 1775; baseline -0.002 -19"><span class='ocrx_word' id='word_1_133' title='bbox 334 1697 490 1773; x_wconf 89' lang='lat' dir='ltr'><strong>pancratio</strong></span> <span class='ocrx_word' id='word_1_134' title='bbox 514 1697 619 1758; x_wconf 89' lang='lat' dir='ltr'><strong>vicisse</strong></span> <span class='ocrx_word' id='word_1_135' title='bbox 648 1714 739 1773; x_wconf 89' lang='lat' dir='ltr'><strong>supra</strong></span> <span class='ocrx_word' id='word_1_136' title='bbox 767 1698 804 1755; x_wconf 88' lang='lat' dir='ltr'><strong>ad</strong></span> <span class='ocrx_word' id='word_1_137' title='bbox 827 1692 955 1775; x_wconf 74' lang='lat' dir='ltr'><strong>I.ml1v</strong></span> <span class='ocrx_word' id='word_1_138' title='bbox 977 1698 1245 1774; x_wconf 90' lang='lat' dir='ltr'><strong>comprobavimus.</strong></span> <span class='ocrx_word' id='word_1_139' title='bbox 1291 1696 1358 1767; x_wconf 84' lang='lat' dir='ltr'><strong>Qua</strong></span> <span class='ocrx_word' id='word_1_140' title='bbox 1372 1697 1416 1756; x_wconf 34' lang='lat' dir='ltr'><strong>*de</strong></span> <span class='ocrx_word' id='word_1_141' title='bbox 1439 1716 1533 1757; x_wconf 88' lang='lat' dir='ltr'><strong>eausa</strong></span> <span class='ocrx_word' id='word_1_142' title='bbox 1556 1709 1610 1755; x_wconf 90' lang='lat' dir='ltr'><strong>aut</strong></span> 
     </span>
     <span class='ocr_line' id='line_1_16' title="bbox 331 1786 1610 1864; baseline -0.002 -19"><span class='ocrx_word' id='word_1_143' title='bbox 331 1787 527 1863; x_wconf 86' lang='lat' dir='ltr'><strong>Phylacidam</strong></span> <span class='ocrx_word' id='word_1_144' title='bbox 550 1805 576 1847; x_wconf 93' lang='lat' dir='ltr'><strong>a.</strong></span> <span class='ocrx_word' id='word_1_145' title='bbox 596 1789 674 1863; x_wconf 89' lang='grc'><strong>476,</strong></span> <span class='ocrx_word' id='word_1_146' title='bbox 698 1786 851 1845; x_wconf 88' lang='lat' dir='ltr'><strong>Melissum</strong></span> <span class='ocrx_word' id='word_1_147' title='bbox 875 1806 901 1845; x_wconf 91' lang='lat' dir='ltr'><strong>a.</strong></span> <span class='ocrx_word' id='word_1_148' title='bbox 921 1790 999 1864; x_wconf 91' lang='lat'><strong>474,</strong></span> <span class='ocrx_word' id='word_1_149' title='bbox 1027 1789 1082 1844; x_wconf 91' lang='lat' dir='ltr'><strong>aut</strong></span> <span class='ocrx_word' id='word_1_150' title='bbox 1105 1787 1170 1847; x_wconf 90' lang='lat' dir='ltr'><strong>vice</strong></span> <span class='ocrx_word' id='word_1_151' title='bbox 1195 1804 1295 1863; x_wconf 85' lang='lat' dir='ltr'><strong>versa,</strong></span> <span class='ocrx_word' id='word_1_152' title='bbox 1319 1786 1400 1862; x_wconf 93' lang='lat' dir='ltr'><strong>quod</strong></span> <span class='ocrx_word' id='word_1_153' title='bbox 1423 1787 1610 1863; x_wconf 86' lang='lat' dir='ltr'><strong>temporibus</strong></span> 
     </span>
     <span class='ocr_line' id='line_1_17' title="bbox 330 1869 1610 1954; baseline 0 -21"><span class='ocrx_word' id='word_1_154' title='bbox 330 1876 457 1935; x_wconf 89' lang='lat' dir='ltr'><strong>duarum</strong></span> <span class='ocrx_word' id='word_1_155' title='bbox 487 1876 680 1935; x_wconf 88' lang='lat' dir='ltr'><strong>victoriarum</strong></span> <span class='ocrx_word' id='word_1_156' title='bbox 710 1875 733 1933; x_wconf 93' lang='lat' dir='ltr'><strong>l.</strong></span> <span class='ocrx_word' id='word_1_157' title='bbox 758 1869 843 1953; x_wconf 67' lang='lat' dir='ltr'><strong>rus1v</strong></span> <span class='ocrx_word' id='word_1_158' title='bbox 866 1876 963 1954; x_wconf 86' lang='lat' dir='ltr'><strong>magis</strong></span> <span class='ocrx_word' id='word_1_159' title='bbox 992 1875 1230 1952; x_wconf 90' lang='lat' dir='ltr'><strong>commendatur,</strong></span> <span class='ocrx_word' id='word_1_160' title='bbox 1258 1873 1453 1950; x_wconf 87' lang='lat' dir='ltr'><strong>Phylacidam</strong></span> <span class='ocrx_word' id='word_1_161' title='bbox 1484 1896 1512 1935; x_wconf 88' lang='lat' dir='ltr'><strong>a.</strong></span> <span class='ocrx_word' id='word_1_162' title='bbox 1536 1879 1610 1951; x_wconf 87' lang='lat'><strong>474,</strong></span> 
     </span>
     <span class='ocr_line' id='line_1_18' title="bbox 332 1964 1610 2041; baseline 0.001 -18"><span class='ocrx_word' id='word_1_163' title='bbox 332 1965 486 2025; x_wconf 86' lang='lat' dir='ltr'><strong>Meliesum</strong></span> <span class='ocrx_word' id='word_1_164' title='bbox 504 1984 530 2023; x_wconf 90' lang='lat' dir='ltr'><strong>a.</strong></span> <span class='ocrx_word' id='word_1_165' title='bbox 551 1967 614 2025; x_wconf 88' lang='grc'><strong>476</strong></span> <span class='ocrx_word' id='word_1_166' title='bbox 634 1964 761 2024; x_wconf 76' lang='lat' dir='ltr'><strong>isthmia</strong></span> <span class='ocrx_word' id='word_1_167' title='bbox 779 1964 935 2041; x_wconf 88' lang='lat' dir='ltr'><strong>pancratio</strong></span> <span class='ocrx_word' id='word_1_168' title='bbox 954 1964 1058 2025; x_wconf 89' lang='lat' dir='ltr'><strong>vicisse</strong></span> <span class='ocrx_word' id='word_1_169' title='bbox 1081 1964 1167 2025; x_wconf 91' lang='lat' dir='ltr'><strong>nobis</strong></span> <span class='ocrx_word' id='word_1_170' title='bbox 1190 1964 1385 2025; x_wconf 89' lang='lat' dir='ltr'><strong>statuendum</strong></span> <span class='ocrx_word' id='word_1_171' title='bbox 1403 1968 1458 2025; x_wconf 89' lang='lat' dir='ltr'><strong>est.</strong></span> <span class='ocrx_word' id='word_1_172' title='bbox 1477 1996 1522 2006; x_wconf 93' lang='lat'>—</span> <span class='ocrx_word' id='word_1_173' title='bbox 1540 1965 1610 2025; x_wconf 83' lang='lat' dir='ltr'><strong>Car-</strong></span> 
     </span>
     <span class='ocr_line' id='line_1_19' title="bbox 333 2053 1610 2131; baseline 0 -18"><span class='ocrx_word' id='word_1_174' title='bbox 333 2074 401 2113; x_wconf 90' lang='lat' dir='ltr'><strong>men</strong></span> <span class='ocrx_word' id='word_1_175' title='bbox 431 2054 530 2130; x_wconf 91' lang='lat' dir='ltr'><strong>ipsum</strong></span> <span class='ocrx_word' id='word_1_176' title='bbox 560 2053 717 2113; x_wconf 83' lang='lat' dir='ltr'><strong>ieiunitate</strong></span> <span class='ocrx_word' id='word_1_177' title='bbox 741 2054 871 2130; x_wconf 90' lang='lat' dir='ltr'><strong>quadam</strong></span> <span class='ocrx_word' id='word_1_178' title='bbox 893 2056 925 2114; x_wconf 90' lang='lat' dir='ltr'><strong>et</strong></span> <span class='ocrx_word' id='word_1_179' title='bbox 947 2054 1082 2113; x_wconf 88' lang='lat' dir='ltr'><strong>exilitate</strong></span> <span class='ocrx_word' id='word_1_180' title='bbox 1103 2074 1205 2113; x_wconf 91' lang='lat' dir='ltr'><strong>rerum</strong></span> <span class='ocrx_word' id='word_1_181' title='bbox 1227 2053 1505 2131; x_wconf 83' lang='lat' dir='ltr'><strong>sententiarumque</strong></span> <span class='ocrx_word' id='word_1_182' title='bbox 1529 2054 1610 2113; x_wconf 85' lang='lat' dir='ltr'><strong>labo·</strong></span> 
     </span>
     <span class='ocr_line' id='line_1_20' title="bbox 330 2141 1608 2222; baseline 0 -21"><span class='ocrx_word' id='word_1_183' title='bbox 330 2146 387 2204; x_wconf 87' lang='lat' dir='ltr'><strong>rat.</strong></span> <span class='ocrx_word' id='word_1_184' title='bbox 423 2141 574 2201; x_wconf 86' lang='lat' dir='ltr'><strong>Nimirum</strong></span> <span class='ocrx_word' id='word_1_185' title='bbox 591 2142 637 2202; x_wconf 92' lang='lat' dir='ltr'><strong>bis</strong></span> <span class='ocrx_word' id='word_1_186' title='bbox 655 2143 716 2201; x_wconf 89' lang='lat' dir='ltr'><strong>iam</strong></span> <span class='ocrx_word' id='word_1_187' title='bbox 735 2142 884 2202; x_wconf 87' lang='lat' dir='ltr'><strong>Pindarus</strong></span> <span class='ocrx_word' id='word_1_188' title='bbox 902 2143 1009 2204; x_wconf 90' lang='lat' dir='ltr'><strong>decora</strong></span> <span class='ocrx_word' id='word_1_189' title='bbox 1027 2143 1134 2204; x_wconf 91' lang='lat' dir='ltr'><strong>domus</strong></span> <span class='ocrx_word' id='word_1_190' title='bbox 1151 2143 1313 2221; x_wconf 82' lang='lat' dir='ltr'><strong>Lamponia</strong></span> <span class='ocrx_word' id='word_1_191' title='bbox 1331 2143 1490 2222; x_wconf 80' lang='lat' dir='ltr'><strong>cecinerat,</strong></span> <span class='ocrx_word' id='word_1_192' title='bbox 1511 2163 1608 2221; x_wconf 89' lang='lat' dir='ltr'><strong>neque</strong></span> 
     </span>
     <span class='ocr_line' id='line_1_21' title="bbox 335 2231 1610 2311; baseline 0 -19"><span class='ocrx_word' id='word_1_193' title='bbox 335 2252 370 2292; x_wconf 90' lang='lat' dir='ltr'><strong>ea</strong></span> <span class='ocrx_word' id='word_1_194' title='bbox 394 2251 497 2293; x_wconf 89' lang='lat' dir='ltr'><strong>eorum</strong></span> <span class='ocrx_word' id='word_1_195' title='bbox 521 2231 607 2308; x_wconf 90' lang='lat' dir='ltr'><strong>copia</strong></span> <span class='ocrx_word' id='word_1_196' title='bbox 631 2234 685 2291; x_wconf 90' lang='lat' dir='ltr'><strong>aut</strong></span> <span class='ocrx_word' id='word_1_197' title='bbox 708 2232 847 2309; x_wconf 89' lang='lat' dir='ltr'><strong>splendor</strong></span> <span class='ocrx_word' id='word_1_198' title='bbox 869 2235 943 2311; x_wconf 88' lang='lat' dir='ltr'><strong>erat,</strong></span> <span class='ocrx_word' id='word_1_199' title='bbox 965 2236 1001 2291; x_wconf 92' lang='lat' dir='ltr'><strong>ut</strong></span> <span class='ocrx_word' id='word_1_200' title='bbox 1023 2233 1161 2310; x_wconf 89' lang='lat' dir='ltr'><strong>pluribus</strong></span> <span class='ocrx_word' id='word_1_201' title='bbox 1184 2232 1366 2293; x_wconf 86' lang='lat' dir='ltr'><strong>carminibus</strong></span> <span class='ocrx_word' id='word_1_202' title='bbox 1388 2233 1530 2293; x_wconf 88' lang='lat' dir='ltr'><strong>idoneam</strong></span> <span class='ocrx_word' id='word_1_203' title='bbox 1548 2251 1610 2292; x_wconf 88' lang='lat' dir='ltr'><strong>ma·</strong></span> 
     </span>
     <span class='ocr_line' id='line_1_22' title="bbox 331 2320 1608 2398; baseline 0.001 -18"><span class='ocrx_word' id='word_1_204' title='bbox 331 2321 437 2380; x_wconf 88' lang='lat' dir='ltr'><strong>teriem</strong></span> <span class='ocrx_word' id='word_1_205' title='bbox 455 2320 639 2397; x_wconf 89' lang='lat' dir='ltr'><strong>praeberent.</strong></span> <span class='ocrx_word' id='word_1_206' title='bbox 671 2321 776 2397; x_wconf 87' lang='lat' dir='ltr'><strong>Neque</strong></span> <span class='ocrx_word' id='word_1_207' title='bbox 791 2322 872 2398; x_wconf 93' lang='lat' dir='ltr'><strong>quod</strong></span> <span class='ocrx_word' id='word_1_208' title='bbox 890 2341 1003 2382; x_wconf 91' lang='lat' dir='ltr'><strong>novum</strong></span> <span class='ocrx_word' id='word_1_209' title='bbox 1021 2326 1186 2383; x_wconf 89' lang='lat' dir='ltr'><strong>accesserat</strong></span> <span class='ocrx_word' id='word_1_210' title='bbox 1204 2323 1293 2383; x_wconf 91' lang='lat' dir='ltr'><strong>decus</strong></span> <span class='ocrx_word' id='word_1_211' title='bbox 1310 2321 1608 2383; x_wconf 84' lang='lat' dir='ltr'><strong>ludicrae-victoriae</strong></span> 
     </span>
     <span class='ocr_line' id='line_1_23' title="bbox 334 2410 1683 2490; baseline 0.002 -23"><span class='ocrx_word' id='word_1_212' title='bbox 334 2410 493 2469; x_wconf 89' lang='lat' dir='ltr'><strong>Isthmicae</strong></span> <span class='ocrx_word' id='word_1_213' title='bbox 526 2410 570 2469; x_wconf 90' lang='lat' dir='ltr'><strong>ita</strong></span> <span class='ocrx_word' id='word_1_214' title='bbox 593 2414 658 2469; x_wconf 88' lang='lat' dir='ltr'><strong>erat</strong></span> <span class='ocrx_word' id='word_1_215' title='bbox 685 2414 906 2488; x_wconf 90' lang='lat' dir='ltr'><strong>comparatum,</strong></span> <span class='ocrx_word' id='word_1_216' title='bbox 935 2414 972 2469; x_wconf 91' lang='lat' dir='ltr'><strong>ut</strong></span> <span class='ocrx_word' id='word_1_217' title='bbox 1001 2412 1098 2472; x_wconf 91' lang='lat' dir='ltr'><strong>denuo</strong></span> <span class='ocrx_word' id='word_1_218' title='bbox 1127 2412 1195 2471; x_wconf 87' lang='lat' dir='ltr'><strong>vela</strong></span> <span class='ocrx_word' id='word_1_219' title='bbox 1221 2414 1329 2489; x_wconf 88' lang='lat' dir='ltr'><strong>poetae</strong></span> <span class='ocrx_word' id='word_1_220' title='bbox 1357 2412 1461 2471; x_wconf 86' lang='lat' dir='ltr'><strong>inflare</strong></span> <span class='ocrx_word' id='word_1_221' title='bbox 1485 2413 1609 2488; x_wconf 87' lang='lat' dir='ltr'><strong>eiusque</strong></span> <span class='ocrx_word' id='word_1_222' title='bbox 1640 2474 1644 2478; x_wconf 63' lang='grc'><strong>,</strong></span> <span class='ocrx_word' id='word_1_223' title='bbox 1682 2415 1683 2490; x_wconf 71' lang='lat' dir='ltr'><strong>l</strong></span> 
     </span>
     <span class='ocr_line' id='line_1_24' title="bbox 334 2499 1609 2577; baseline 0.002 -19"><span class='ocrx_word' id='word_1_224' title='bbox 334 2503 463 2559; x_wconf 88' lang='lat' dir='ltr'><strong>mentem</strong></span> <span class='ocrx_word' id='word_1_225' title='bbox 492 2499 529 2558; x_wconf 85' lang='lat' dir='ltr'><strong>ad</strong></span> <span class='ocrx_word' id='word_1_226' title='bbox 557 2499 666 2572; x_wconf 86' lang='lat' dir='ltr'><strong>altiora</strong></span> <span class='ocrx_word' id='word_1_227' title='bbox 694 2500 815 2559; x_wconf 86' lang='lat' dir='ltr'><strong>evehere</strong></span> <span class='ocrx_word' id='word_1_228' title='bbox 844 2504 952 2577; x_wconf 88' lang='lat' dir='ltr'><strong>posset.</strong></span> <span class='ocrx_word' id='word_1_229' title='bbox 997 2501 1100 2560; x_wconf 88' lang='lat' dir='ltr'><strong>Nihilo</strong></span> <span class='ocrx_word' id='word_1_230' title='bbox 1123 2504 1224 2560; x_wconf 86' lang='lat' dir='ltr'><strong>tamen</strong></span> <span class='ocrx_word' id='word_1_231' title='bbox 1248 2502 1348 2561; x_wconf 92' lang='lat' dir='ltr'><strong>minus</strong></span> <span class='ocrx_word' id='word_1_232' title='bbox 1376 2502 1514 2563; x_wconf 86' lang='lat' dir='ltr'><strong>imitator</strong></span> <span class='ocrx_word' id='word_1_233' title='bbox 1541 2502 1609 2560; x_wconf 91' lang='lat' dir='ltr'><strong>Pin·</strong></span> 
     </span>
     <span class='ocr_line' id='line_1_25' title="bbox 334 2586 1610 2668; baseline 0.001 -21"><span class='ocrx_word' id='word_1_234' title='bbox 334 2589 412 2665; x_wconf 92' lang='lat' dir='ltr'><strong>dari,</strong></span> <span class='ocrx_word' id='word_1_235' title='bbox 443 2588 496 2665; x_wconf 92' lang='lat' dir='ltr'><strong>qui</strong></span> <span class='ocrx_word' id='word_1_236' title='bbox 528 2588 689 2664; x_wconf 90' lang='lat' dir='ltr'><strong>epiuieium</strong></span> <span class='ocrx_word' id='word_1_237' title='bbox 713 2586 785 2648; x_wconf 91' lang='lat' dir='ltr'><strong>O.v</strong></span> <span class='ocrx_word' id='word_1_238' title='bbox 809 2590 927 2668; x_wconf 90' lang='lat' dir='ltr'><strong>panxit,</strong></span> <span class='ocrx_word' id='word_1_239' title='bbox 957 2590 1013 2650; x_wconf 88' lang='lat' dir='ltr'><strong>hoc</strong></span> <span class='ocrx_word' id='word_1_240' title='bbox 1043 2589 1179 2667; x_wconf 90' lang='lat' dir='ltr'><strong>inprimis</strong></span> <span class='ocrx_word' id='word_1_241' title='bbox 1209 2610 1245 2650; x_wconf 87' lang='lat' dir='ltr'><strong>ex</strong></span> <span class='ocrx_word' id='word_1_242' title='bbox 1274 2591 1404 2651; x_wconf 86' lang='lat' dir='ltr'><strong>carmine</strong></span> <span class='ocrx_word' id='word_1_243' title='bbox 1435 2592 1551 2651; x_wconf 89' lang='lat' dir='ltr'><strong>colores</strong></span> <span class='ocrx_word' id='word_1_244' title='bbox 1580 2595 1610 2649; x_wconf 91' lang='lat' dir='ltr'><strong>et</strong></span> 
     </span>
     <span class='ocr_line' id='line_1_26' title="bbox 332 2678 637 2738; baseline 0.007 -3"><span class='ocrx_word' id='word_1_245' title='bbox 332 2678 498 2738; x_wconf 88' lang='lat' dir='ltr'><strong>locutiones</strong></span> <span class='ocrx_word' id='word_1_246' title='bbox 522 2678 637 2737; x_wconf 88' lang='lat' dir='ltr'><strong>sumsit.</strong></span> 
     </span>
    </p>

    <p class='ocr_par' dir='ltr' id='par_1_3' title="bbox 332 2766 1681 4009">
     <span class='ocr_line' id='line_1_27' title="bbox 420 2766 1609 2847; baseline 0.001 -21"><span class='ocrx_word' id='word_1_247' title='bbox 420 2767 455 2826; x_wconf 89' lang='lat' dir='ltr'><strong>In</strong></span> <span class='ocrx_word' id='word_1_248' title='bbox 484 2767 635 2844; x_wconf 90' lang='lat' dir='ltr'><strong>prooemio</strong></span> <span class='ocrx_word' id='word_1_249' title='bbox 663 2766 750 2826; x_wconf 90' lang='lat' dir='ltr'><strong>deam</strong></span> <span class='ocrx_word' id='word_1_250' title='bbox 778 2766 885 2826; x_wconf 84' lang='lat' dir='ltr'><strong>Thiam</strong></span> <span class='ocrx_word' id='word_1_251' title='bbox 916 2769 978 2829; x_wconf 89' lang='lat' dir='ltr'><strong>sive</strong></span> <span class='ocrx_word' id='word_1_252' title='bbox 1006 2768 1244 2829; x_wconf 82' lang='lat' dir='ltr'><strong>Admirationem</strong></span> <span class='ocrx_word' id='word_1_253' title='bbox 1273 2788 1396 2829; x_wconf 87' lang='lat' dir='ltr'><strong>causam</strong></span> <span class='ocrx_word' id='word_1_254' title='bbox 1428 2788 1491 2830; x_wconf 90' lang='lat' dir='ltr'><strong>esse</strong></span> <span class='ocrx_word' id='word_1_255' title='bbox 1520 2773 1609 2847; x_wconf 85' lang='lat' dir='ltr'><strong>poeta</strong></span> 
     </span>
     <span class='ocr_line' id='line_1_28' title="bbox 332 2856 1608 2935; baseline 0.002 -20"><span class='ocrx_word' id='word_1_256' title='bbox 332 2856 461 2934; x_wconf 85' lang='lat' dir='ltr'><strong>exponit,</strong></span> <span class='ocrx_word' id='word_1_257' title='bbox 480 2876 533 2915; x_wconf 90' lang='lat' dir='ltr'><strong>our</strong></span> <span class='ocrx_word' id='word_1_258' title='bbox 551 2856 678 2915; x_wconf 89' lang='lat' dir='ltr'><strong>navibus</strong></span> <span class='ocrx_word' id='word_1_259' title='bbox 698 2858 728 2914; x_wconf 88' lang='lat' dir='ltr'><strong>et</strong></span> <span class='ocrx_word' id='word_1_260' title='bbox 746 2856 882 2915; x_wconf 87' lang='lat' dir='ltr'><strong>curribus</strong></span> <span class='ocrx_word' id='word_1_261' title='bbox 901 2860 931 2916; x_wconf 88' lang='lat' dir='ltr'><strong>et</strong></span> <span class='ocrx_word' id='word_1_262' title='bbox 954 2858 1100 2935; x_wconf 84' lang='lat' dir='ltr'><strong>gymnicis</strong></span> <span class='ocrx_word' id='word_1_263' title='bbox 1123 2858 1201 2917; x_wconf 91' lang='lat' dir='ltr'><strong>ludis</strong></span> <span class='ocrx_word' id='word_1_264' title='bbox 1224 2859 1360 2919; x_wconf 89' lang='lat' dir='ltr'><strong>homines</strong></span> <span class='ocrx_word' id='word_1_265' title='bbox 1382 2862 1511 2935; x_wconf 82' lang='lat' dir='ltr'><strong>certent3</strong></span> <span class='ocrx_word' id='word_1_266' title='bbox 1534 2860 1608 2917; x_wconf 92' lang='lat' dir='ltr'><strong>nihil</strong></span> 
     </span>
     <span class='ocr_line' id='line_1_29' title="bbox 332 2944 1611 3024; baseline 0.002 -20"><span class='ocrx_word' id='word_1_267' title='bbox 332 2949 434 3004; x_wconf 90' lang='lat' dir='ltr'><strong>autem</strong></span> <span class='ocrx_word' id='word_1_268' title='bbox 464 2946 561 3003; x_wconf 91' lang='lat' dir='ltr'><strong>maius</strong></span> <span class='ocrx_word' id='word_1_269' title='bbox 593 2945 630 3005; x_wconf 91' lang='lat' dir='ltr'><strong>ab</strong></span> <span class='ocrx_word' id='word_1_270' title='bbox 659 2944 830 3005; x_wconf 90' lang='lat' dir='ltr'><strong>hominibus</strong></span> <span class='ocrx_word' id='word_1_271' title='bbox 860 2947 963 3022; x_wconf 89' lang='lat' dir='ltr'><strong>appeti</strong></span> <span class='ocrx_word' id='word_1_272' title='bbox 989 2966 1075 3023; x_wconf 90' lang='lat' dir='ltr'><strong>posse</strong></span> <span class='ocrx_word' id='word_1_273' title='bbox 1106 2966 1196 3024; x_wconf 92' lang='lat' dir='ltr'><strong>quam</strong></span> <span class='ocrx_word' id='word_1_274' title='bbox 1223 2947 1401 3008; x_wconf 83' lang='lat' dir='ltr'><strong>felicitatem</strong></span> <span class='ocrx_word' id='word_1_275' title='bbox 1433 2968 1503 3008; x_wconf 89' lang='lat' dir='ltr'><strong>cum</strong></span> <span class='ocrx_word' id='word_1_276' title='bbox 1532 2948 1611 3007; x_wconf 86' lang='lat' dir='ltr'><strong>bona</strong></span> 
     </span>
     <span class='ocr_line' id='line_1_30' title="bbox 332 3026 1608 3117; baseline 0.002 -24"><span class='ocrx_word' id='word_1_277' title='bbox 332 3036 413 3093; x_wconf 87' lang='lat' dir='ltr'><strong>fama</strong></span> <span class='ocrx_word' id='word_1_278' title='bbox 445 3034 635 3094; x_wconf 90' lang='lat' dir='ltr'><strong>coniunctam</strong></span> <span class='ocrx_word' id='word_1_279' title='bbox 667 3026 794 3117; x_wconf 77' lang='lat'>(1—16).</span> <span class='ocrx_word' id='word_1_280' title='bbox 844 3035 918 3094; x_wconf 89' lang='lat' dir='ltr'><strong>Inde</strong></span> <span class='ocrx_word' id='word_1_281' title='bbox 950 3036 1083 3096; x_wconf 89' lang='lat' dir='ltr'><strong>victoriis</strong></span> <span class='ocrx_word' id='word_1_282' title='bbox 1115 3037 1239 3096; x_wconf 91' lang='lat' dir='ltr'><strong>ludicris</strong></span> <span class='ocrx_word' id='word_1_283' title='bbox 1271 3036 1453 3112; x_wconf 84' lang='lat' dir='ltr'><strong>Phylacidae</strong></span> <span class='ocrx_word' id='word_1_284' title='bbox 1486 3038 1608 3113; x_wconf 88' lang='lat' dir='ltr'><strong>eiusque</strong></span> 
     </span>
     <span class='ocr_line' id='line_1_31' title="bbox 332 3123 1609 3203; baseline 0.003 -22"><span class='ocrx_word' id='word_1_285' title='bbox 332 3123 435 3182; x_wconf 88' lang='lat' dir='ltr'><strong>fratris</strong></span> <span class='ocrx_word' id='word_1_286' title='bbox 454 3123 584 3183; x_wconf 86' lang='lat' dir='ltr'><strong>breviter</strong></span> <span class='ocrx_word' id='word_1_287' title='bbox 602 3125 839 3184; x_wconf 87' lang='lat' dir='ltr'><strong>commemoratis</strong></span> <span class='ocrx_word' id='word_1_288' title='bbox 859 3125 1056 3185; x_wconf 87' lang='lat' dir='ltr'><strong>Aeacidarum</strong></span> <span class='ocrx_word' id='word_1_289' title='bbox 1074 3126 1178 3186; x_wconf 92' lang='lat' dir='ltr'><strong>laudes</strong></span> <span class='ocrx_word' id='word_1_290' title='bbox 1197 3126 1339 3203; x_wconf 83' lang='lat' dir='ltr'><strong>Aeginae,</strong></span> <span class='ocrx_word' id='word_1_291' title='bbox 1358 3130 1395 3184; x_wconf 90' lang='lat' dir='ltr'><strong>ut</strong></span> <span class='ocrx_word' id='word_1_292' title='bbox 1408 3124 1609 3185; x_wconf 89' lang='lat' dir='ltr'><strong>Oeneidarum</strong></span> 
     </span>
     <span class='ocr_line' id='line_1_32' title="bbox 334 3212 1609 3293; baseline 0.002 -22"><span class='ocrx_word' id='word_1_293' title='bbox 334 3212 413 3289; x_wconf 91' lang='lat' dir='ltr'><strong>apud</strong></span> <span class='ocrx_word' id='word_1_294' title='bbox 433 3214 566 3291; x_wconf 87' lang='lat' dir='ltr'><strong>Aetolos,</strong></span> <span class='ocrx_word' id='word_1_295' title='bbox 584 3212 661 3272; x_wconf 92' lang='lat' dir='ltr'><strong>lolai</strong></span> <span class='ocrx_word' id='word_1_296' title='bbox 679 3212 796 3291; x_wconf 84' lang='lat' dir='ltr'><strong>Thebis,</strong></span> <span class='ocrx_word' id='word_1_297' title='bbox 815 3214 917 3272; x_wconf 88' lang='lat' dir='ltr'><strong>Persei</strong></span> <span class='ocrx_word' id='word_1_298' title='bbox 934 3215 1033 3293; x_wconf 88' lang='lat' dir='ltr'><strong>Argis,</strong></span> <span class='ocrx_word' id='word_1_299' title='bbox 1053 3214 1186 3277; x_wconf 85' lang='lat' dir='ltr'><strong>Castoris</strong></span> <span class='ocrx_word' id='word_1_300' title='bbox 1209 3219 1240 3275; x_wconf 91' lang='lat' dir='ltr'><strong>et</strong></span> <span class='ocrx_word' id='word_1_301' title='bbox 1262 3216 1394 3275; x_wconf 93' lang='lat' dir='ltr'><strong>Pollucis</strong></span> <span class='ocrx_word' id='word_1_302' title='bbox 1417 3216 1457 3274; x_wconf 88' lang='lat' dir='ltr'><strong>ad</strong></span> <span class='ocrx_word' id='word_1_303' title='bbox 1477 3216 1609 3276; x_wconf 85' lang='lat' dir='ltr'><strong>Eurotae</strong></span> 
     </span>
     <span class='ocr_line' id='line_1_33' title="bbox 332 3298 1609 3385; baseline 0.003 -26"><span class='ocrx_word' id='word_1_304' title='bbox 332 3302 470 3379; x_wconf 91' lang='lat' dir='ltr'><strong>flumina,</strong></span> <span class='ocrx_word' id='word_1_305' title='bbox 494 3302 685 3362; x_wconf 90' lang='lat' dir='ltr'><strong>celebrandas</strong></span> <span class='ocrx_word' id='word_1_306' title='bbox 708 3320 771 3361; x_wconf 89' lang='lat' dir='ltr'><strong>esse</strong></span> <span class='ocrx_word' id='word_1_307' title='bbox 795 3303 950 3379; x_wconf 87' lang='lat' dir='ltr'><strong>praefatus</strong></span> <span class='ocrx_word' id='word_1_308' title='bbox 973 3298 1118 3385; x_wconf 77' lang='lat' dir='ltr'><strong>(lv-35),</strong></span> <span class='ocrx_word' id='word_1_309' title='bbox 1141 3305 1234 3364; x_wconf 89' lang='lat' dir='ltr'><strong>Aeaci</strong></span> <span class='ocrx_word' id='word_1_310' title='bbox 1256 3303 1388 3364; x_wconf 86' lang='lat' dir='ltr'><strong>filiorum</strong></span> <span class='ocrx_word' id='word_1_311' title='bbox 1410 3308 1442 3363; x_wconf 91' lang='lat' dir='ltr'><strong>et</strong></span> <span class='ocrx_word' id='word_1_312' title='bbox 1466 3309 1609 3382; x_wconf 86' lang='lat' dir='ltr'><strong>nepotum</strong></span> 
     </span>
     <span class='ocr_line' id='line_1_34' title="bbox 333 3388 1609 3475; baseline 0.002 -24"><span class='ocrx_word' id='word_1_313' title='bbox 333 3392 461 3451; x_wconf 87' lang='lat' dir='ltr'><strong>virtutes</strong></span> <span class='ocrx_word' id='word_1_314' title='bbox 484 3391 570 3450; x_wconf 89' lang='lat' dir='ltr'><strong>bellis</strong></span> <span class='ocrx_word' id='word_1_315' title='bbox 593 3391 731 3451; x_wconf 81' lang='lat' dir='ltr'><strong>Troianis</strong></span> <span class='ocrx_word' id='word_1_316' title='bbox 754 3393 872 3471; x_wconf 83' lang='lat' dir='ltr'><strong>egregie</strong></span> <span class='ocrx_word' id='word_1_317' title='bbox 897 3396 1046 3469; x_wconf 88' lang='lat' dir='ltr'><strong>spectatas</strong></span> <span class='ocrx_word' id='word_1_318' title='bbox 1069 3394 1243 3453; x_wconf 87' lang='lat' dir='ltr'><strong>summatim</strong></span> <span class='ocrx_word' id='word_1_319' title='bbox 1265 3393 1444 3472; x_wconf 90' lang='lat' dir='ltr'><strong>perstringit</strong></span> <span class='ocrx_word' id='word_1_320' title='bbox 1467 3388 1609 3475; x_wconf 73' lang='lat' dir='ltr'><strong>(et-48),</strong></span> 
     </span>
     <span class='ocr_line' id='line_1_35' title="bbox 334 3480 1681 3561; baseline 0.004 -23"><span class='ocrx_word' id='word_1_321' title='bbox 334 3480 443 3557; x_wconf 91' lang='lat' dir='ltr'><strong>quibus</strong></span> <span class='ocrx_word' id='word_1_322' title='bbox 470 3480 611 3539; x_wconf 88' lang='lat' dir='ltr'><strong>laudibus</strong></span> <span class='ocrx_word' id='word_1_323' title='bbox 639 3481 724 3540; x_wconf 89' lang='lat' dir='ltr'><strong>addit</strong></span> <span class='ocrx_word' id='word_1_324' title='bbox 750 3481 936 3558; x_wconf 88' lang='lat' dir='ltr'><strong>splendidam</strong></span> <span class='ocrx_word' id='word_1_325' title='bbox 958 3481 1086 3561; x_wconf 90' lang='lat' dir='ltr'><strong>gloriam</strong></span> <span class='ocrx_word' id='word_1_326' title='bbox 1108 3483 1251 3543; x_wconf 88' lang='lat' dir='ltr'><strong>victoriae</strong></span> <span class='ocrx_word' id='word_1_327' title='bbox 1275 3503 1370 3558; x_wconf 90' lang='lat' dir='ltr'><strong>nuper</strong></span> <span class='ocrx_word' id='word_1_328' title='bbox 1392 3483 1608 3561; x_wconf 86' lang='lat' dir='ltr'><strong>Aeginetarum</strong></span> <span class='ocrx_word' id='word_1_329' title='bbox 1680 3485 1681 3512; x_wconf 73' lang='lat'><em>³</em></span> 
     </span>
     <span class='ocr_line' id='line_1_36' title="bbox 339 3561 1681 3653; baseline 0.001 -25"><span class='ocrx_word' id='word_1_330' title='bbox 339 3570 448 3630; x_wconf 88' lang='lat' dir='ltr'><strong>virtute</strong></span> <span class='ocrx_word' id='word_1_331' title='bbox 471 3569 510 3627; x_wconf 91' lang='lat' dir='ltr'><strong>ad</strong></span> <span class='ocrx_word' id='word_1_332' title='bbox 533 3569 686 3629; x_wconf 85' lang='lat' dir='ltr'><strong>Salamina</strong></span> <span class='ocrx_word' id='word_1_333' title='bbox 709 3574 879 3646; x_wconf 88' lang='lat' dir='ltr'><strong>reportatae</strong></span> <span class='ocrx_word' id='word_1_334' title='bbox 903 3562 1048 3653; x_wconf 75' lang='lat'>(48—60).</span> <span class='ocrx_word' id='word_1_335' title='bbox 1085 3572 1133 3631; x_wconf 90' lang='lat' dir='ltr'><strong>Ad</strong></span> <span class='ocrx_word' id='word_1_336' title='bbox 1148 3561 1339 3649; x_wconf 80' lang='lat' dir='ltr'><strong>¹postremum</strong></span> <span class='ocrx_word' id='word_1_337' title='bbox 1362 3590 1432 3631; x_wconf 91' lang='lat' dir='ltr'><strong>cum</strong></span> <span class='ocrx_word' id='word_1_338' title='bbox 1455 3573 1494 3631; x_wconf 96' lang='lat' dir='ltr'><strong>ab</strong></span> <span class='ocrx_word' id='word_1_339' title='bbox 1517 3574 1609 3632; x_wconf 87' lang='lat' dir='ltr'><strong>effusa</strong></span> <span class='ocrx_word' id='word_1_340' title='bbox 1680 3587 1681 3604; x_wconf 63' lang='lat'>¹</span> 
     </span>
     <span class='ocr_line' id='line_1_37' title="bbox 332 3659 1609 3740; baseline 0.002 -24"><span class='ocrx_word' id='word_1_341' title='bbox 332 3659 494 3718; x_wconf 88' lang='lat' dir='ltr'><strong>eiulatione</strong></span> <span class='ocrx_word' id='word_1_342' title='bbox 522 3659 621 3719; x_wconf 89' lang='lat' dir='ltr'><strong>nescio</strong></span> <span class='ocrx_word' id='word_1_343' title='bbox 649 3677 708 3735; x_wconf 92' lang='lat' dir='ltr'><strong>quo</strong></span> <span class='ocrx_word' id='word_1_344' title='bbox 737 3679 808 3719; x_wconf 87' lang='lat' dir='ltr'><strong>casu</strong></span> <span class='ocrx_word' id='word_1_345' title='bbox 835 3659 917 3718; x_wconf 89' lang='lat' dir='ltr'><strong>tristi</strong></span> <span class='ocrx_word' id='word_1_346' title='bbox 940 3664 1106 3720; x_wconf 89' lang='lat' dir='ltr'><strong>commotus</strong></span> <span class='ocrx_word' id='word_1_347' title='bbox 1129 3680 1160 3720; x_wconf 89' lang='lat' dir='ltr'><strong>se</strong></span> <span class='ocrx_word' id='word_1_348' title='bbox 1183 3664 1363 3739; x_wconf 85' lang='lat' dir='ltr'><strong>revocasset,</strong></span> <span class='ocrx_word' id='word_1_349' title='bbox 1386 3662 1490 3720; x_wconf 90' lang='lat' dir='ltr'><strong>studia</strong></span> <span class='ocrx_word' id='word_1_350' title='bbox 1511 3662 1609 3740; x_wconf 89' lang='lat' dir='ltr'><strong>gentis</strong></span> 
     </span>
     <span class='ocr_line' id='line_1_38' title="bbox 335 3747 1608 3827; baseline 0.002 -20"><span class='ocrx_word' id='word_1_351' title='bbox 335 3748 467 3808; x_wconf 90' lang='lat' dir='ltr'><strong>Cleonici</strong></span> <span class='ocrx_word' id='word_1_352' title='bbox 484 3748 516 3809; x_wconf 90' lang='lat' dir='ltr'><strong>iu</strong></span> <span class='ocrx_word' id='word_1_353' title='bbox 535 3747 747 3807; x_wconf 85' lang='lat' dir='ltr'><strong>certaminibus</strong></span> <span class='ocrx_word' id='word_1_354' title='bbox 769 3748 917 3827; x_wconf 84' lang='lat' dir='ltr'><strong>gymnicis</strong></span> <span class='ocrx_word' id='word_1_355' title='bbox 940 3751 1039 3825; x_wconf 89' lang='lat' dir='ltr'><strong>posita</strong></span> <span class='ocrx_word' id='word_1_356' title='bbox 1061 3751 1227 3810; x_wconf 88' lang='lat' dir='ltr'><strong>illustravit</strong></span> <span class='ocrx_word' id='word_1_357' title='bbox 1245 3753 1276 3810; x_wconf 90' lang='lat' dir='ltr'><strong>et</strong></span> <span class='ocrx_word' id='word_1_358' title='bbox 1293 3750 1431 3825; x_wconf 89' lang='lat' dir='ltr'><strong>inprimis</strong></span> <span class='ocrx_word' id='word_1_359' title='bbox 1454 3750 1608 3827; x_wconf 83' lang='lat' dir='ltr'><strong>Pytheam,</strong></span> 
     </span>
     <span class='ocr_line' id='line_1_39' title="bbox 332 3837 1609 4009; baseline 0.001 -113"><span class='ocrx_word' id='word_1_360' title='bbox 332 3839 413 4008; x_wconf 63' lang='lat' dir='ltr'><strong>quod</strong></span> <span class='ocrx_word' id='word_1_361' title='bbox 441 3838 479 4009; x_wconf 72' lang='lat' dir='ltr'><strong>a)d</strong></span> <span class='ocrx_word' id='word_1_362' title='bbox 506 3840 601 3898; x_wconf 90' lang='lat' dir='ltr'><strong>artem</strong></span> <span class='ocrx_word' id='word_1_363' title='bbox 627 3837 784 3915; x_wconf 86' lang='lat' dir='ltr'><strong>pugilatus</strong></span> <span class='ocrx_word' id='word_1_364' title='bbox 811 3839 937 3898; x_wconf 88' lang='lat' dir='ltr'><strong>fratrem</strong></span> <span class='ocrx_word' id='word_1_365' title='bbox 964 3841 1076 3915; x_wconf 89' lang='lat' dir='ltr'><strong>optime</strong></span> <span class='ocrx_word' id='word_1_366' title='bbox 1104 3840 1298 3917; x_wconf 88' lang='lat' dir='ltr'><strong>instituisset,</strong></span> <span class='ocrx_word' id='word_1_367' title='bbox 1326 3840 1446 3899; x_wconf 85' lang='lat' dir='ltr'><strong>naviter</strong></span> <span class='ocrx_word' id='word_1_368' title='bbox 1473 3840 1609 3899; x_wconf 85' lang='lat' dir='ltr'><strong>laudavit</strong></span> 
     </span>
     <span class='ocr_line' id='line_1_40' title="bbox 348 3938 476 3986; baseline 0.008 -1"><span class='ocrx_word' id='word_1_369' title='bbox 348 3938 476 3986; x_wconf 80' lang='lat'><strong>51-63.</strong></span> 
     </span>
    </p>

    <p class='ocr_par' dir='ltr' id='par_1_4' title="bbox 791 4010 1068 4078">
     <span class='ocr_line' id='line_1_41' title="bbox 791 4010 1068 4078; baseline 0.004 -1"><span class='ocrx_word' id='word_1_370' title='bbox 791 4056 795 4065; x_wconf 86' lang='lat'><em>-</em></span> <span class='ocrx_word' id='word_1_371' title='bbox 877 4010 922 4077; x_wconf 90' lang='lat' dir='ltr'><strong>De</strong></span> <span class='ocrx_word' id='word_1_372' title='bbox 945 4013 1068 4078; x_wconf 87' lang='lat' dir='ltr'><strong>metris.</strong></span> 
     </span>
    </p>

    <p class='ocr_par' dir='ltr' id='par_1_5' title="bbox 331 4104 1679 4903">
     <span class='ocr_line' id='line_1_42' title="bbox 423 4104 1600 4188; baseline 0.001 -23"><span class='ocrx_word' id='word_1_373' title='bbox 423 4104 486 4165; x_wconf 89' lang='lat' dir='ltr'><strong>Hoc</strong></span> <span class='ocrx_word' id='word_1_374' title='bbox 510 4124 628 4167; x_wconf 88' lang='lat' dir='ltr'><strong>carmen</strong></span> <span class='ocrx_word' id='word_1_375' title='bbox 652 4106 790 4166; x_wconf 91' lang='lat' dir='ltr'><strong>similiter</strong></span> <span class='ocrx_word' id='word_1_376' title='bbox 813 4109 905 4183; x_wconf 90' lang='lat' dir='ltr'><strong>atque</strong></span> <span class='ocrx_word' id='word_1_377' title='bbox 928 4106 988 4167; x_wconf 93' lang='lat' dir='ltr'><strong>duo</strong></span> <span class='ocrx_word' id='word_1_378' title='bbox 1011 4108 1073 4167; x_wconf 91' lang='lat' dir='ltr'><strong>alia</strong></span> <span class='ocrx_word' id='word_1_379' title='bbox 1099 4108 1261 4183; x_wconf 81' lang='lat' dir='ltr'><strong>Lamponia</strong></span> <span class='ocrx_word' id='word_1_380' title='bbox 1287 4107 1358 4167; x_wconf 88' lang='lat' dir='ltr'><strong>liliis</strong></span> <span class='ocrx_word' id='word_1_381' title='bbox 1385 4107 1480 4168; x_wconf 89' lang='lat' dir='ltr'><strong>missa</strong></span> <span class='ocrx_word' id='word_1_382' title='bbox 1508 4109 1560 4188; x_wconf 67' lang='lat' dir='ltr'><strong>(N.</strong></span> <span class='ocrx_word' id='word_1_383' title='bbox 1581 4127 1600 4165; x_wconf 78' lang='lat' dir='ltr'><strong>r</strong></span> 
     </span>
     <span class='ocr_line' id='line_1_43' title="bbox 331 4188 1608 4277; baseline 0.001 -22"><span class='ocrx_word' id='word_1_384' title='bbox 331 4196 355 4255; x_wconf 94' lang='lat' dir='ltr'><strong>I.</strong></span> <span class='ocrx_word' id='word_1_385' title='bbox 378 4188 423 4277; x_wconf 82' lang='lat' dir='ltr'><strong>vr)</strong></span> <span class='ocrx_word' id='word_1_386' title='bbox 452 4198 582 4255; x_wconf 88' lang='lat' dir='ltr'><strong>numeris</strong></span> <span class='ocrx_word' id='word_1_387' title='bbox 611 4196 921 4272; x_wconf 89' lang='lat' dir='ltr'><strong>dactylo-epitriticis</strong></span> <span class='ocrx_word' id='word_1_388' title='bbox 949 4198 1148 4274; x_wconf 87' lang='lat' dir='ltr'><strong>compositum</strong></span> <span class='ocrx_word' id='word_1_389' title='bbox 1174 4200 1233 4275; x_wconf 78' lang='lat' dir='ltr'><strong>est3</strong></span> <span class='ocrx_word' id='word_1_390' title='bbox 1264 4218 1369 4257; x_wconf 86' lang='lat' dir='ltr'><strong>verum</strong></span> <span class='ocrx_word' id='word_1_391' title='bbox 1390 4198 1480 4259; x_wconf 89' lang='lat' dir='ltr'><strong>valde</strong></span> <span class='ocrx_word' id='word_1_392' title='bbox 1503 4198 1608 4257; x_wconf 89' lang='lat' dir='ltr'><strong>minni-</strong></span> 
     </span>
     <span class='ocr_line' id='line_1_44' title="bbox 333 4285 1608 4366; baseline 0.002 -23"><span class='ocrx_word' id='word_1_393' title='bbox 333 4289 384 4344; x_wconf 91' lang='lat' dir='ltr'><strong>tur</strong></span> <span class='ocrx_word' id='word_1_394' title='bbox 401 4286 433 4344; x_wconf 94' lang='lat' dir='ltr'><strong>in</strong></span> <span class='ocrx_word' id='word_1_395' title='bbox 450 4287 506 4344; x_wconf 92' lang='lat' dir='ltr'><strong>hoc</strong></span> <span class='ocrx_word' id='word_1_396' title='bbox 525 4285 655 4345; x_wconf 68' lang='lat' dir='ltr'><strong>cumina</strong></span> <span class='ocrx_word' id='word_1_397' title='bbox 674 4286 807 4363; x_wconf 87' lang='lat' dir='ltr'><strong>gravitas</strong></span> <span class='ocrx_word' id='word_1_398' title='bbox 825 4286 917 4346; x_wconf 91' lang='lat' dir='ltr'><strong>huius</strong></span> <span class='ocrx_word' id='word_1_399' title='bbox 935 4304 1128 4347; x_wconf 89' lang='lat' dir='ltr'><strong>numerorum</strong></span> <span class='ocrx_word' id='word_1_400' title='bbox 1145 4286 1262 4366; x_wconf 90' lang='lat' dir='ltr'><strong>generis</strong></span> <span class='ocrx_word' id='word_1_401' title='bbox 1280 4290 1311 4346; x_wconf 92' lang='grc'><strong>44</strong></span> <span class='ocrx_word' id='word_1_402' title='bbox 1328 4287 1503 4364; x_wconf 81' lang='lat' dir='ltr'><strong>frequentia</strong></span> <span class='ocrx_word' id='word_1_403' title='bbox 1520 4288 1608 4364; x_wconf 88' lang='lat' dir='ltr'><strong>sylla·</strong></span> 
     </span>
     <span class='ocr_line' id='line_1_45' title="bbox 333 4374 1610 4457; baseline 0.003 -24"><span class='ocrx_word' id='word_1_404' title='bbox 333 4375 440 4433; x_wconf 88' lang='lat' dir='ltr'><strong>barum</strong></span> <span class='ocrx_word' id='word_1_405' title='bbox 472 4374 652 4451; x_wconf 90' lang='lat' dir='ltr'><strong>ancipitium</strong></span> <span class='ocrx_word' id='word_1_406' title='bbox 684 4378 715 4433; x_wconf 92' lang='lat' dir='ltr'><strong>et</strong></span> <span class='ocrx_word' id='word_1_407' title='bbox 745 4374 852 4433; x_wconf 90' lang='lat' dir='ltr'><strong>humili</strong></span> <span class='ocrx_word' id='word_1_408' title='bbox 885 4376 1034 4435; x_wconf 87' lang='lat' dir='ltr'><strong>tenuitate</strong></span> <span class='ocrx_word' id='word_1_409' title='bbox 1066 4377 1299 4452; x_wconf 88' lang='lat' dir='ltr'><strong>compositionis.</strong></span> <span class='ocrx_word' id='word_1_410' title='bbox 1344 4376 1499 4457; x_wconf 88' lang='lat' dir='ltr'><strong>Namque,</strong></span> <span class='ocrx_word' id='word_1_411' title='bbox 1532 4378 1610 4455; x_wconf 89' lang='lat' dir='ltr'><strong>qnod</strong></span> 
     </span>
     <span class='ocr_line' id='line_1_46' title="bbox 332 4464 1609 4541; baseline 0.004 -20"><span class='ocrx_word' id='word_1_412' title='bbox 332 4482 482 4541; x_wconf 87' lang='lat' dir='ltr'><strong>nusquam</strong></span> <span class='ocrx_word' id='word_1_413' title='bbox 502 4464 578 4523; x_wconf 89' lang='lat' dir='ltr'><strong>alias</strong></span> <span class='ocrx_word' id='word_1_414' title='bbox 596 4465 710 4523; x_wconf 88' lang='lat' dir='ltr'><strong>factum</strong></span> <span class='ocrx_word' id='word_1_415' title='bbox 730 4464 906 4541; x_wconf 75' lang='lat' dir='ltr'><strong>estendam</strong></span> <span class='ocrx_word' id='word_1_416' title='bbox 924 4484 1028 4523; x_wconf 89' lang='lat' dir='ltr'><strong>versus</strong></span> <span class='ocrx_word' id='word_1_417' title='bbox 1047 4465 1144 4525; x_wconf 87' lang='lat' dir='ltr'><strong>forma</strong></span> <span class='ocrx_word' id='word_1_418' title='bbox 1163 4466 1323 4541; x_wconf 91' lang='lat' dir='ltr'><strong>quinquies</strong></span> <span class='ocrx_word' id='word_1_419' title='bbox 1345 4466 1378 4525; x_wconf 90' lang='lat' dir='ltr'><strong>in</strong></span> <span class='ocrx_word' id='word_1_420' title='bbox 1400 4467 1458 4527; x_wconf 90' lang='lat' dir='ltr'><strong>hoc</strong></span> <span class='ocrx_word' id='word_1_421' title='bbox 1481 4470 1609 4529; x_wconf 77' lang='lat' dir='ltr'><strong>caraune</strong></span> 
     </span>
     <span class='ocr_line' id='line_1_47' title="bbox 333 4545 1679 4635; baseline 0.003 -22"><span class='ocrx_word' id='word_1_422' title='bbox 333 4547 459 4613; x_wconf 81' lang='lat' dir='ltr'><strong>recurrit</strong></span> <span class='ocrx_word' id='word_1_423' title='bbox 489 4545 555 4634; x_wconf 85' lang='lat' dir='ltr'><strong>(atr.</strong></span> <span class='ocrx_word' id='word_1_424' title='bbox 577 4564 600 4612; x_wconf 91' lang='lat'><strong>1.</strong></span> <span class='ocrx_word' id='word_1_425' title='bbox 620 4565 645 4612; x_wconf 86' lang='lat'><strong>3.</strong></span> <span class='ocrx_word' id='word_1_426' title='bbox 665 4564 694 4631; x_wconf 79' lang='lat'><strong>6,</strong></span> <span class='ocrx_word' id='word_1_427' title='bbox 718 4572 762 4628; x_wconf 91' lang='lat' dir='ltr'><strong>ep.</strong></span> <span class='ocrx_word' id='word_1_428' title='bbox 784 4566 807 4612; x_wconf 91' lang='lat'><strong>1.</strong></span> <span class='ocrx_word' id='word_1_429' title='bbox 827 4548 867 4634; x_wconf 82' lang='lat'><strong>6).</strong></span> <span class='ocrx_word' id='word_1_430' title='bbox 912 4554 1083 4615; x_wconf 90' lang='lat' dir='ltr'><strong>Monocolos</strong></span> <span class='ocrx_word' id='word_1_431' title='bbox 1110 4556 1275 4615; x_wconf 89' lang='lat' dir='ltr'><strong>versiculus</strong></span> <span class='ocrx_word' id='word_1_432' title='bbox 1303 4559 1432 4633; x_wconf 89' lang='lat' dir='ltr'><strong>quartus</strong></span> <span class='ocrx_word' id='word_1_433' title='bbox 1462 4560 1608 4635; x_wconf 85' lang='lat' dir='ltr'><strong>strophae,</strong></span> <span class='ocrx_word' id='word_1_434' title='bbox 1678 4585 1679 4634; x_wconf 64' lang='lat'>3</span> 
     </span>
     <span class='ocr_line' id='line_1_48' title="bbox 335 4642 1609 4722; baseline 0.003 -21"><span class='ocrx_word' id='word_1_435' title='bbox 335 4662 424 4719; x_wconf 89' lang='lat' dir='ltr'><strong>quem</strong></span> <span class='ocrx_word' id='word_1_436' title='bbox 442 4642 656 4703; x_wconf 87' lang='lat' dir='ltr'><strong>Mommsenius</strong></span> <span class='ocrx_word' id='word_1_437' title='bbox 679 4662 746 4701; x_wconf 89' lang='lat' dir='ltr'><strong>cum</strong></span> <span class='ocrx_word' id='word_1_438' title='bbox 771 4644 963 4703; x_wconf 87' lang='lat' dir='ltr'><strong>antecedente</strong></span> <span class='ocrx_word' id='word_1_439' title='bbox 986 4662 1075 4703; x_wconf 89' lang='lat' dir='ltr'><strong>versu</strong></span> <span class='ocrx_word' id='word_1_440' title='bbox 1097 4645 1129 4703; x_wconf 91' lang='lat' dir='ltr'><strong>in</strong></span> <span class='ocrx_word' id='word_1_441' title='bbox 1152 4664 1244 4705; x_wconf 90' lang='lat' dir='ltr'><strong>unam</strong></span> <span class='ocrx_word' id='word_1_442' title='bbox 1267 4647 1424 4722; x_wconf 90' lang='lat' dir='ltr'><strong>periodum</strong></span> <span class='ocrx_word' id='word_1_443' title='bbox 1448 4648 1609 4719; x_wconf 80' lang='lat' dir='ltr'><strong>coniunxit,</strong></span> 
     </span>
     <span class='ocr_line' id='line_1_49' title="bbox 334 4726 1609 4817; baseline 0.003 -25"><span class='ocrx_word' id='word_1_444' title='bbox 334 4734 513 4793; x_wconf 85' lang='lat' dir='ltr'><strong>sententiam</strong></span> <span class='ocrx_word' id='word_1_445' title='bbox 541 4734 567 4792; x_wconf 93' lang='lat' dir='ltr'><strong>si</strong></span> <span class='ocrx_word' id='word_1_446' title='bbox 595 4735 723 4809; x_wconf 84' lang='lat' dir='ltr'><strong>spectas,</strong></span> <span class='ocrx_word' id='word_1_447' title='bbox 752 4733 840 4792; x_wconf 93' lang='lat' dir='ltr'><strong>modo</strong></span> <span class='ocrx_word' id='word_1_448' title='bbox 865 4732 952 4808; x_wconf 89' lang='lat' dir='ltr'><strong>epodi</strong></span> <span class='ocrx_word' id='word_1_449' title='bbox 975 4734 1074 4793; x_wconf 91' lang='lat' dir='ltr'><strong>locum</strong></span> <span class='ocrx_word' id='word_1_450' title='bbox 1097 4726 1367 4817; x_wconf 66' lang='grc'><strong>(44142431),</strong></span> <span class='ocrx_word' id='word_1_451' title='bbox 1394 4736 1484 4796; x_wconf 91' lang='lat' dir='ltr'><strong>modo</strong></span> <span class='ocrx_word' id='word_1_452' title='bbox 1507 4736 1609 4815; x_wconf 91' lang='lat' dir='ltr'><strong>proodi</strong></span> 
     </span>
     <span class='ocr_line' id='line_1_50' title="bbox 335 4814 1608 4903; baseline 0.003 -22"><span class='ocrx_word' id='word_1_453' title='bbox 335 4814 396 4903; x_wconf 89' lang='lat' dir='ltr'><strong>(vv.</strong></span> <span class='ocrx_word' id='word_1_454' title='bbox 417 4833 441 4881; x_wconf 88' lang='lat'><strong>4.</strong></span> <span class='ocrx_word' id='word_1_455' title='bbox 466 4834 508 4881; x_wconf 76' lang='lat' dir='ltr'><strong>so.</strong></span> <span class='ocrx_word' id='word_1_456' title='bbox 533 4814 581 4901; x_wconf 73' lang='lat' dir='ltr'><strong>aa)</strong></span> <span class='ocrx_word' id='word_1_457' title='bbox 608 4822 737 4899; x_wconf 89' lang='lat' dir='ltr'><strong>obtinet,</strong></span> <span class='ocrx_word' id='word_1_458' title='bbox 765 4822 790 4881; x_wconf 92' lang='lat' dir='ltr'><strong>si</strong></span> <span class='ocrx_word' id='word_1_459' title='bbox 819 4822 1020 4898; x_wconf 88' lang='lat' dir='ltr'><strong>rhythmicam</strong></span> <span class='ocrx_word' id='word_1_460' title='bbox 1047 4825 1315 4885; x_wconf 89' lang='lat' dir='ltr'><strong>conformationem</strong></span> <span class='ocrx_word' id='word_1_461' title='bbox 1341 4826 1492 4901; x_wconf 89' lang='lat' dir='ltr'><strong>potiorem</strong></span> <span class='ocrx_word' id='word_1_462' title='bbox 1518 4826 1608 4900; x_wconf 67' lang='lat' dir='ltr'><strong>ducis,</strong></span> 
     </span>
    </p>
   </div>
   <div class='ocr_carea' id='block_1_3' title="bbox 0 0 1716 5434">
    <p class='ocr_par' dir='ltr' id='par_1_6' title="bbox 0 0 1716 5434">
     <span class='ocr_line' id='line_1_51' title="bbox 0 0 1716 5434; baseline 0 0"><span class='ocrx_word' id='word_1_463' title='bbox 0 0 1716 5434; x_wconf 95' lang='lat' dir='ltr'><strong> </strong></span> 
     </span>
    </p>
   </div>
  </div>
 </body>
</html>
