3417 5434
295 342 370 401 LXII
798 349 1079 407 Paonaoomanl.

295 517 329 576 et
356 511 497 578 exerceri
527 512 703 599 debebant,
735 517 847 579 tamen
874 513 913 579 de
943 514 1153 582 institutione
1185 537 1375 605 puerorum,
1405 517 1591 605 palaestra,

261 633 263 636 ’
296 619 463 706 magistris
491 621 656 706 ludorum,
689 623 805 687 ceteris
836 623 985 707 partibus
1013 623 1095 688 artis
1126 627 1350 711 gymnasticae
1379 626 1588 692 Graecorum
1696 656 1697 715 3

294 728 461 811 disputare
493 727 592 793 nimis
624 729 760 815 longum
792 734 825 794 et
853 730 895 793 ab
928 730 1091 816 angustiis
1123 731 1240 797 horum
1267 732 1589 820 Prolegomenorum
1696 730 1697 807 s

297 835 439 899 alienum
463 857 533 900 esse
558 837 716 902 duximus.
760 837 831 914 Qua
854 836 893 901 de
917 859 1015 902 causa
1037 838 1116 904 solis
1145 839 1185 904 de
1212 839 1297 905 ludis
1325 841 1518 927 agonisticis
1548 846 1589 907 et
1696 880 1697 895 1

296 942 518 1026 sollemnibua
541 964 622 1026 quae
647 965 720 1008 cum
743 943 876 1008 ludicris
899 943 1400 1033 victoriisconiunetafuenmt,
1422 948 1586 1013 hocloco

296 1071 392 1136 agere
415 1049 511 1114 nobis
534 1049 641 1114 visum
665 1055 724 1114 881.
765 1048 851 1125 Quin
875 1050 955 1116 adeo
978 1073 1019 1116 ne
1041 1052 1126 1118 hanc
1145 1054 1275 1138 quidem
1296 1052 1465 1119 materiem
1483 1055 1586 1139 plene

296 1157 465 1222 exhaurire
484 1157 643 1222 inanimo
663 1162 722 1243 881,
741 1158 797 1222 sed
815 1158 849 1222 in
865 1157 906 1222 iis
921 1159 1152 1225 adumbrandis
1171 1159 1422 1246 acquiescemus,
1440 1184 1523 1245 quae
1537 1164 1586 1226 ad

295 1265 388 1330 ludos
413 1263 544 1329 Pindari
568 1269 674 1330 aetate
697 1264 869 1330 institutos
894 1269 927 1330 et
950 1266 1089 1351 epinicia
1107 1289 1126 1331 a
1145 1266 1287 1332 Pindaro
1310 1268 1398 1332 facta
1416 1269 1585 1352 pertinere

295 1372 475 1436 videantur.
512 1371 612 1437 Plura
635 1373 691 1457 qui
714 1372 752 1438 (18
776 1373 949 1457 palaestris
968 1378 1002 1438 et
1022 1373 1106 1439 ludis
1126 1373 1326 1440 Graecorum
1345 1375 1467 1440 discere
1490 1375 1587 1462 velit,

297 1481 392 1544 adeat
410 1501 485 1544 oum
502 1479 605 1544 libros
628 1479 905 1564 locupletissimos
922 1480 968 1545 Io.
985 1480 1120 1547 Heurici
1138 1481 1275 1567 Kranae,
1297 1482 1458 1568 Olympia,
1480 1483 1585 1548 Wien

300 1587 395 1671 1838,
418 1585 480 1650 Die
501 1585 696 1670 Gymnastilr
720 1587 786 1651 und
804 1585 982 1673 Agonistik
1006 1588 1063 1652 der
1080 1589 1249 1674 Hellenen,
1271 1588 1379 1674 Leipz.
1400 1591 1496 1674 1841,
1515 1590 1586 1655 Die

296 1693 447 1779 Pythian,
471 1693 617 1758 Nemeen
640 1695 706 1758 und
728 1691 899 1779 Isthmien,
920 1693 1027 1779 Leipz.
1049 1697 1144 1781 1841,
1167 1700 1240 1761 tum
1263 1694 1405 1760 Cominii
1428 1696 1585 1763 disserta-

297 1802 404 1866 tiones
433 1799 632 1887 agonisticae
659 1802 758 1888 1747,
785 1801 920 1866 tertium
947 1803 1099 1868 volumen
1128 1803 1235 1888 operis
1265 1802 1491 1890 Grasbergeri,
1521 1804 1586 1869 Er—

296 1908 436 1994 niehung
445 1908 512 1973 und
523 1906 716 1974 Unterricht
725 1907 772 1972 im
780 1908 1169 1994 klassischenAltertum,
1178 1909 1585 1995 Wdrzb.l881,Ioauuem

297 2015 486 2101 Holwerda,
514 2014 722 2101 Olympische
751 2013 900 2099 Studien,
928 2016 1026 2081 Arch.
1050 2015 1135 2101 Zeit,
1161 2018 1455 2102 1880‚p.169ss.
1486 2020 1585 2105 1881,

298 2123 473 2207 1120588,
495 2122 652 2189 Adolfum
675 2121 875 2208 Boettieher,
898 2121 1058 2208 Olympia,
1082 2125 1139 2189 das
1162 2123 1243 2189 Fest
1264 2125 1331 2189 und
1354 2125 1443 2190 seine
1462 2125 1584 2211 818118,

297 2227 383 2294 Β811.
405 2230 501 2315 1883,
522 2229 700 2294 Aemilium
723 2229 855 2314 Reisch,
886 2229 936 2294 De
958 2229 1092 2296 musicis
1117 2230 1316 2297 Graecorum
1339 2233 1586 2318 certaminibus,

296 2334 436 2400 Vindob.
459 2337 553 2403 1885.
595 2336 665 2402 Nos
690 2359 763 2403 cum
792 2337 988 2402 arctioribus
1015 2337 1176 2402 limitibus
1202 2343 1350 2404 nostram
1377 2340 1583 2424 provinciam

296 2443 676 2529 circumscripsissemus,
704 2467 724 2510 a
746 2444 880 2510 Pindari
907 2444 1106 2510 carminibus
1132 2444 1214 2530 ipsis
1242 2451 1276 2511 81
1302 2449 1468 2514 veteribus
1495 2471 1585 2514 com-

296 2551 464 2616 mentariis
494 2572 606 2616 eorum
634 2552 773 2637 profecti
801 2575 922 2618 sumus.
963 2551 1113 2637 Namque
1141 2553 1207 2617 iam
1234 2553 1446 2620 Alexandrini
1474 2577 1584 2644 gram-

296 2659 422 2744 matici,
454 2682 528 2725 cum
561 2659 706 2726 earmina
732 2659 869 2726 classica
897 2659 1086 2725 illustrandi
1113 2660 1222 2725 studio
1250 2661 1460 2745 potissimum
1486 2664 1583 2729 duce·
1650 2713 1653 2716 -

295 2771 409 2830 rentur
432 2771 465 2831 et
488 2789 690 2832 summorum
713 2773 886 2851 poetarum
907 2765 1212 2853 interpretationem
1242 2791 1338 2854 saepe
1362 2771 1404 2836 ab
1427 2776 1583 2836 accurata

296 2871 416 2938 notitia
437 2872 587 2940 ludorum
612 2874 889 2960 certaminumque
911 2875 1052 2959 pendere
1075 2875 1321 2962 cognovissent,
1342 2875 1417 2942 inde
1441 2875 1582 2944 808111-

295 2979 420 3065 macho,
445 2981 501 3064 qui
524 2981 648 3066 primus
671 2979 748 3067 περὶ
771 2981 912 3064 ἀγώνων
935 2981 1080 3066 scripsit,
1103 2982 1199 3047 multi
1222 2984 1344 3068 partim
1366 2985 1402 3050 in
1424 2985 1517 3050 libris
1541 2985 1582 3050 de

295 3086 514 3174 topographia
536 3086 740 3173 historiaque
768 3089 972 3174 singulorum
998 3089 1195 3174 populorum
1222 3096 1256 3156 et
1282 3091 1431 3176 urbium,
1457 3091 1581 3177 partim

293 3194 330 3258 in
353 3193 458 3278 libris,
488 3216 569 3278 quos
597 3195 673 3258 data
702 3217 800 3280 opera
823 3197 861 3260 (18
885 3196 1118 3261 certaminibus
1147 3197 1279 3262 ludicris
1308 3199 1583 3285 conscripserunt,

295 3300 502 3385 quaestiones
521 3301 559 3366 de
579 3301 704 3388 origine
723 3302 884 3387 ludorum,
907 3302 1097 3388 victoribus,
1113 3304 1277 3389 praemiis,
1298 3304 1460 3371 similibus
1479 3306 1579 3371 rebus

295 3412 529 3474 tractaverunt.
578 3405 706 3473 Horum
738 3408 934 3492 scriptorum
967 3432 1006 3474 ex
1042 3432 1179 3476 numero
1210 3411 1246 3475 in
1278 3411 1412 3478 scholiis
1443 3411 1579 3477 Pindari

295 3518 591 3580 commemorantur
599 3513 796 3581 Aristoteles
811 3515 850 3580 de
865 3515 1068 3600 Pythionicis
1083 3513 1361 3607 (schol.0.1187),
1375 3517 1580 3605 Cleophanes

293 3618 370 3706 περὶ
389 3620 529 3703 ἀγώνων
548 3618 662 3710 (schol.
679 3620 714 3688 O.
729 3640 767 3686 1x
782 3619 872 3709 143),
889 3619 974 3687 later
987 3621 1064 3708 περὶ
1078 3621 1195 3689 Ἡλίου
1211 3624 1352 3708 ἀγώνων
1366 3625 1418 3711 (Ο.
1427 3644 1478 3690 vn
1490 3627 1581 3716 146),

294 3727 429 3793 Polemo
453 3725 568 3817 (schol.
588 3729 628 3794 N.
647 3748 683 3793 lv
703 3731 760 3814 323
784 3729 823 3794 81.
843 3728 884 3794 N.
903 3748 927 3793 v
946 3730 1012 3816 89).
1053 3730 1208 3815 Inprimis
1233 3733 1419 3798 Polemonis
1450 3755 1580 3800 aceura

295 3835 432 3901 tissimis
451 3837 546 3902 libris
560 3837 599 3903 de
614 3837 720 3903 titulis
735 3841 769 3902 et
783 3835 944 3922 catalogis
958 3836 1063 3902 multa
1076 3839 1274 3904 scholiastae
1289 3840 1405 3905 debere
1418 3841 1581 3907 uidentur.

748 4034 793 4099 De
816 4032 943 4116 orlglne
965 4031 1123 4101 ludorum

382 4159 453 4224 Iam
477 4160 713 4246 antiquissimis
737 4158 941 4246 temporibus
967 4161 1052 4245 apud
1076 4159 1218 4227 Graecos
1246 4161 1461 4229 certaminum
1488 4163 1582 4229 ludo-

296 4289 432 4351 rumque
456 4268 565 4333 studia
588 4268 736 4334 floruisse
758 4268 922 4333 Homerus
946 4267 1043 4333 testis
1066 4273 1131 4354 881,
1153 4269 1210 4354 qui
1232 4269 1270 4334 Il.
1289 4287 1378 4334 xxm
1401 4271 1580 4338 257-897

295 4375 432 4439 heroum
454 4375 548 4441 ludos
571 4375 606 4442 iu
629 4397 708 4462 agro
731 4377 882 4461 Troiano,
906 4375 964 4441 Od.
983 4393 1047 4440 vm
1067 4364 1450 4444 100-265'Phaeaeum
1478 4384 1582 4445 certa·

296 4481 385 4546 mina
411 4482 446 4546 in
473 4481 545 4547 1818
573 4483 698 4549 insulae
732 4485 933 4570 amplissime
965 4489 999 4549 et
1029 4483 1228 4569 lepidissime
1258 4485 1419 4571 exposuit.
1469 4486 1581 4572 Atque

295 4587 479 4655 Phaeacum
503 4589 632 4675 quidem
654 4591 732 4677 ludi,
755 4614 829 4657 cum
853 4616 872 4657 a
894 4613 971 4678 rege
994 4590 1143 4677 Alcinoo,
1166 4597 1204 4656 ut
1224 4591 1338 4657 Ulixes
1361 4594 1481 4678 hospes
1500 4594 1582 4678 quid

294 4695 455 4762 Phaeaces
479 4719 575 4762 cursu
597 4699 748 4785 pugilatu
775 4700 862 4765 saltu
889 4702 977 4766 lucta
1004 4700 1151 4766 valerent
1179 4706 1404 4787 cognosceret,
1431 4701 1581 4767 instituti

296 4808 414 4890 essent,
438 4827 457 4870 a
480 4804 652 4872 cotidianis
675 4805 963 4874 exercitationibus
985 4830 1053 4873 nou
1070 4809 1210 4874 multum
1228 4808 1457 4896 discrepabant
1473 4831 1580 4895 neque
