3417 5434
846 382 994 438 PINDARI
1013 387 1179 441 EPINICIA.

589 548 709 633 Τυφὼς
731 547 827 626 Κίλιξ
851 547 983 632 ἑκατόγ-

628 680 750 742 κρανος
772 658 813 720 οὔ
836 681 892 722 νιν
916 655 1048 740 ἀλυξεν,

583 759 662 827 οὐδὲ
684 764 751 848 μὰν
774 766 930 847 βασιλεὺς
954 765 1141 847 Γιγάντων·

627 870 758 954 δμᾶθεν
781 867 816 935 δέ
839 881 992 960 κεραυνῷ

582 975 710 1054 τόξοισί
729 977 756 1043 τ’
779 976 1016 1056 Ἀπόλ-λωνος·
1040 978 1076 1056 ὃς
1099 979 1230 1064 εὐμενεῖ
1250 982 1318 1068 νόςο
1455 997 1491 1044 25

584 1084 783 1170 Ξενάρκειον
806 1087 918 1151 ἔδεκτο
942 1089 1023 1172 Κίρ-

629 1198 735 1278 ραθεν
758 1192 1030 1278 ἐστεφανωμένον

530 1315 565 1361 20
583 1299 661 1363 υέὸν
682 1303 762 1388 ποίᾳ
785 1301 976 1387 Παρνασίδι
1001 1307 1129 1387 Δωριεῖ
1149 1324 1183 1366 τε
1206 1303 1313 1388 κώμῳ.

584 1479 678 1543 ἔπεσε
701 1476 732 1542 δ’
761 1480 802 1544 οὐ
825 1483 979 1565 Χαρίτων
1003 1477 1078 1556 έκάς
1261 1483 1341 1565 Στρ.
1365 1477 1408 1562 β’.
1454 1496 1489 1542 30

584 1583 605 1648 ά
628 1585 834 1662 δικαιόπολις
857 1585 988 1672 ἀρεταῖς

584 1695 767 1756 κλειναῖσιν
790 1692 957 1778 Αἰακιδᾶν

583 1803 721 1880 θιγοῖσα
743 1808 873 1876 νᾶ-σος·
897 1798 1012 1864 τελέαν
1034 1798 1066 1863 δ’
1092 1801 1156 1883 ἔχει

531 1921 565 1968 26
585 1903 686 1982 δοξαν
709 1904 764 1970 ἀπ’
790 1905 901 1992 ἀρχᾶς.

628 2019 780 2079 πολλοῖσι
803 2010 864 2099 μὲν
888 2013 950 2099 γάρ
975 2013 1131 2097 ἀείδεται,

583 2123 779 2206 νικαφόροις
802 2120 839 2185 έν
862 2119 998 2197 ἀέθλοις

627 2226 796 2313 θρέψαισα
818 2224 874 2292 καὶ
896 2233 996 2303 θοαῖς

583 2333 787 2419 ὑπερτάτους
809 2334 919 2419 ἥρωας
943 2331 979 2398 ἐν
1001 2336 1127 2418 μάχαις.

584 2513 624 2577 τά
647 2509 685 2577 δὲ
707 2509 761 2577 καὶ
785 2512 949 2596 ἀνδράσιν
971 2511 1139 2598 ἐμπρέπει·
1258 2511 1342 2579 'Arm
1365 2513 1409 2598 β’.

584 2617 650 2704 εἰμὶ
673 2618 703 2684 δ’
730 2621 870 2703 ἀσχολος
893 2619 1060 2704 ἀναθέμεν
1455 2639 1489 2685 40

374 2789 378 2795 ’
443 2783 485 2832 16.
505 2773 709 2847 ἑκατόγκρανος
722 2777 793 2833 coni.
809 2777 937 2832 Schmid:
953 2776 1210 2847 ἑκατοντοκάρανος
1223 2779 1258 2848 Β,
1275 2777 1516 2848 ἐκατοντάκρανος
1528 2779 1561 2844 D,
1576 2776 1624 2830 ἑκα-

370 2848 580 2918 τοντακάρανος
593 2850 624 2904 Ε
636 2879 664 2888 -—
686 2855 726 2904 17,
741 2851 875 2919 δαμᾶθεν
888 2850 917 2902 Β
931 2881 964 2888 -
978 2859 1104 2918 κερκυνῶ
1116 2850 1146 2904 D
1160 2883 1194 2890 —
1209 2855 1251 2905 20.
1266 2848 1421 2917 παρνασέδι
1436 2849 1506 2905 coni
1521 2845 1625 2902 Boeclh:

370 2918 514 2995 ταρνασλᾳ
533 2921 613 2975 codd.
634 2951 668 2960 -
687 2926 729 2976 21.
750 2919 830 2976 ἔπεσε
848 2919 942 2974 00de
962 2919 1041 2976 ἔπειε
1061 2924 1214 2993 exspectes,
1233 2921 1267 2976 of.
1282 2940 1308 2976 v.
1323 2939 1348 2976 ss
1365 2953 1398 2963 -
1413 2927 1456 2976 24.
1476 2920 1505 2975 δ’
1522 2921 1572 2991 ἔχει
1583 2935 1623 2972 on.

371 2992 402 3046 D
415 3025 448 3032 —
463 2998 506 3047 26.
521 2990 687 3062 νικαφόροις
695 2993 770 3048 BD:
785 2991 959 3061 νικαφόρους
969 2993 1039 3048 Ε-
1050 3000 1091 3048 28.
1105 2995 1153 3047 aul
1162 2994 1242 3062 ἀνδρ.
1256 2994 1291 3049 V:
1308 2995 1357 3048 καὶ
1371 2993 1402 3048 ἐν
1416 2995 1498 3062 άνδρ.
1508 2990 1623 3047 BDE-
1658 3049 1659 3054 ,

443 3141 485 3193 16.
505 3134 540 3190 de
558 3133 692 3206 Typhoeo
711 3154 728 3190 a
746 3136 812 3191 Iove
830 3138 962 3206 superabo
981 3137 1011 3189 et
1028 3135 1128 3206 punito
1150 3139 1245 3190 monte
1264 3135 1357 3190 Aetna
1375 3153 1409 3190 su
1446 3132 1623 3191 riectos.P.1
1658 3121 1659 3202 J

373 3223 398 3262 15
414 3224 449 3261 ss.
470 3237 504 3246 —
524 3214 565 3263 17.
590 3209 718 3280 βασιλεὺς
741 3207 899 3278 Γιγάντων,
926 3205 1097 3276 Πορφυρίων
1121 3207 1222 3276 schol.;
1246 3207 1294 3262 sed
1318 3225 1382 3261 oum
1405 3153 1555 3278 Bhrphyrio
1575 3205 1625 3256 ente
1658 3205 1659 3213 ’

372 3277 540 3333 iamdictus
560 3278 605 3347 sit,
624 3279 723 3334 dubito
743 3297 779 3334 en
798 3277 935 3333 Pindarus
955 3279 1043 3332 ulium
1061 3297 1096 3334 ex
1110 3278 1145 3334 Gi
1166 3279 1288 3347 entibus,
1306 3278 1386 3334 velut
1403 3279 1623 3348 Eurymedontem.

372 3366 455 3418 quem
474 3349 644 3421 Gigantibus
668 3351 805 3421 imperare
829 3351 965 3404 Homerus
985 3349 1035 3404 Od.
1051 3369 1089 3404 vn
1103 3367 1129 3405 oe
1146 3297 1229 3419 dixit,
1247 3367 1342 3421 regem
1360 3355 1447 3421 poeta
1466 3346 1625 3424 intellexerit:

371 3439 398 3477 v.
412 3421 544 3476 Welcker
562 3421 672 3477 Griech.
687 3422 864 3477 Gdtterlehre
882 3441 892 3474 1
911 3439 950 3477 roa
968 3453 1004 3462 -
1023 3428 1064 3476 18.
1082 3420 1261 3484 Ἀπόλλωνος·
1287 3439 1359 3475 unus
1378 3422 1468 3490 euim,
1492 3426 1524 3476 ut
1540 3417 1626 3474 schola

372 3492 519 3561 adnotant,
538 3493 691 3564 Porphyrio
711 3494 770 3548 sive
789 3512 837 3548 rex
850 3492 1005 3566 Gigantum
1024 3492 1088 3547 telis
1104 3492 1251 3576 Apollinis²
1272 3493 1358 3548 ceteri
1372 3492 1509 3563 (ligantes
1528 3493 1560 3546 ab
1576 3487 1624 3542 aliis

373 3564 433 3618 deis
453 3564 553 3619 domiti
571 3582 632 3619 esse
650 3566 820 3620 ferebantur.
854 3564 982 3619 Ceterum
1001 3565 1143 3619 mentione
1156 3563 1296 3635 Apollinis
1315 3581 1411 3636 regern
1429 3564 1574 3636 Gigantum
1590 3563 1625 3612 do·

372 3637 476 3690 mantis
496 3635 600 3690 iniecta
619 3654 651 3690 co
672 3637 701 3691 ia
718 3641 820 3709 poetae
839 3636 916 3691 facta
935 3639 979 3690 est
992 3635 1128 3690 redeundi
1143 3636 1180 3689 ad
1193 3635 1341 3690 victoriam
1355 3640 1531 3706 praesentem
1541 3633 1625 3688 Aristo

372 3707 462 3761 menis
476 3707 572 3762 favore
586 3656 726 3778 Apollinis
741 3708 857 3779 Delphis
872 3710 1064 3778 comparatam
1084 3739 1118 3747 -—
1139 3713 1179 3762 19.
1199 3705 1371 3776 Ξενάρκειον
1387 3751 1392 3762 ,
1410 3751 1415 3762 .
1432 3751 1437 3762 .
1453 3706 1524 3776 υἱόν,
1542 3705 1624 3782 Aristo·
1657 3703 1658 3730 ³

372 3796 482 3833 monem
509 3779 643 3834 Xenarcis
671 3779 761 3833 filium
789 3814 823 3821 —
853 3779 961 3833 ἔδεκτο·
994 3779 1028 3832 de
1056 3795 1159 3850 pompa
1186 3778 1302 3848 Delphis
1326 3796 1343 3833 a
1365 3779 1473 3834 victore
1499 3781 1532 3833 de
1554 3773 1625 3831 stadm

372 3850 503 3905 Cirrhaeo
521 3851 656 3905 redeunte
675 3851 807 3905 instituta
825 3851 958 3919 Heynius,
977 3850 1135 3904 Boeokhius
1154 3849 1203 3903 alii
1222 3850 1402 3921 interpretati
1421 3854 1501 3919 sunt;
1520 3847 1624 3918 equidem

371 3939 517 3992 pompam,
539 3922 569 3975 in
588 3939 645 3991 qua
663 3923 716 3977 hoc
735 3941 846 3977 carmen
866 3922 1031 3990 canebatur,
1052 3921 1177 3991 Aeginae
1195 3925 1260 3991 post
1277 3920 1399 3975 reditum
1417 3921 1448 3974 in
1469 3922 1582 3993 patriam
1599 3915 1624 3995 ab

371 3993 547 4048 Aristomene
565 3993 726 4048 institutam
751 3995 914 4064 intellegere
934 3993 1009 4048 malo
1028 3996 1057 4046 et
1082 3993 1187 4047 aoristo
1214 3992 1309 4047 ἔδεκτο
1335 3992 1459 4047 tribuere
1483 3994 1539 4047 vim
1560 3992 1624 4060 sigm-

371 4065 476 4118 ficandi
496 4082 554 4121 rem
572 4065 630 4118 iarn
648 4064 823 4134 inchoatam
844 4067 879 4120 cf.
895 4065 925 4120 Ο.
941 4083 990 4118 nn
1004 4081 1029 4120 se
1047 4097 1080 4104 -
1099 4071 1141 4119 20.
1162 4071 1264 4132 Δωριεῖ
1282 4083 1311 4118 τε
1330 4067 1423 4134 κώμῳ·
1443 4065 1519 4133 quod
1539 4066 1623 4137 Ausul

371 4153 428 4190 non
444 4139 542 4206 Δωρίω
560 4139 646 4206 poeta
664 4137 744 4206 dixit,
764 4139 879 4192 chorum
897 4155 931 4190 ex
950 4135 1132 4191 Doriensibus
1150 4135 1218 4190 siria
1238 4139 1366 4190 constare
1385 4135 1504 4206 indicat,
1524 4139 1553 4190 ut
1569 4135 1623 4188 sim-

371 4205 437 4261 liter
451 4207 481 4262 0.
497 4193 546 4262 vin
560 4225 586 4263 eo
600 4208 729 4263 Doricam
744 4209 881 4291 originem
895 4210 936 4262 Ae
957 4207 1095 4262 inetarum
1109 4207 1263 4278 praedicat.
1292 4207 1395 4262 Verum
1409 4208 1463 4262 hoo
1482 4207 1542 4262 loco
1560 4205 1623 4260 etiam
1656 4247 1657 4261 r

353 4278 503 4334 Qoricam
520 4279 698 4334 harmoniam
716 4280 856 4346 carminis,
876 4227 956 4349 quod
973 4279 1030 4333 iam
1051 4296 1151 4334 canere
1173 4279 1323 4334 choreutae
1344 4282 1509 4349 coeperant,
1530 4279 1623 4348 apoelu

372 4349 492 4405 indicari
510 4351 663 4405 admodum
681 4351 833 4406 verisimile
851 4356 902 4406 est.

442 4429 485 4478 21.
502 4421 594 4477 ἔπεσε·
609 4422 715 4478 locutio
730 4425 764 4478 de
780 4424 926 4479 sortitione
940 4423 1026 4478 ducta
1041 4439 1100 4476 esse
1114 4422 1227 4477 videtur
1241 4453 1276 4462 —-
1291 4428 1333 4476 22.
1348 4423 1509 4492 ἀρεταῖς...
1520 4427 1623 4492 θιγοῖσα·

372 4494 407 4547 de
430 4493 524 4548 verbis
547 4499 642 4564 θιγεῖν
665 4499 695 4550 et
717 4495 860 4550 duceudos
883 4514 946 4550 oum
970 4495 1027 4548 dat.
1048 4493 1151 4548 iunctis
1170 4494 1204 4549 cf.
1220 4495 1250 4548 Ρ.
1265 4513 1293 4548 rv
1308 4509 1354 4549 aaa
1373 4513 1401 4547 rx
1415 4512 1450 4549 ss.
1474 4493 1509 4550 N.
1523 4513 1549 4547 n·
1562 4511 1589 4548 ιι.
1602 4487 1623 4541 P.

371 4583 421 4618 vm
435 4582 468 4620 oo.
489 4585 507 4618 x
521 4583 554 4622 se.
573 4567 594 4620 Ι.
609 4586 641 4620 111
654 4583 680 4622 eu
700 4599 734 4607 —
753 4574 795 4622 25.
815 4572 941 4623 πολλοῖσι
956 4612 961 4623 .
978 4611 984 4623 .
1001 4609 1006 4620 .
1022 4565 1159 4620 ἀείδεται·
1183 4565 1311 4637 inprimis
1330 4565 1483 4620 Homerum
1506 4569 1581 4637 poete
1595 4577 1621 4614 re·

372 4636 464 4761 {2352
477 4637 746 4780 lldltttll
748 4657 832 4762 ⁶¹¹⁰?
833 4658 861 4693 ¹¹¹
880 4657 935 4694 ‘¹⁰¹¹
948 4637 1173 4765 lllttllltl
1190 4638 1310 4763 lltll
1312 4638 1408 4764 “ihil
1416 4630 1621 4764 pigl³liii'·⁸li
1655 4719 1656 4726 ι

371 4778 503 4833 heroibus
530 4781 566 4834 ad
591 4781 718 4836 homines
736 4714 1031 4852 higniiisnihshit,
1058 4780 1107 4834 sed
1131 4797 1167 4835 ne
1193 4779 1304 4852 longius
1330 4731 1580 4852 abemet‚⁹pi‘}nas
1598 4773 1622 4860 ed
1655 4757 1656 4785 ³

371 4849 515 4906 Salamina
539 4854 568 4906 et
591 4851 804 4922 Ccoryphaliem
829 4853 957 4923 aliasque
982 4851 1148 4920 singillatim
1172 4853 1274 4906 referre
1298 4853 1456 4923 supersedit
1475 4885 1508 4893 -
1526 4857 1563 4905 29.
1584 4848 1621 4918 εἰμι
