3417 5434
621 355 779 406 OLYMPIA
797 355 819 406 Ι.

299 513 380 598 Ζηνὶ
403 513 501 580 τωῦτ’
528 512 581 579 eal
603 514 706 599 χρέος.

297 623 343 698 ὡς
365 621 395 686 δ’
421 623 569 706 ἄφαντος
592 625 714 707 ἔπελες,
738 618 816 687 οὐδὲ

326 727 436 814 ματρὶ
459 730 565 794 πολλά
588 732 775 813 μαιόμενοι·
785 740 894 814 φῶτες
916 731 1057 813 άγαγον,

297 839 409 901 ἔννεπε
432 845 546 922 κροφᾷ
569 859 618 912 τις
641 836 758 901 αὐτίκα
782 841 1171 921 φθονερῶν-γειτόνων,
1206 855 1238 903 75

298 944 420 1019 ὕδατος
443 943 493 1008 ὅτι
517 959 553 1007 σε
576 940 656 1036 κορλ
681 941 811 1020 ζέοισαν
834 945 881 1019 είς
904 943 1012 1028 ἀκμὰν

298 1053 442 1137 μαχαίρᾳ
465 1049 570 1133 τάμον
592 1050 674 1113 κατὰ
696 1048 793 1133 μέλη,

296 1155 487 1241 τραπέζαισί
508 1155 538 1220 τ’
564 1155 795 1240 άμφιδεύματα
818 1168 925 1241 κρεῶν

297 1262 398 1328 σέθεν
421 1263 617 1328 διεδάσαντο
641 1260 695 1326 καλ
719 1263 839 1346 φάγον.

1069 1457 1135 1524 Ἐκ.
1159 1459 1203 1542 β’.

297 1565 368 1652 ε’μολ
392 1564 423 1630 δ’
449 1568 556 1650 άκορα
580 1567 780 1650 γαστρίμαρ-

342 1698 404 1756 γον
425 1673 583 1757 μακάρων
606 1669 670 1736 τιν’
695 1673 808 1736 εἰπεῖν.
833 1669 1025 1756 ἀφίσταμαι.

296 1780 449 1864 ἀκέρδεια
473 1778 584 1862 λέλογ-

342 1911 399 1971 χεν
421 1887 548 1971 θαμινά
571 1889 785 1970 κακαγόρους.
1205 1904 1239 1952 85

299 1998 331 2060 εί
352 1991 388 2058 δὲ
411 1995 454 2076 δή
477 1991 540 2058 τιν’
566 1993 673 2079 ἄνδρα
695 1993 825 2058 θνατὸν
847 1992 1032 2077 Ὀλύμ-κου
1056 1993 1172 2059 σκοποὶ

296 2101 468 2185 ἐτίμασαν,
492 2095 535 2182 ἦν

346 2207 514 2282 Τάνταλος
537 2201 647 2280 οὗτος·
693 2205 863 2291 ἀλλδιγάρ
887 2206 1070 2284 καταπέψαι

297 2314 401 2400 μέγαν
424 2315 526 2397 ὄλβον
549 2313 611 2376 οὐκ
634 2312 770 2378 έδυνάσ-
781 2320 843 2396 θη,
866 2317 954 2401 κόρῳ
979 2312 1010 2378 δ’
1036 2313 1109 2380 ἕλεν

298 2426 380 2487 dcccv
402 2420 607 2505 ὑπέροπλον,
630 2421 760 2484 clv-foi
783 2422 890 2505 πατὴρ
914 2421 997 2507 ὕπερ
1203 2439 1237 2486 90

297 2527 438 2617 κρέμασε
460 2529 621 2614 καρτερὸν
645 2527 701 2591 αὐ-
711 2537 757 2614 τῷ
783 2531 898 2610 λίθον,
996 2522 999 2526 ’

147 2749 192 2798 48.
213 2747 370 2812 φθονερῶν
388 2759 417 2794 τε
437 2739 509 2795 (λ-
530 2745 572 2793 49.
593 2757 634 2794 σει
653 2759 683 2793 τε
703 2738 783 2793 codd.
799 2738 863 2794 fort.
883 2742 958 2793 recte
977 2770 1010 2779 -
1031 2739 1070 2801 εἰς
1089 2755 1122 2792 ex
1141 2739 1227 2793 schol.
1244 2740 1363 2793 Momm-

83 2833 138 2870 sen:
158 2813 206 2868 ἐπ’
231 2815 323 2870 nel)
341 2810 414 2882 ἀμφ’
435 2811 541 2866 Mosch.
565 2842 599 2852 —
624 2816 665 2866 51.
689 2807 851 2879 τραπέζαισι
871 2853 921 2865 ...
941 2816 975 2863 63
999 2810 1088 2866 εἰπεῖν
1112 2812 1176 2865 Ata.
1196 2829 1242 2863 xiv
1260 2830 1286 2881 p.
1301 2827 1363 2865 eno

84 2917 111 2926 -
128 2892 170 2940 51.
186 2885 229 2939 v':
252 2902 306 2939 om.
321 2885 359 2952 D,
375 2883 403 2937 δ’
419 2884 484 2939 Ata.
500 2915 535 2922 -
549 2883 748 2952 ἀμφιδείιματα
764 2883 824 2937 V³⁰
838 2898 872 2935 ex
887 2880 1002 2936 scholiis
1016 2885 1049 2936 ut
1061 2882 1175 2935 videtur
1188 2882 1363 2938 restitutum:

83 2957 280 3026 ἀμφιδεάτατα
299 2955 423 3010 ΑΟΗΕ
440 2951 601 3023 ἀμφίδενρα
620 2955 647 3026 A
666 2955 814 3021 Athenaei,
837 2950 854 3021 ἦ
878 2952 914 3007 τὰ
938 2952 1040 3023 ἔσχατα
1058 2953 1086 3021 (i.
1102 2970 1125 3009 c.
1141 2953 1272 3021 δεύτατα)
1291 2951 1309 3022 ἢ
1327 2954 1363 3007 τὰ

84 3026 254 3099 βεβρεγμένα
272 3033 310 3100 τῷ
330 3025 427 3095 αἵματι
451 3025 479 3094 (i.
499 3043 521 3079 e.
542 3026 702 3094 ἂμφίδεντα
724 3025 770 3078 vel
789 3025 1000 3094 ἀμφιδεύματα)
1023 3024 1122 3092 schol,
1142 3025 1215 3094 ἀμφὶ
1234 3023 1363 3094 δάσματα

84 3099 260 3166 Herwerden,
274 3095 435 3168 ἀμφίδεοτα
449 3097 484 3150 τὰ
499 3096 567 3164 κρέα
581 3095 641 3166 ipse
656 3096 773 3165 tentavi,
789 3095 914 3165 δείματα
928 3095 998 3149 offas
1012 3095 1215 3166 interpretatur
1223 3095 1364 3151 Luebbert

85 3171 137 3224 lud.
155 3171 215 3225 lect
234 3171 323 3224 Bonn.
345 3173 413 3224 1888
432 3187 459 3239 p.
474 3188 503 3221 xi
522 3167 625 3222 collato
643 3168 783 3236 Hesychio
802 3167 956 3222 δείὰοθαι·
976 3168 1134 3237 γεύσασθαι
1154 3199 1186 3208 -
1206 3173 1249 3222 53.
1269 3167 1364 3234 ἄπορα

85 3244 161 3312 Epa:
182 3243 295 3310 ἄπορον
313 3241 404 3296 ΑΟΙ)
423 3243 452 3294 et
470 3241 528 3294 Α1ιο
546 3240 682 3294 Athenaei
701 3272 733 3280 -—
753 3245 794 3293 54.
815 3237 991 3308 κακαγόρους
1010 3239 1097 3294 0¹D=
1116 3237 1275 3307 κακαγόρος
1291 3239 1364 3294 A0²

88 3347 112 3352 -
133 3319 174 3368 58.
195 3313 235 3368 ἄν
253 3313 409 3367 Hermann:
428 3313 481 3365 τάν
499 3311 589 3366 ACD
608 3343 640 3352 -
661 3318 703 3366 59.
723 3308 931 3378 καρτερόνωτον
950 3308 1035 3364 λίθον
1053 3310 1124 3366 coni.
1143 3310 1254 3363 Hecker
1273 3342 1305 3350 —

150 3461 194 3510 46.
221 3454 303 3510 τωῦτ’
326 3453 371 3508 ἐπὶ
394 3451 487 3524 χρέος,
507 3452 630 3507 officium
652 3453 816 3535 pincernae,
840 3470 896 3521 quo
918 3469 1034 3506 munere
1060 3469 1123 3506 eum
1143 3453 1230 3507 etiam
1248 3454 1277 3506 in
1297 3470 1364 3507 con·

87 3527 163 3580 viriis
183 3526 301 3581 Tantali
319 3525 409 3596 patris
429 3525 592 3606 fungentem
611 3525 681 3578 facit
699 3523 861 3578 Philostrat.
881 3524 985 3604 imagg.
1006 3541 1073 3592 117,
1097 3541 1269 3593 quamquam
1295 3541 1363 3578 euu-

87 3599 143 3651 dem
168 3597 296 3668 Neptuni
322 3613 438 3668 puerum
463 3596 597 3650 dilectum
621 3595 707 3650 fuisse
730 3598 814 3665 poeta
838 3614 864 3649 v.
877 3613 909 3667 ‚a
929 3595 1077 3666 significat.
1115 3595 1156 3650 De
1179 3595 1253 3650 crasi
1274 3595 1366 3650 τωύτό

88 3687 131 3736 pro
155 3671 188 3724 τὸ
213 3671 283 3724 αὐτό
306 3667 508 3723 conferente&
534 3667 566 3721 N.
582 3686 620 3720 vn
635 3685 682 3735 sos,
718 3667 824 3721 τωύτοῦ
844 3667 940 3721 091111
954 3684 979 3721 ss
999 3699 1031 3706 —-
1051 3672 1093 3721 47.
1118 3670 1214 3737 ματρί·
1240 3667 1364 3722 suaviter

87 3742 181 3795 matris
207 3740 360 3794 sollicitam
383 3755 478 3793 curam
501 3737 643 3808 significat
664 3771 696 3778 -
716 3743 757 3793 49.
777 3737 882 3802 ὕδατος
901 3783 906 3794 ,
922 3781 927 3792 .
945 3782 950 3793 .
970 3737 1078 3807 ἀκμάν,
1102 3755 1193 3806 aquae
1216 3739 1361 3807 fervorem,

88 3829 137 3880 quo
155 3829 263 3880 aequor
286 3829 395 3866 sursum
415 3811 503 3865 fertur
528 3842 561 3850 -
587 3815 628 3863 51.
654 3811 727 3879 ἀμφὶ
746 3810 869 3865 δεύτατα
891 3809 941 3878 qui
964 3808 1068 3863 collato
1091 3810 1239 3865 Homerico
1257 3809 1362 3864 ὕστατα

89 3886 132 3936 καὶ
157 3885 273 3953 κύματα
304 3891 357 3938 νῦν
390 3880 496 3937 ἐνθάδε
529 3881 710 3949 δειπνήσειαν
743 3884 771 3948 (δ
799 3884 847 3951 aas)
881 3881 1047 3949 defendunt,
1083 3898 1197 3951 operam
1228 3882 1363 3951 perdunt3

88 3971 172 4023 neque
192 3955 267 4010 enim
286 3973 336 4008 cur
354 3953 490 4008 Tantalus
509 3955 620 4022 praetor
643 3952 875 4006 consuetudinem
900 3970 1012 4007 carnem
1037 3951 1168 4006 ultimam
1191 3952 1362 4034 apposuerit,

89 4042 173 4095 neque
202 4043 250 4081 cur
277 4029 402 4080 extrema
430 4023 555 4080 carnium
583 4023 718 4078 convivae
746 4025 900 4078 comedisse
925 4025 1064 4092 ferantur,
1088 4024 1276 4094 intellegitur3
1306 4042 1363 4093 qua

90 4097 121 4150 de
148 4114 233 4152 causa
257 4099 419 4167 ἂμφίδεντα
444 4099 479 4150 τά
505 4095 573 4163 κρέα
601 4095 769 4150 emendandi
797 4096 851 4150 tibi
877 4098 976 4149 auctor
1003 4112 1077 4164 sum,
1104 4095 1150 4148 vel
1179 4095 1203 4149 si
1229 4095 1283 4148 hoe
1311 4113 1361 4148 au·

90 4169 182 4222 dacius
206 4169 260 4222 tibi
283 4168 408 4236 videtur,
432 4167 632 4237 άμφιδειίματα
655 4176 744 4236 κρεῶν
768 4167 908 4221 scribendi
936 4170 965 4220 et
993 4184 1056 4220 cum
1083 4170 1164 4236 parte
1193 4165 1362 4220 scholiorum

90 4239 174 4294 furata
201 4240 291 4294 caruis
317 4238 502 4309 intellegendi
525 4238 633 4292 iusculo
651 4237 761 4292 imbuta
784 4237 829 4308 (τὰ
848 4235 1019 4362 βεβρεγμένα
1038 4243 1075 4310 τῷ
1094 4236 1214 4307 αἵματι),
1237 4239 1270 4291 ut
1298 4237 1362 4292 cuia

90 4315 179 4365 essent
203 4311 305 4367 lateret
329 4343 360 4352 -—
386 4317 427 4365 63.
452 4308 583 4364 similiter
605 4309 752 4379 Euripides
771 4310 830 4380 Iph.
875 4326 932 4363 aur.
949 4326 987 4363 aso
1003 4327 1038 4362 ss.
1058 4308 1171 4362 fabulas
1195 4308 1361 4378 detestatur,

92 4399 159 4450 quae
179 4383 244 4438 deos
263 4383 377 4452 gulosos
397 4383 604 4449 humanamque
623 4398 734 4436 carnem
753 4382 906 4450 gestientes
920 4379 1028 4433 faciant
1048 4412 1080 4420 -
1101 4386 1142 4434 57.
1162 4378 1251 4450 μέγαν
1266 4379 1360 4452 ὄλβον·

93 4455 123 4508 cl.
143 4455 171 4508 P.
191 4473 211 4506 11
230 4472 263 4508 ro.
282 4455 434 4508 Tantalum
453 4454 539 4524 vulgo
558 4453 711 4507 credebant
734 4453 810 4523 apud
828 4453 933 4506 inferos
951 4451 1047 4521 puniri
1065 4451 1101 4505 ob
1120 4451 1244 4506 nefarias
1263 4451 1362 4522 epulas

93 4523 143 4577 diis
158 4527 311 4598 appositas,
326 4525 402 4594 quod
416 4543 480 4580 cum
493 4525 645 4578 Tantalum
659 4523 758 4578 fecisse
773 4524 911 4577 Pindarus
926 4526 1065 4591 negasset,
1082 4522 1140 4576 alia
1153 4540 1240 4576 causa
1253 4539 1361 4591 poenae

94 4595 116 4648 ei
134 4597 319 4666 excogitanda
337 4597 403 4663 fuit3
427 4597 500 4650 hanc
518 4595 605 4665 igitur
618 4595 705 4649 fuisse
721 4595 790 4649 dicit
805 4594 1018 4665 impudentiam,
1033 4612 1090 4662 qua
1104 4597 1136 4647 ut
1149 4597 1247 4648 nectar
1261 4598 1290 4647 et
1303 4613 1361 4648 am-

93 4665 210 4722 brosiam
229 4685 293 4721 cum
311 4667 456 4722 sodalibus
475 4667 693 4721 communicaret
711 4669 866 4722 commotus
885 4665 923 4719 sit
945 4697 979 4705 —-
1003 4670 1045 4720 58.
1065 4665 1170 4734 πατήρ·
1196 4669 1278 4736 pater
1296 4666 1361 4720 deo-

93 4755 158 4805 rum,
176 4739 287 4808 Jupiter
305 4771 337 4780 -
357 4745 398 4794 59.
417 4737 556 4793 Pindarus
574 4737 620 4791 hic
639 4741 669 4792 et
686 4739 706 4793 λ’,
721 4757 769 4792 vm
790 4755 822 4807 ro,
841 4738 878 4791 ab
897 4737 1018 4791 Homero
1037 4741 1051 4790 λ
1070 4753 1109 4793 ssa
1126 4738 1268 4805 recedens,
1287 4737 1360 4791 Tan-

94 4809 180 4863 talum
202 4809 296 4880 puuiri
318 4810 387 4865 dicit
410 4827 478 4865 saxo
502 4827 584 4878 super
606 4812 692 4879 caput
714 4809 773 4863 eius
800 4826 948 4879 suspenso,
976 4808 1056 4871 cuius
1080 4808 1235 4880 periculum
1257 4809 1362 4864 frustra
