3417 5434
635 361 767 412 PYTlllA
786 361 818 411 V.

303 523 454 589 δέκονται
476 526 651 589 θυσίαισιν
675 523 800 608 ἄνδρας

347 629 516 715 οίχίοντάς
538 648 599 715 σφι
623 631 823 715 δωροφόροι.

302 741 381 815 τοὺς
403 735 482 822 <δ>
503 735 727 822 Ἀριστοτέλης
749 737 866 820 ἄγαγε,
889 735 988 801 ναυσὶ
1010 743 1109 812 θοαῖς

303 844 381 921 ἁλὸς
403 847 546 929 βαθεῖαν
568 841 731 909 κέλευθον
754 841 909 924 άνοίγων.

301 955 412 1016 κτίσεν
436 949 470 1016 δ’
495 952 596 1016 άλσεα
619 952 750 1035 μείζονα
772 957 879 1034 θεῶν,
1156 965 1207 1014 120

251 1077 283 1124 90
302 1059 519 1148 εὐθύτομόνς
537 1081 572 1123 τε
595 1056 777 1140 κατέθηκεν
797 1055 1049 1133 Ἀπολλωνίαις

301 1165 547 1251 ἀλεξιμβρότοις
568 1165 710 1230 πεδιάδα
732 1175 876 1248 πομπαῖς

302 1276 402 1357 ἔμμεν
426 1274 626 1358 ἱππόκροτον

304 1379 478 1466 σκυρωτὰν
501 1377 597 1461 ὁδόν,
620 1381 706 1444 ἔνθα
728 1399 832 1463 πρυμ-

346 1498 418 1563 νοῖς
441 1484 564 1571 ἀγορᾶς
587 1488 639 1550 ἔπι
663 1485 740 1570 δίχα
761 1496 865 1549 κεῖται
888 1485 1014 1550 θανών.
1156 1501 1206 1549 125

301 1665 408 1751 μάκαρ
432 1661 492 1750 μὶν
515 1664 650 1750 ἀνδρῶν
672 1662 753 1748 μέτα
983 1667 1064 1750 Στρ.
1089 1661 1131 1727 δ’.

251 1789 284 1836 95
304 1775 427 1854 ἔναιεν,
449 1773 539 1858 ἥρως
561 1770 593 1835 δ’
619 1774 729 1836 ἔπειτα
753 1772 921 1854 λαοσεβής.

304 1880 425 1964 ἄτερθε
448 1874 485 1942 δὲ
507 1879 572 1963 πρὸ
596 1877 757 1963 δωμάτων

346 1983 450 2068 ἕτεροι
474 1986 629 2068 λαχόντες
650 1983 750 2049 άίδαν

304 2090 453 2176 βασιλέες
476 2089 558 2178 ίερολ

303 2200 386 2265 ἐντί·
408 2199 554 2284 μεγάλαν
577 2197 609 2264 δ’
634 2198 756 2283 άρετάν

303 2309 412 2395 δρόσῳ
436 2312 592 2392 μαλθακᾷ

234 2432 286 2480 ιοο
305 2416 490 2498 ῥανθεῖσαν
511 2413 627 2497 ὕμνων
649 2412 716 2478 ὑπὸ
739 2414 898 2497 χεύμασιν

303 2521 463 2587 ἀκούοντί
482 2543 548 2586 πον
571 2523 693 2606 χθονίᾳ
717 2524 830 2606 φρενί,
1157 2537 1208 2584 135

163 2685 203 2734 87.
229 2680 295 2742 τοὺς
320 2677 348 2732 δ’
367 2677 416 2746 Ἀρ.
437 2677 548 2748 scripsi:
567 2678 632 2741 τοὺς
648 2675 697 2746 Ἄρ.
718 2677 797 2731 codd.
818 2709 851 2716 -
872 2681 914 2732 88.
940 2675 1061 2750 βαθείας
1084 2694 1116 2732 ex
1142 2677 1254 2732 scholiis
1274 2677 1366 2746 Bergk

102 2785 128 2791 -
147 2759 187 2807 90.
214 2751 371 2806 εόθότονον
391 2766 424 2803 ex
443 2749 557 2803 scholiis
584 2748 711 2814 Schmid;
738 2750 775 2801 at.
795 2749 829 2802 cf.
849 2749 869 2802 Ι.
889 2768 917 2801 vr
936 2767 962 2803 ar
981 2782 1015 2789 —
1035 2754 1076 2804 98,
1104 2749 1227 2819 μεγάλαν
1253 2747 1281 2802 δ’
1304 2751 1366 2817 ἀρε-

99 2833 145 2876 τᾶν
163 2867 168 2878 .
188 2867 194 2878 .
215 2868 220 2878 .
241 2820 399 2893 ρανθεισᾶν
422 2822 449 2874 Β
469 2821 498 2875 D
516 2822 559 2886 E,
588 2823 617 2873 et
635 2819 780 2891 genetivos
800 2825 829 2873 et
847 2820 1023 2874 accusativos
1047 2824 1205 2890 agnoscunt
1228 2820 1314 2874 schol.
1335 2853 1367 2860 —

102 2904 152 2949 toll,
177 2893 271 2962 ὕμνων
299 2909 332 2948 ex
361 2892 476 2946 scholiis
505 2891 591 2946 Beclrz
623 2893 723 2961 κώμων
750 2889 783 2944 θ’
814 2893 934 2957 BDE,
961 2891 994 2946 θ’
1025 2911 1077 2946 orn.
1108 2893 1173 2946 XZ
1198 2892 1304 2946 Mosoh.
1334 2925 1368 2931 -

103 2973 154 3021 101.
179 2983 287 3020 πονοι
306 2963 421 3019 scholiis
439 2963 594 3019 Hermann:
613 2983 663 3017 ποι
681 2963 774 3032 codd,
793 2983 836 3016 τοι
854 2963 968 3017 Βοοολάι
987 2996 1021 3003 -

102 3108 295 3162 nominativum
310 3103 466 3177 ολχνέοττες
485 3105 644 3160 ‘adeuntes’
665 3103 783 3159 retinuit
799 3137 830 3144 —
846 3110 889 3160 87.
909 3107 974 3169 τοὺς
988 3105 1016 3158 δ’
1031 3104 1224 3176 Ἀριστοτέλης·
1241 3111 1273 3174 Δ,
1293 3107 1367 3175 quod

102 3179 175 3233 facile
188 3183 254 3234 ante
265 3184 286 3233 A
297 3176 464 3231 intercidere
478 3177 579 3245 potuit,
590 3177 750 3230 addendum
765 3177 870 3246 censui,
880 3180 912 3230 ut
926 3177 1073 3247 expositio,
1084 3195 1132 3232 cur
1142 3177 1267 3246 Cyrenas
1281 3179 1368 3247 ἀγακ-

101 3250 187 3320 τιμέια
201 3252 280 3313 πόλις
295 3249 407 3303 dicatur
420 3253 456 3317 (v.
467 3252 511 3315 er),
526 3248 619 3302 verbis
635 3247 726 3317 ἔχοντι
741 3247 986 3318 ...Ἀντανορίδαι
1000 3249 1142 3316 inchoata,
1157 3251 1214 3303 iam
1229 3249 1320 3302 altera
1335 3267 1369 3302 ex

103 3327 170 3391 parts
180 3322 358 3377 continuetur
367 3322 396 3373 et
404 3319 566 3388 perficiatur
577 3351 609 3359 -
619 3324 661 3373 89.
673 3317 793 3389 μείζονα,
804 3337 890 3388 quam
900 3337 972 3388 quse
982 3321 1172 3375 Antenoridae
1183 3319 1369 3374 condiderant

104 3427 130 3432 -
144 3401 182 3448 90.
198 3393 369 3461 εόθότομον·
384 3391 433 3445 via
446 3390 545 3461 pavita
560 3388 717 3459 (σκορατά),
732 3407 804 3459 quae
817 3391 931 3460 proprio
945 3392 1057 3446 nomine
1074 3391 1209 3460 Σκυρωτὰ
1225 3391 1367 3446 audivisse

103 3465 128 3517 in
139 3465 249 3520 scholiis
263 3463 368 3518 dicitur
381 3465 411 3516 et
425 3463 512 3515 ctiam
525 3479 600 3515 nunc
614 3461 830 3516 admirationem
839 3462 1080 3534 peregrinantium
1091 3467 1193 3530 movet,
1204 3479 1294 3532 aequo
1309 3463 1368 3516 iure

105 3535 194 3590 dicitur
208 3555 223 3590 e
237 3551 305 3590 saxo
320 3534 414 3588 excisa
427 3534 605 3604 (εόθότομος)
621 3536 649 3587 et
667 3537 744 3587 recta
761 3535 945 3604 (εόθότονοςη
966 3553 1028 3590 eam
1048 3553 1109 3588 oum
1129 3536 1230 3589 Battus
1270 3536 1367 3604 cuspis,

105 3609 192 3674 quibus
211 3606 351 3677 Apollinis
370 3622 452 3675 opem
471 3608 569 3658 contra
586 3605 697 3659 morbos
716 3605 865 3673 pestiferos
887 3606 1077 3676 implorarent,
1097 3607 1227 3660 idoneam
1246 3553 1368 3673 δατ-ἰαστί,

106 3685 153 3732 tum
174 3678 308 3748 temporis
326 3676 476 3730 choreutae
495 3676 547 3730 hoc
567 3693 678 3730 carmen
698 3680 830 3730 canentes
849 3677 1025 3733 incedebant.
1047 3677 1137 3732 Simili
1160 3678 1244 3731 modo
1263 3677 1369 3730 Romae

105 3751 215 3804 nmina
229 3749 376 3816 salutaria,
386 3765 459 3816 quae
469 3748 661 3817 pestilentiam
676 3751 843 3816 averterent,
854 3753 986 3802 canentes
1001 3749 1062 3803 vias
1077 3749 1154 3802 urbis
1168 3749 1368 3819 peragrabant,

105 3839 149 3888 quo
166 3823 199 3875 de
216 3836 295 3875 more
314 3820 373 3873 dixi
397 3819 472 3876 stab.
488 3819 514 3872 d.
534 3819 561 3872 b.
577 3819 628 3872 Ak.
646 3824 714 3873 1893
732 3838 759 3888 p.
776 3825 826 3872 143
846 3853 880 3859 -
901 3827 942 3875 93.
969 3829 1105 3890 πρυμνοῖς
1128 3821 1233 3889 ἀγορᾶς
1257 3819 1314 3872 ἔπι·
1340 3820 1368 3872 in

106 3897 214 3947 extrema
231 3894 314 3962 parte
332 3890 395 3960 fori,
415 3908 470 3959 quo
489 3889 661 3960 Apollinaris
681 3889 732 3943 illa
749 3891 797 3944 via
823 3891 958 3956 ducebat,
982 3893 1058 3946 Batti
1083 3891 1185 3946 veteris
1210 3890 1368 3960 sepulcrum

107 3969 162 4030 erat,
179 3982 196 4018 a
215 3961 328 4017 Catullo
347 3979 368 4031 τ,
387 3979 399 4016 s
418 3964 678 4028 commemoratum
704 3963 796 4015 forum
821 3963 897 4016 enim
920 3964 1006 4018 etiam
1030 3963 1155 4032 Mycenis
1182 3965 1210 4016 et
1237 3962 1368 4031 Megarae

106 4039 128 4087 st
147 4035 262 4104 Sicyone
287 4033 455 4088 venerandis
481 4033 616 4102 sepulcris
642 4036 671 4086 et
697 4034 885 4088 monumentis
916 4035 1092 4089 conditorum
1123 4037 1259 4104 (κτιστῶν)
1290 4033 1368 4086 urbis

107 4106 262 4160 destinatum
285 4105 353 4171 suin
379 4104 414 4159 cs.
433 4103 626 4174 Schliemann,
652 4104 790 4173 Mykenae
812 4125 839 4175 p.
860 4123 898 4161 in
920 4139 956 4146 -
977 4106 1123 4178 λαοσεβής,
1150 4123 1212 4158 cum
1236 4105 1296 4158 vita
1320 4106 1366 4159 de-

107 4179 231 4246 cessisset,
255 4180 402 4245 tamquam
421 4176 502 4230 heros
522 4193 540 4229 a
557 4176 661 4246 populo
680 4176 726 4246 pie
745 4176 837 4230 cultus
857 4180 900 4232 est
920 4209 951 4218 -
972 4183 1013 4233 96.
1037 4177 1092 4245 πρὸ
1112 4176 1247 4246 δωμάτων
1267 4175 1367 4244 ἕτεροι·

109 4250 192 4304 ceteris
209 4247 325 4320 regibus
345 4248 497 4317 separatim
517 4265 534 4300 a
552 4248 697 4302 conditore
716 4247 793 4300 urbis
812 4266 863 4318 pro
883 4265 934 4302 sua
952 4249 1052 4317 cuique
1077 4249 1172 4316 domo,
1196 4249 1226 4301 in
1249 4250 1368 4316 utroque

109 4319 181 4376 latere
197 4321 262 4375 riae
280 4318 421 4390 pompalis
440 4319 568 4389 sepulcra
593 4321 735 4373 exstructa
761 4324 854 4386 erant,
881 4319 927 4374 vix
953 4319 1026 4373 enim
1052 4319 1107 4388 πρὸ
1133 4318 1267 4389 δωμάτων
1293 4319 1368 4372 idem

108 4395 177 4462 utque
192 4392 248 4462 πρὸ
265 4395 374 4458 πολῶν,
398 4393 431 4444 ut
453 4390 623 4445 scholiastae
646 4391 826 4460 interpretari
844 4391 1017 4459 maluerunt,
1044 4391 1202 4461 significare
1221 4393 1316 4462 potest
1334 4423 1368 4430 -

110 4469 140 4517 tt.
153 4464 268 4532 ἀρετὰν.
281 4508 286 4517 .
299 4506 304 4517 .
316 4462 445 4533 χεύμασι·
463 4461 576 4515 virtutis
590 4461 703 4515 laudem
717 4467 812 4516 tenero
827 4479 888 4516 rore
903 4462 1009 4516 tinctae
1024 4463 1076 4515 sub
1091 4462 1274 4516 libaminibus
1288 4462 1367 4531 hym-

109 4551 206 4601 norum;
240 4535 275 4589 ct.
300 4535 333 4590 Ο,
356 4553 406 4587 vm
428 4550 440 4588 o
464 4533 743 4588 -101.ἀκοόοντι·
768 4534 868 4587 Battus
894 4533 1022 4588 conditor
1040 4533 1117 4586 urbis
1137 4537 1166 4588 et
1184 4534 1269 4588 ceteri
1288 4551 1368 4605 roges

111 4609 245 4661 nortui-
266 4602 371 4679 χθονίᾳ
390 4603 486 4674 φρενί,
511 4604 714 4696 periphrastice
736 4623 787 4674 pro
807 4607 837 4659 ἐν
855 4604 953 4676 χθονί,
979 4608 1013 4658 ut
1030 4604 1081 4660 νέα
1099 4608 1209 4679 κεφαλᾷ
1235 4605 1263 4660 P.
1284 4623 1311 4658 τι
1330 4621 1368 4669 τις

111 4683 169 4733 recte
185 4677 284 4732 schol:
328 4673 415 4750 θονίμ
438 4675 469 4729 dl
493 4695 576 4744 φρενι
599 4694 681 4746 φησι,
707 4675 833 4744 παρόσον
850 4677 1007 4745 τεθνήκασι
1025 4659 1072 4730 καί
1094 4676 1123 4730 ἐν
1140 4685 1174 4746 τῇ
1195 4685 1228 4746 γη
1249 4685 1367 4732 κεῖνται.

113 4749 230 4804 inmerito
253 4697 337 4802 sebi.
355 4748 449 4801 Journ.
469 4747 501 4801 oi
520 4747 592 4802 Hell.
613 4747 686 4801 stud.
705 4766 736 4799 111
761 4755 853 4818 (1882)
879 4765 916 4804 rsa
940 4751 1046 4802 eertum
1070 4749 1211 4816 quandam
1237 4753 1368 4802 naturam

114 4821 248 4875 animarum
268 4819 298 4872 in
319 4818 389 4873 Orco
409 4818 569 4888 degentium
590 4819 633 4873 his
652 4819 744 4873 verbis
764 4820 915 4890 significari
935 4820 1047 4890 putarit
1066 4852 1099 4860 -

1106 4907 1157 4962 ιν*
