3417 5434
619 1027 823 1082 οΛΤΜΠ.Δ.

314 1187 613 1270 ΨΑΥΜΙΔΙ
653 1190 1133 1275 ΚΑΜΑΡΙΝΑΙΩι

641 1384 794 1436 AHHNHa

205 3781 225 3814 .
592 3737 835 3819 Argumentum.

169 3865 313 3946 Pssumis,
336 3867 422 3927 cuius
450 3866 550 3928 studia
573 3867 691 3926 omolie
713 3867 831 3926 duobus
858 3865 1041 3925 carminibus
1065 3863 1150 3926 O.1v
1174 3869 1205 3924 et
1227 3884 1247 3924 v
1269 3884 1354 3941 prae-

97 3949 228 4033 dicantur,
255 3957 326 4016 civis
353 3957 437 4016 urbis
462 3955 637 4016 Camarinee
665 3955 736 4035 fuit,
765 3975 842 4033 quae
871 3975 940 4015 cum
963 3973 981 4012 a
1004 3955 1117 4014 Gelono
1141 3973 1244 4013 eversa
1267 3958 1356 4032 esset,

99 4041 219 4103 allelois
242 4043 286 4104 01.
302 4049 351 4124 79,
372 4050 391 4104 4
413 4045 555 4105 restituta
578 4049 632 4123 esi,
655 4047 733 4104 unde
756 4041 871 4116 νέοικος
895 4063 930 4103 ea
954 4043 1041 4101 audit
1065 4041 1098 4103 O.
1113 4062 1133 4100 r
1148 4053 1178 4121 ⁸3
1201 4045 1238 4103 cf.
1260 4043 1353 4102 Thac.

99 4145 122 4183 vr
137 4141 161 4207 o,
181 4132 284 4194 Herod.
305 4153 349 4194 vn
369 4147 433 4212 166,
463 4135 550 4194 Diod.
569 4153 602 4192 xr
622 4145 668 4212 76,
696 4135 786 4194 schol.
810 4135 849 4192 ad
877 4131 912 4193 0.
936 4152 955 4191 v
979 4144 1022 4191 16.
1068 4133 1148 4192 Eum
1176 4130 1354 4208 Olympiade

101 4217 132 4272 82
145 4245 181 4266 =
196 4225 255 4282 452
271 4244 296 4284 a.
311 4224 378 4285 Chr.
397 4223 554 4284 victoriam
578 4222 767 4300 olympicam
789 4225 957 4300 reportasse
977 4221 1158 4280 scholiorum
1181 4221 1354 4281 testimonio

99 4304 128 4362 ad
152 4307 234 4371 O.1v
255 4313 338 4374 inscr.
363 4315 493 4391 constat,
522 4332 582 4388 quo
615 4332 684 4372 cum
711 4311 884 4372 testimonio
912 4310 1059 4369 scholium
1086 4310 1125 4368 ad
1153 4307 1187 4370 0.
1206 4321 1262 4369 v6
1286 4329 1355 4370 ocn-

100 4391 161 4454 lerre
187 4399 275 4461 iurat.
320 4402 378 4462 Sed
411 4422 470 4479 quo
503 4401 701 4461 ceriaminum
732 4422 839 4480 genere
872 4401 932 4460 ista
963 4399 1091 4457 victoria
1122 4401 1276 4475 reportata
1305 4400 1354 4477 sit,

101 4482 182 4545 minos
210 4492 393 4566 exploratum
425 4494 478 4552 eat.
532 4491 654 4550 Etenim
686 4489 720 4552 Ο.
740 4510 759 4550 v
783 4503 798 4549 3
831 4483 884 4572 (cf.
917 4486 951 4548 Ο.
981 4506 1014 4546 rv
1039 4479 1086 4568 12)
1118 4487 1211 4547 rheda
1242 4489 1354 4546 molari

101 4567 218 4635 Pssumis
238 4580 338 4640 vicisse
362 4579 498 4640 disertim
520 4579 643 4657 ‹licitur3
672 4580 751 4640 idem
781 4583 883 4638 lamen
907 4575 942 4637 Ο.
964 4594 985 4636 v
1010 4587 1024 4635 7
1048 4576 1134 4653 equis
1156 4580 1188 4636 ei
1208 4577 1300 4635 mulis
1323 4582 1355 4636 et

104 4675 163 4734 equo
184 4665 337 4729 desultorio
356 4673 484 4729 certasse
502 4671 608 4746 fertur,
626 4670 705 4728 unde
723 4671 839 4729 veteres
858 4665 1046 4743 scholiastae,
1069 4685 1139 4724 cum
1157 4685 1226 4725 eum
1245 4664 1291 4727 01.
1312 4669 1354 4726 82

105 4749 172 4824 eque
194 4755 293 4818 vicisse
319 4757 506 4840 sumsisseni,
534 4758 681 4819 vocabulo
710 4757 811 4831 ἵπποις
839 4755 874 4818 Ο.
893 4767 947 4816 vr
974 4755 1070 4833 primo
1098 4755 1164 4816 loco
1192 4754 1293 4833 posito
1322 4756 1354 4816 in
