3417 5434
459 291 492 341 II.
518 290 569 340 DE
588 289 681 341 aaut:
699 289 860 341 Marmor
877 289 1034 341 PINDARI.
1273 287 1388 342 XXXIII

187 584 461 627 Lw.w.-.³.
533 617 550 625 -
623 617 640 624 -

234 707 253 734 υ
326 689 765 735 -.·.υ..-ὲυυ.ω....

443 716 1230 859 --2a.a--2u--2t.(osxno'),

98 919 214 962 eorum
239 896 312 963 cola
333 897 370 962 in
392 901 486 963 textu
512 897 683 982 separandi
711 902 744 962 et
771 897 910 984 singulis
937 897 1086 962 versibus
1113 897 1300 963 includendi
1328 897 1391 962 tibi

99 1009 217 1070 auctor
242 1027 324 1088 sum,
347 1005 489 1090 primum
513 1027 553 1070 ne
577 1005 710 1091 cognati
732 1027 844 1071 versus
870 1005 1031 1090 scriptura
1047 1004 1135 1068 iusto
1155 1005 1262 1090 magis
1281 1005 1393 1070 discri-

101 1111 278 1195 minentur,
303 1112 418 1178 deinde
442 1111 529 1197 quod
552 1111 635 1176 tales
658 1135 771 1178 versus
789 1118 888 1198 poeta
905 1113 1095 1197 plerumque
1114 1113 1161 1176 ita
1179 1111 1214 1176 in
1231 1112 1392 1177 unitatem

101 1219 317 1304 constrinxit,
338 1222 377 1283 ut
399 1241 529 1284 versum
552 1241 686 1285 caesura
706 1241 774 1285 non
797 1220 831 1284 in
853 1220 918 1284 fine
942 1219 1127 1304 rhythmico
1150 1219 1249 1303 primi
1272 1219 1322 1283 vel
1347 1241 1394 1284 se

102 1327 199 1390 cundi
225 1325 289 1390 coli
311 1325 479 1410 incideret,
503 1326 558 1392 sed
581 1327 691 1411 potius
713 1327 812 1411 paulo
837 1332 912 1392 ante
937 1326 987 1390 vel
1009 1326 1108 1411 paulo
1131 1331 1208 1411 post
1225 1326 1333 1410 finem,
1356 1331 1394 1390 ut

183 1451 278 1527 ῖλαος
301 1450 482 1517 ἀθανάτων
506 1451 641 1537 ἀνδρῶν
664 1475 698 1517 τε
721 1454 786 1516 σὺν
810 1451 961 1539 εὐμενείᾳ
984 1448 1034 1538 (Ρ.
1053 1469 1103 1515 xn
1122 1448 1172 1538 4),

184 1579 267 1640 αἰτῶ
291 1591 341 1662 σε,
365 1576 540 1662 φιλάγλαε,
564 1580 722 1642 καλλίστα
743 1579 886 1661 βροτεᾶν
908 1579 1036 1644 πολίων
1059 1573 1108 1662 (P.
1127 1594 1178 1639 XII
1199 1574 1247 1664 1),

184 1701 291 1766 αὐτόν
314 1700 351 1766 τέ
371 1725 427 1767 νιν
446 1699 587 1767 Ἑλλάδα
610 1702 791 1768 νικάσαντα
814 1699 928 1788 τέχνᾳ,
950 1700 1013 1765 τάν
1034 1723 1113 1766 ποτε
1137 1697 1185 1787 (P.
1205 1719 1255 1764 ΧΠ
1275 1698 1320 1788 6).

104 1825 193 1901 Quae
210 1848 285 1891 cum
298 1825 347 1891 ita
361 1826 436 1910 sint,
455 1848 567 1892 omues
587 1849 698 1893 versus
718 1826 1073 1912 dactylico-epitriticos
1093 1826 1231 1912 singulis
1245 1827 1392 1892 versibus

104 1931 261 2019 (στίχοις)
290 1932 535 2018 perscribendos
568 1934 765 2017 curavimus,
797 1933 863 1998 nisi
895 1933 923 1998 si
956 1955 1038 2018 quos
1065 1933 1265 2018 procatalexi
1295 1939 1394 2018 poeta

102 2041 173 2124 ipse
198 2039 234 2103 in
257 2040 321 2104 duo
345 2040 417 2105 cola
440 2039 628 2105 dividendos
653 2063 722 2106 esse
745 2041 912 2126 iudicavit,
934 2045 972 2104 ut
994 2039 1029 2105 P.
1048 2043 1101 2105 12

383 2190 630 2216 .........
704 2189 1116 2218 -ο--,ω.»ο---

144 2255 308 2320 σύνδικον
330 2259 468 2319 Μοισᾶν
490 2253 628 2321 κτέανον
691 2265 750 2334 τᾶς
772 2256 885 2322 ἀκούει
908 2251 969 2340 μὲν
991 2255 1089 2338 βάσις
1111 2254 1250 2339 ἀγλαΐας
1272 2255 1365 2341 ἀρχά.

101 2379 198 2444 Hanc
227 2385 338 2443 autem
365 2378 470 2463 legem
498 2401 536 2444 eo
564 2380 668 2466 magis
700 2380 781 2446 mihi
814 2381 1048 2444 observandam
1081 2401 1151 2444 esse
1184 2380 1274 2464 duxi,
1307 2383 1393 2465 quod

102 2485 205 2551 etiam
228 2491 356 2550 veteres
379 2485 520 2570 metrici,
548 2489 696 2572 quamvis
720 2487 872 2571 strophas
894 2487 930 2550 in
954 2487 1037 2569 cola,
1065 2507 1132 2550 non
1154 2486 1189 2551 in
1212 2509 1323 2552 versus
1348 2489 1393 2552 di·

102 2593 213 2658 videre
241 2593 306 2658 sibi
333 2593 594 2678 proposuissent,
627 2598 737 2659 tamen
763 2593 799 2656 in
828 2593 891 2658 hoc
924 2614 1041 2679 genere
1074 2594 1254 2658 carminum
1286 2616 1394 2678 saepe-

101 2723 241 2765 numero
271 2701 430 2788 genuinus
458 2722 569 2765 versus
596 2701 739 2766 intactos
768 2700 983 2785 reliquerunt,
1016 2700 1100 2765 unde
1131 2701 1261 2787 accidit,
1293 2707 1331 2766 ut
1358 2703 1393 2766 iu

101 2807 272 2871 nonnullis
296 2807 505 2890 carminibus,
527 2812 565 2871 ut
583 2808 619 2873 0.
638 2825 682 2872 x1.
707 2809 782 2886 I.-v‚
806 2807 1015 2872 Boeckhiana
1034 2807 1222 2873 distributio
1241 2832 1393 2875 versuum

102 2935 179 2978 eum
194 2914 316 2978 tradita
330 2914 519 2979 colometria
534 2920 678 2980 veterum
694 2915 904 2980 metricorum
918 2914 986 2980 lere
1000 2916 1182 2980 concordet.
1204 2915 1393 2983 -Distinctos

102 3021 208 3107 igitur
230 3021 333 3086 habes
361 3021 396 3085 in
424 3021 484 3087 hae
512 3021 653 3086 editione
681 3023 722 3085 ab
751 3021 893 3108 eleganti
919 3021 1102 3107 gracilitate
1130 3022 1393 3108 logaoedicorum

102 3151 258 3193 versuum
287 3129 425 3214 grandes
453 3151 565 3193 versus
595 3129 945 3214 dactylo-epitriticos,
971 3133 1008 3193 ut
1029 3128 1103 3214 ipsa
1130 3131 1236 3214 speeie
1260 3137 1395 3197 externa

105 3235 304 3320 grauitatem
328 3239 361 3300 et
385 3235 578 3320 dignitatem
602 3258 678 3320 prae
703 3259 737 3301 se
761 3237 875 3301 ferant.

195 3340 344 3406 Similem
362 3341 523 3406 rationem
542 3365 612 3407 esse
630 3341 794 3407 voluimus
812 3365 965 3407 versuum
984 3344 1224 3428 paeonicorum,
1243 3346 1299 3429 qui
1318 3369 1392 3411 cum

102 3471 170 3513 nou
194 3471 234 3512 ex
258 3449 357 3513 variis
385 3447 520 3533 pedibus
549 3454 710 3533 constare,
742 3452 797 3514 sed
825 3450 938 3514 eodem
965 3470 1174 3515 numerorum
1201 3475 1318 3538 genere
1342 3455 1393 3518 de-

105 3577 235 3620 currere
259 3554 402 3637 soleaut,
430 3577 527 3641 aegre
548 3557 585 3620 in
608 3557 679 3622 cola
702 3561 850 3642 partesve
874 3555 1085 3621 dissecantur.
1131 3556 1282 3642 Plerique
1306 3561 1392 3625 enim

104 3683 218 3727 eorum
243 3684 378 3748 prorsus
400 3661 529 3726 indiciis
554 3668 676 3747 carent,
703 3664 787 3728 unde
814 3664 923 3748 plures
947 3685 1060 3728 eorum
1085 3666 1184 3750 pedes
1206 3664 1240 3729 in
1265 3666 1394 3751 ringula

105 3769 177 3833 cola
200 3770 520 3854 comprehendendus
544 3791 613 3834 csse
638 3771 781 3858 colligas.
824 3770 924 3835 Velut
945 3771 980 3834 in
1003 3793 1099 3836 versu
1122 3771 1242 3837 O.112

481 3901 1018 3928 owaoduuusuwru-

104 4005 208 4068 neque
233 4005 368 4048 caesura
389 3982 539 4068 legitima
560 3990 636 4070 post
659 3985 797 4049 alterum
820 3986 935 4070 pedem
958 4007 1070 4049 versus
1093 3986 1260 4070 inciditur,
1287 4009 1391 4072 neque

105 4113 143 4155 ca
171 4091 279 4155 forma
312 4091 445 4156 alterius
477 4091 568 4175 pedis
599 4098 662 4175 est,
696 4097 733 4156 ut
761 4113 875 4158 cursus
906 4091 1053 4176 rhythmi
1081 4093 1262 4158 retardetur
1294 4099 1392 4179 atque

105 4199 244 4263 sedetur.
286 4196 358 4273 Qua
380 4197 419 4261 de
443 4219 542 4263 causa
563 4221 667 4284 neque
688 4199 775 4265 hunc
798 4220 902 4283 neque
930 4203 1053 4263 ceteros
1080 4221 1190 4263 versus
1217 4201 1391 4284 paeonicos

105 4306 286 4370 carminum
315 4303 352 4368 Ο.
371 4322 397 4367 11
425 4309 458 4368 et
485 4304 519 4368 P.
539 4323 562 4368 v
594 4304 734 4388 primurn
762 4306 796 4370 in
824 4306 897 4370 cola
928 4309 961 4370 et
991 4306 1104 4370 deinde
1131 4306 1166 4370 in
1192 4307 1304 4393 pedes,
1335 4309 1391 4373 scd

104 4411 191 4478 illico
215 4412 251 4476 in
275 4410 424 4495 dipodias
448 4411 515 4476 sive
537 4411 635 4496 pedes
653 4413 827 4497 paeonicos
847 4411 1035 4478 diuidendos
1055 4414 1247 4479 curavimus.
1285 4415 1392 4492 Quid?

105 4521 189 4602 quod
212 4519 312 4584 huius
335 4523 472 4583 naturae
496 4519 646 4583 ordinum
668 4519 899 4603 paeonicorum
923 4521 1098 4606 vestigium
1121 4522 1221 4586 etiam
1246 4525 1281 4587 in
1302 4546 1393 4608 prae·

104 4627 204 4712 ceptis
238 4630 390 4691 veterum
426 4625 686 4710 rhythmicorum
722 4626 823 4691 latere
857 4627 992 4691 videtur.
1042 4625 1191 4712 Namque
1224 4631 1310 4714 quod
1341 4631 1391 4695 illi

103 4734 278 4820 paeonicos
308 4731 437 4798 ordines
464 4755 566 4818 usque
594 4733 634 4800 ad
662 4732 780 4820 viginti
812 4733 954 4820 quinque
986 4741 1135 4820 tempora
1166 4736 1216 4800 vel
1249 4737 1390 4823 quinque
1437 4744 1454 4769 r
1467 4739 1477 4752 “

154 4851 285 4892 marrus
301 4849 336 4890 sd.
351 4846 455 4892 christ.
1163 4857 1178 4896 ὓ
