3417 5434
328 333 370 396 ης
799 335 948 384 Pinnem
966 335 1133 386 ammom.

418 494 503 581 ἀμφὶ
526 498 658 580 κόμαισι
683 495 767 580 βάλῃ
791 499 1000 583 γλαυκόχροα
1022 499 1147 580 κόσμον
1170 494 1296 572 ἐλαίας·
1320 495 1382 560 τάν
1404 513 1490 561 ποτε

407 603 541 689 Ἴστρου
564 602 627 668 άπὸ
651 612 793 686 σκιαρᾶν
815 613 926 685 παγᾶν
949 606 1074 668 ἔνεικεν
1093 601 1426 688 Ἀμφιτρυωνιάδας,
1583 621 1613 666 ro

328 726 361 774 15
416 718 527 794 μνᾶμα
550 721 617 775 τῶν
641 709 819 797 Οὐλυμπίᾳ
841 710 1019 775 κάλλιστον
1042 708 1190 795 άξθλων,

1370 803 1449 884 Στρ.
1476 797 1525 882 β’.
1581 816 1613 860 3⁴·

417 906 523 990 δᾶμον
542 903 771 991 Ὑπερβορέων
793 909 923 982 πείσαις
941 905 1149 982 ’Λπόλλωνος
1171 906 1363 991 θεράποντα
1387 909 1491 994 λόγῳ·

416 1013 517 1077 πιστὰ
540 1011 694 1096 φρονέων
716 1013 801 1089 Διὸς
823 1018 907 1078 αίτει
929 1014 1085 1100 πανδόκῳ

416 1121 507 1184 ἄλσει
535 1123 673 1204 σκιαρόν
701 1143 735 1184 τε
763 1119 917 1204 φύτευμα
945 1119 1046 1198 ξυνὸν
1074 1118 1268 1204 ἀνθρώποις
1295 1122 1463 1204 στεφανόν
1489 1118 1521 1183 τ’

967 1226 1095 1312 ἀρετᾶν.

415 1335 479 1416 ἤδη
512 1334 575 1420 γάρ
609 1333 698 1421 αὐτῷ
731 1331 830 1419 πατρὶ
861 1331 921 1418 μὲν
951 1337 1073 1419 βωμῶν
1105 1332 1314 1416 ἁγισθέντων
1346 1335 1525 1418 διχόμηνις

967 1440 1047 1506 ὅλον
1069 1441 1299 1527 χρυσάρματος
1578 1457 1609 1502 35

416 1545 554 1632 ἑσπέρας
576 1549 754 1634 ὀφθαλμὸν
778 1546 953 1632 ἀντέφλεξε
977 1549 1091 1631 Μήνα·

1362 1635 1448 1702 Ἀντ.
1470 1635 1520 1720 β’.

415 1742 470 1808 καὶ
492 1744 645 1829 μεγάλων
668 1743 801 1809 άέθλων
820 1743 926 1825 ἁγνὰν
949 1746 1061 1829 κρίσιν
1083 1741 1138 1808 καί
1161 1741 1387 1828 πενταετηρίδ’
1414 1743 1483 1828 ἁμᾶ

413 1857 497 1932 θῆκε
522 1850 652 1929 ζαθέοις
675 1849 727 1916 ἐπὶ
751 1863 910 1938 κρημνοῖς
930 1847 1083 1935 Ἀλφεοῦ·
1480 1924 1482 1926 v

413 1956 483 2022 ἀλλ’
511 1958 551 2024 οὐ
579 1959 662 2022 καλά
691 1957 819 2043 δένδρε’
845 1960 987 2022 ἔθαλλεν
1015 1967 1121 2041 χῶρος
1144 1956 1181 2022 ἐν
1203 1956 1342 2041 βάσσαις
1365 1959 1519 2040 Κρονίου
1573 1974 1605 2020 ro

964 2061 1123 2140 Πέλοπος.

414 2172 542 2236 τούτων
556 2171 667 2250 ἔδοξεν
682 2173 807 2257 γυμνὸς
821 2171 911 2259 αὐτῷ
925 2179 1028 2244 κᾶπος
1042 2169 1162 2250 ὀξείαις
1175 2170 1384 2255 ὑπακουέμεν
1398 2171 1519 2254 αὐγαῖς

966 2273 1089 2366 delebo.

326 2403 360 2450 νο
417 2387 457 2470 δὴ
482 2383 551 2450 τότ’
577 2385 609 2462 ἐς
633 2398 732 2468 γαῖαν
754 2390 895 2472 πόρευεν
918 2389 1028 2471 θυμὸς
1050 2385 1137 2472 ὁρμᾷ
1572 2402 1603 2446 ιε

397 2585 438 2634 13,
459 2578 544 2651 βάλλῃ
564 2579 594 2634 D
617 2611 650 2619 -
675 2585 717 2634 14.
741 2588 856 2646 σκιερᾶν
875 2580 903 2632 Α
926 2609 961 2620 -
981 2577 1236 2649 Ἀμφιτρυωνιάδας
1259 2579 1287 2633 Β
1307 2594 1342 2633 a:
1369 2576 1604 2647 Ἀμφιτρυωνίδας

325 2651 448 2706 ARCD
471 2683 501 2690 -
526 2657 568 2706 1o.
590 2650 687 2720 όλυμπ.
710 2651 843 2719 ABGD,
870 2652 986 2719 οδλυμπ,
1013 2651 1117 2705 Moech.
1141 2682 1173 2692 -
1197 2656 1237 2704 17.
1261 2669 1333 2704 ατει
1354 2649 1508 2704 ΒΡΘΟΒέ
1536 2649 1605 2702 αίτει·

324 2723 407 2788 A131,
430 2721 484 2777 ἔτει
506 2723 536 2777 D
557 2754 590 2762 —
613 2727 655 2777 18.
675 2722 765 2777 litore:
778 2719 865 2776 '‘Alm
887 2721 958 2776 coni.
978 2721 1073 2777 Koene
1093 2753 1126 2763 -
1146 2718 1257 2789 σκιερόν
1278 2721 1335 2776 01>
1353 2753 1386 2762 -
1408 2726 1449 2776 19.
1469 2722 1546 2790 αὐτῷ
1564 2719 1602 2772 B:

325 2795 400 2848 αὐτῶ
415 2795 513 2861 ΑΟΙ),
533 2795 620 2848 αὐτοῦ
634 2793 739 2860 πατρὸς
756 2794 798 2861 0³,
818 2796 968 2862 utrumque
982 2793 1067 2847 schol.
1089 2826 1121 2834 —-
1142 2800 1183 2848 21.
1203 2791 1327 2863 μεγάλαν
1342 2794 1370 2846 Α
1389 2825 1423 2832 -
1443 2797 1486 2848 23.
1506 2788 1600 2856 δένδρ’

325 2867 354 2920 D
374 2897 407 2905 -
426 2864 526 2937 βάοαις
545 2865 603 2920 AC
619 2897 651 2904 -
672 2870 713 2919 25.
733 2864 853 2934 πορεύεν
873 2867 914 2920 A:
935 2865 1067 2933 τορεύειν
1086 2865 1183 2929 1301),
1201 2861 1347 2931 περαίνειν
1370 2864 1443 2919 coni.
1462 2863 1559 2918 Nabar
1573 2895 1600 2900 -

325 2936 410 3061 ρρμᾶι
430 2934 508 3006 ὥρμα
526 2938 563 3005 Δ,
582 2935 696 3006 ὥρμαιν’
717 2937 815 3005 1301),
834 2935 932 3005 πόρευ’
955 2935 1078 3007 ἔνθυμος
1096 2935 1169 3007 ὁρμά
1183 2935 1254 2990 coni
1270 2936 1308 2991 M.
1323 2934 1453 2990 Schmidt
1465 2935 1527 2990 Ind.
1541 2934 1602 2988 lect.

338 3024 380 3062 en.
397 3012 466 3061 1879
485 3027 512 3078 p.
527 3023 540 3063 8
558 3039 592 3049 -

327 3148 471 3220 Olympios
490 3149 572 3204 ludos
591 3149 759 3206 instituendi
778 3152 940 3274 suppeteret
963 3152 1008 3217 (cl.
1029 3151 1120 3205 Strab.
1135 3169 1162 3220 p.
1178 3165 1225 3206 εει.
1247 3149 1329 3204 Paos.
1344 3169 1372 3201 vr
1386 3165 1421 3216 νε,
1436 3167 1462 3215 ες
1486 3148 1602 3203 Bursian

326 3221 426 3291 Geogr.
445 3241 465 3274 11
485 3225 547 3291 εει),
575 3222 713 3276 Pindarus
739 3222 792 3275 hoc
829 3239 879 3276 ooo
906 3226 1003 3292 aperte
1028 3223 1071 3277 ius
1097 3221 1241 3289 Eleorum,
1267 3224 1300 3275 ut
1324 3221 1372 3290 qui
1398 3224 1460 3274 tum
1485 3238 1516 3275 re
1541 3235 1602 3273 rere

327 3292 488 3417 Olypmplicos
506 3291 589 3348 ludos
609 3293 833 3364 administerent,
852 3293 943 3348 tuitus
958 3296 1008 3349 est.
1034 3294 1076 3349 De
1090 3293 1202 3348 nomine
1221 3296 1251 3347 et
1268 3309 1384 3347 numero
1400 3291 1601 3347 Ἑλλανοδικῶν

326 3383 351 3418 τ.
390 3381 448 3419 roe
470 3382 595 3419 .nxrve.

398 3441 430 3488 13
446 3383 480 3490 ogs.
502 3436 538 3490 ad
552 3433 679 3490 fabulam
694 3435 822 3491 Herculis
837 3437 930 3492 oleam
945 3437 981 3492 ab
996 3437 1068 3491 Istro
1083 3435 1243 3506 Olympiam
1256 3435 1485 3506 transplantente
1503 3433 1601 3489 transit

326 3539 359 3546 —
380 3513 420 3562 14.
441 3515 569 3575 σκιαρᾶν,
588 3508 663 3576 quod
682 3507 819 3561 Pindarus
838 3509 942 3562 Istrum
960 3509 1063 3563 flumen
1077 3508 1106 3562 in
1120 3507 1303 3562 tenebricosis
1318 3507 1480 3578 regionibus
1495 3508 1601 3577 repten-

325 3578 449 3632 trionum
469 3579 535 3633 oriri
553 3579 678 3649 putavit;
699 3579 770 3633 conf.
791 3579 821 3634 0.
843 3599 892 3632 vm
910 3597 944 3635 ιτ,
963 3580 984 3635 Ι.
1004 3600 1033 3634 vr
1050 3597 1085 3635 ιι.
1104 3581 1134 3633 et
1152 3578 1236 3649 Soph.
1256 3579 1315 3634 00.
1340 3583 1409 3634 1248
1428 3587 1532 3650 νυχιᾶν
1549 3577 1601 3631 ἀπὸ

327 3648 432 3705 Ῥιπᾶν.
463 3649 606 3720 Originem
626 3649 741 3704 fabulae
760 3651 876 3705 oleastri
895 3669 928 3705 ex
946 3652 1017 3706 Istro
1033 3650 1195 3722 Olympiam
1212 3650 1346 3705 translati
1364 3650 1401 3704 ab
1421 3648 1600 3703 similitudine

326 3720 460 3775 foliorum
479 3721 594 3775 oleastri
614 3725 643 3776 et
662 3721 756 3776 salicis
776 3722 807 3776 in
824 3722 894 3793 ripis
913 3723 979 3777 Istri
997 3722 1152 3794 frequentis
1170 3722 1325 3804 repetenda
1339 3738 1400 3776 esse
1413 3721 1535 3776 videtur.
1562 3719 1601 3772 Ab

329 3794 382 3846 hoo
406 3792 467 3846 loco
491 3791 608 3846 Pindari
631 3795 772 3863 profectus
797 3793 928 3848 Simmiae
952 3797 1037 3864 poeta
1055 3794 1261 3849 Alexandrinus
1279 3792 1371 3863 Apoll.
1390 3791 1424 3848 ir.
1445 3810 1456 3846 1
1476 3793 1554 3846 oleas
1575 3791 1601 3843 in

325 3863 425 3918 insulis
440 3864 683 3934 Hyperboreorum
697 3864 775 3919 narei
791 3865 864 3919 dixit
884 3898 916 3906 -
933 3873 972 3920 16.
990 3864 1157 3929 ’Λπόλλωνος
1170 3865 1348 3934 θεράποντα·
1369 3864 1442 3918 conf.
1457 3864 1488 3919 P.
1502 3884 1520 3916 r
1534 3879 1559 3918 eo
1569 3879 1599 3915 rs.

326 3969 358 3976 -
379 3941 419 3990 17.
440 3936 512 3990 αίτει
530 3953 587 3990 non
606 3937 680 3991 αἰτεῖ
697 3936 875 3990 scribendum
893 3937 997 4004 censui,
1016 3938 1091 4007 quod
1110 3938 1275 4007 imperfecto
1295 3936 1365 3990 αίιει
1386 3938 1452 4005 post
1469 3935 1600 3990 aoristunr

326 4007 432 4062 ἔνεικεν
456 4007 485 4061 in
509 4008 670 4063 narratione
696 4026 750 4063 non
774 4011 922 4079 pergente,
947 4009 996 4062 red
1022 4009 1059 4063 ad
1085 4009 1225 4063 actionem
1251 4007 1416 4061 adiunctam
1441 4006 1600 4061 deflectente

326 4079 543 4149 (παρατατικήν)
558 4097 624 4134 suus
637 4080 715 4135 locus
735 4083 778 4135 est
793 4112 826 4120 —
842 4087 883 4135 18.
903 4080 992 4135 άλοει·
1011 4080 1127 4151 respicit
1144 4082 1229 4150 poeta
1243 4077 1340 4146 Ἄλτιν,
1358 4095 1431 4147 quae
1451 4078 1487 4132 ab
1507 4078 1600 4132 eadem

326 4151 413 4220 stirpe
441 4155 526 4220 atque
553 4151 634 4214 ἄλσος
654 4151 834 4206 denominato
854 4156 897 4206 est
916 4154 945 4206 et
963 4155 1024 4206 turn
1042 4151 1176 4221 temporis
1196 4150 1343 4205 arboribus
1363 4149 1473 4204 consita
1492 4151 1555 4203 erat
1572 4179 1599 4187 μ

325 4228 366 4276 19.
387 4223 462 4294 αὐτῷ
482 4226 510 4276 et
527 4221 578 4278 ὑπ’
600 4224 687 4278 αὐτοῦ
706 4222 766 4277 scil.
787 4223 963 4294 ἁγισθέντων
982 4223 1141 4294 significare
1167 4226 1196 4277 et
1221 4239 1238 4276 a
1263 4221 1349 4276 verbo
1368 4220 1521 4289 ἀντέφλεξε
1540 4237 1600 4304 pen·

325 4293 390 4347 dere
415 4296 522 4363 potest;
552 4294 672 4349 alterum
697 4295 820 4349 ethicam
845 4294 1023 4349 dulcedinem
1050 4294 1170 4349 orationi
1196 4293 1278 4348 addit
1303 4326 1336 4333 —
1361 4293 1460 4361 πατρὶ·
1486 4293 1548 4349 lorr
1571 4322 1602 4332 -

325 4369 367 4418 20.
387 4364 488 4432 Μήνα
509 4365 607 4421 schol:
628 4365 687 4420 ἐπεὶ
707 4366 736 4420 ἐν
754 4375 787 4438 τῇ
807 4366 971 4439 πανσελήνῳ
990 4365 1005 4420 ό
1021 4364 1206 4437 Ὀλυμπιακὸς
1224 4366 1301 4433 ἀγὼν
1321 4364 1432 4434 ἄγεται·
1452 4365 1486 4421 c-f.
1503 4365 1534 4420 0.
1550 4385 1566 4417 x
1578 4381 1598 4417 ει

325 4435 559 4490 etProl.nxrxv1
583 4470 616 4477 —
641 4443 682 4492 23.
706 4438 765 4490 lam
793 4442 902 4492 veteres
964 4437 1109 4492 ammatici
1136 4436 1333 4508 ambigebant,
1360 4440 1456 4491 utrum
1483 4435 1600 4506 Κρονίου

325 4524 362 4562 eo.
383 4506 465 4577 ὄρους
491 4525 540 4562 suo
566 4509 625 4563 talo
652 4511 720 4577 stet,
745 4525 781 4562 an
807 4526 872 4562 curn
896 4513 1023 4572 Πελοπος
1048 4508 1274 4579 coniungendam
1293 4508 1344 4577 sit,
1363 4511 1396 4562 ut
1415 4509 1446 4564 Ο.
1461 4528 1489 4561 vr
1504 4525 1530 4562 ιο
1550 4506 1600 4560 dic-

324 4583 385 4633 tum
404 4583 447 4632 est
465 4579 642 4634 Ποσειδάωνι
663 4577 779 4649 Κρονίῳ.
818 4579 945 4634 Alteram
963 4579 1225 4651 interpretationem
1244 4579 1293 4648 qui
1312 4580 1482 4650 probabant,
1502 4579 1599 4633 Tanta·

324 4648 392 4718 lum,
411 4651 520 4772 patrem
546 4651 673 4721 Pelopis,
701 4668 718 4705 a
743 4651 857 4720 Plutoe,
880 4651 940 4705 filia
965 4652 1092 4721 Saturni,
1120 4654 1233 4722 partum
1258 4668 1320 4706 esse
1348 4649 1495 4720 dicebant,
1521 4665 1599 4718 quarn

324 4736 414 4789 genea
428 4720 533 4790 ogiam,
561 4721 640 4775 ouius
665 4722 787 4793 vestigia
814 4723 843 4776 in
871 4722 987 4777 Pindari
1015 4724 1186 4779 carminibus
1212 4724 1318 4777 frustra
1343 4739 1477 4791 quaeras,
1500 4721 1600 4775 Paura-

324 4790 387 4845 nias
406 4811 426 4844 11
445 4808 479 4862 rr,
499 4809 511 4847 o
529 4793 610 4847 novit
629 4825 661 4834 -
691 4801 724 4846 25
744 4812 779 4848 ss.
807 4793 993 4864 Apollodorus
1012 4814 1033 4848 ιι
1053 4813 1090 4850 rso
1109 4795 1258 4849 Herculem
1281 4797 1346 4865 post
1370 4792 1485 4848 labores
1511 4807 1599 4847 omnes
