3417 5434
580 390 730 442 recusus
748 392 773 443 v
792 388 862 460 [iv]

136 555 260 637 μυρίον
282 555 417 638 χρόνον·
440 550 578 637 μελέταν
602 548 637 617 δὲ
661 563 835 637 σοφισταῖς

137 661 221 735 Διὸς
244 658 334 724 ἕκατι
356 661 547 744 πρόσβαλον
570 661 778 749 σεβιζόμενοι.

82 783 117 829 30
137 765 174 831 έν
196 762 257 851 μὶν
280 768 442 831 Αἰτωλῶν
464 769 618 831 θυσίαισι
642 778 801 850 φαενναῖς

138 872 289 938 Οἰνεΐδαι
312 877 479 959 κρατεροί,

137 979 174 1045 έν
198 976 234 1044 δὲ
260 982 385 1063 Θήβαις
409 981 568 1056 ἱπποσόας
589 978 711 1057 Ἰόλαος
1325 996 1360 1043 ιο

137 1086 236 1172 γέρας
254 1089 330 1171 ἔχει,
350 1088 499 1173 Περσεὺς
518 1084 548 1150 δ’
572 1086 608 1151 έν
626 1084 750 1173 ”Αργει,
769 1086 941 1172 Κάστορος
964 1084 994 1150 δ’
1016 1088 1117 1171 αἰχμὰ
1135 1089 1307 1152 Πολυδεύ-

182 1217 256 1278 κεος
277 1191 306 1258 τ’
333 1192 381 1258 ἐπ’
409 1194 550 1277 Εὐρώτα
573 1192 738 1279 ῥεέθροις·

137 1386 208 1454 ἀλλ’
237 1387 274 1454 έν
298 1389 432 1475 Οἰνώνᾳ
454 1392 673 1474 μεγαλήτορες
695 1386 792 1475 ὀργαὶ
1180 1387 1245 1455 'Eu
1264 1388 1308 1474 β’.

82 1514 116 1561 35
138 1499 268 1561 Αἰακοῦ
291 1497 421 1561 παίδων
443 1519 487 1560 τε.
524 1492 575 1560 τοί
597 1492 653 1560 καὶ
676 1498 740 1561 σὺν
762 1495 881 1581 μάχαις
1327 1515 1361 1561 45

69 1650 75 1661 ·
137 1603 191 1680 δὶς
214 1606 313 1669 πόλιν
341 1604 466 1688 Τρώων
488 1602 630 1687 προίθον,
654 1600 827 1687 ἑσπόμενοι

136 1708 316 1796 Ἡρακλῆι
338 1712 515 1795 πρότερον,

137 1816 193 1883 καὶ
217 1820 281 1883 σὺν
302 1814 491 1901 Ἀτρείδαις.
538 1818 594 1881 έλα
617 1824 682 1881 νῦν
704 1841 760 1901 μοι
782 1817 937 1883 πεδόθεν.

139 1924 227 2009 λέγε,
249 1927 337 1999 τίνες
360 1924 510 2007 Κύκνον,
533 1926 621 2000 τίνες
639 1920 778 2011 Ἕκτορα
801 1923 945 2009 πέφνον,

83 2070 298 2079 μ--υ-

158 2142 202 2191 31.
221 2131 352 2203 κρατεροί
370 2133 468 2189 Trici:
493 2137 627 2203 καρτεροί
641 2136 704 2190 BD
722 2168 755 2174 -
776 2140 817 2189 36.
839 2133 987 2206 ἑσπόμενοι
1006 2137 1047 2191 Βτ
1067 2132 1199 2207 ἑπόμενοι
1216 2136 1258 2202 D,
1279 2136 1362 2205 ἔπρα-

83 2213 141 2263 θον
161 2203 297 2277 σπόμενοι
314 2204 386 2261 coni.
401 2205 507 2275 Bergk3
527 2208 557 2259 at
571 2206 606 2260 cf.
621 2207 641 2261 l.
656 2226 683 2261 vr
699 2223 731 2262 ιι.
752 2206 783 2262 Ο.
798 2226 847 2260 vm
863 2224 895 2261 11.
910 2226 939 2259 rx
953 2224 986 2262 ea.
1006 2207 1036 2262 P.
1050 2226 1079 2260 εν
1093 2224 1119 2261 ιο
1133 2240 1166 2246 -
1182 2213 1224 2261 37.
1244 2208 1365 2278 ἡρανλῆὶ·

84 2278 184 2334 Trici:
203 2278 319 2347 ἡρακλεῖ
332 2278 407 2343 BD;
423 2275 554 2345 Ἡρακλεῖ
571 2296 600 2332 τε
619 2275 757 2346 πρότερον
771 2278 842 2333 coni.
857 2277 987 2349 Hartung
1001 2312 1036 2318 -
1049 2284 1091 2333 38.
1109 2280 1252 2349 &cocidere
1265 2278 1362 2335 Trici:

84 2348 260 2419 ἀτρείδαισιν
279 2349 306 2403 Β
318 2348 348 2401 D
367 2381 400 2387 -
419 2346 562 2403 παιδόθεν
580 2350 610 2409 D
630 2382 662 2389 -

83 2510 132 2547 cur
152 2492 206 2546 hoc
225 2489 351 2562 epitheto
369 2488 458 2545 tibiae
477 2490 629 2563 insignitae
649 2491 718 2559 sint,
742 2492 806 2546 vide
825 2492 863 2545 ad
882 2492 913 2547 0.
933 2511 971 2547 vu
990 2509 1028 2561 τε,
1052 2492 1098 2548 cui
1115 2493 1178 2548 loco
1197 2492 1254 2547 ianr
1273 2494 1363 2548 addas

84 2562 201 2618 Pindari
220 2564 314 2616 aetate
333 2560 513 2631 Pronomum,
538 2562 683 2617 tibicinem
702 2562 866 2618 Thebanum
891 2564 1089 2632 clarissimum,
1115 2564 1253 2633 floruisse,
1280 2582 1363 2633 quem

83 2636 173 2690 tibias
191 2632 376 2704 multiplices,
396 2632 433 2687 ad
452 2632 545 2687 varies
565 2632 725 2689 harmonias
745 2638 827 2705 aptas
845 2634 986 2689 invenisse
1006 2635 1109 2689 docent
1127 2635 1209 2691 Paua.
1228 2656 1257 2689 rx
1276 2654 1309 2703 rs,
1329 2653 1362 2691 ιτ.

83 2708 149 2762 Ath.
171 2724 218 2761 xrs
236 2725 263 2776 p.
278 2720 347 2760 οοιι.
380 2704 470 2759 Menti
489 2707 582 2759 autem
601 2708 702 2775 poetae
721 2723 777 2760 non
795 2706 1011 2761 Homeridarum
1028 2707 1081 2760 rha
1116 2706 1207 2775 odiae,
1226 2707 1277 2762 sed
1294 2707 1363 2776 lyri-

85 2794 182 2834 corum
201 2776 299 2846 hymni
317 2779 346 2830 et
365 2774 538 2846 dithyrambi
557 2777 827 2831 obversabantur-
842 2782 885 2833 28.
905 2786 1060 2848 σοφισταῖς·
1101 2778 1164 2833 uius
1183 2778 1305 2833 nominis
1319 2778 1363 2833 vis

85 2868 102 2903 a
120 2848 235 2904 nomine
254 2856 358 2917 σοφῶν,
378 2863 433 2917 quo
453 2865 470 2902 a
488 2848 609 2902 Pindaro
628 2851 727 2919 poetas
747 2848 900 2920 significari
919 2866 1004 2919 supra
1022 2850 1059 2903 ad
1078 2850 1110 2904 0.
1124 2869 1135 2901 1
1149 2867 1161 2904 s
1176 2851 1363 2920 exposuimus,

84 2921 158 2975 nihil
186 2919 253 2974 olim
282 2917 442 2989 differebat3
470 2918 506 2973 cl.
530 2920 594 2975 Eur.
619 2919 701 2975 Rhes.
721 2936 760 2975 ιιι
788 2924 887 2993 ιιλεινῷ
915 2929 1033 3003 σοφιστῇ
1063 2918 1154 2993 Θρῃκί
1180 2920 1241 2975 scil.
1259 2920 1362 2991 Ὀρφεῖ,

85 2992 197 3047 Aelian.
217 2990 282 3045 hist.
302 3006 347 3045 an.
368 3007 401 3059 11,
417 3008 427 3045 1
443 3000 497 3045 τῶν
517 2990 598 3058 ἱερῶν
617 2994 706 3061 μελῶν
725 2989 862 3060 σοφισταί.
899 2992 941 3046 Βο
960 2992 1117 3046 comunctis
1135 2992 1215 3046 tibiis
1234 2995 1264 3046 et
1280 2992 1363 3063 phor-

85 3064 181 3133 minge
205 3064 234 3117 et
257 3060 395 3129 oratione,
422 3078 539 3130 quarum
565 3078 656 3115 rerum
682 3062 768 3117 tertia
792 3062 886 3117 verbis
909 3062 1026 3133 μελέταν
1045 3072 1185 3133 σοφιστῶν
1204 3062 1365 3118 declaratur

87 3136 131 3203 (cl.
153 3134 185 3188 0.
205 3152 251 3189 xiv
271 3136 313 3201 ιο),
333 3132 429 3187 confer
448 3133 478 3187 Ο.
498 3152 529 3185 ur
547 3149 560 3188 a
578 3131 719 3204 φόρμιγγά
737 3152 767 3188 τε
786 3131 987 3205 ποικιλόγαρυν
1005 3135 1055 3188 καὶ
1073 3134 1145 3206 βοὰν
1163 3136 1256 3189 αὐλῶν
1275 3132 1365 3189 ἐπέων

85 3226 114 3260 τε
133 3205 218 3260 θέσιν
236 3236 272 3245 -
290 3210 332 3258 29.
353 3204 421 3267 Διὸς
440 3202 517 3258 διατι
536 3204 719 3277 σεβιζόμενοι,
741 3205 816 3274 quod
834 3205 934 3260 heroes
952 3206 1018 3259 Iove
1036 3204 1091 3260 orti
1109 3208 1268 3277 (διογενεῖς)
1286 3209 1364 3273 sunt;

86 3278 126 3332 sic
144 3276 221 3330 enim
239 3274 418 3345 interpretari
444 3274 520 3329 malo
539 3292 623 3345 quam
643 3278 711 3339 Διὸς
730 3274 808 3331 έιατι
826 3294 890 3330 oum
908 3285 1055 3345 σοφισταῖς
1071 3274 1231 3402 aspersator
1250 3277 1364 3331 coniun-

86 3366 151 3419 gere
172 3348 253 3403 etde
272 3346 409 3401 facultate
428 3347 519 3417 poetis
538 3346 674 3401 divinitus
698 3347 774 3402 lacta
793 3348 920 3418 accipere
939 3380 973 3388 -
993 3354 1035 3403 31.
1057 3348 1140 3403 Οἰνεῖ
1156 3367 1198 3403 αι·
1221 3348 1365 3419 Meleager

86 3422 203 3489 eiusque
228 3418 328 3472 fratres
351 3416 455 3472 honore
480 3418 642 3472 afficiuntur
662 3451 693 3459 —
714 3424 756 3474 38.
780 3419 811 3475 ἐν
829 3417 929 3489 Ἄργει·
952 3436 1009 3474 non
1032 3420 1062 3473 in
1084 3419 1154 3475 urbe
1174 3419 1247 3489 sola,
1266 3420 1364 3474 sedin

85 3494 147 3546 toto
163 3506 231 3561 agro
246 3490 359 3559 Argivo,
377 3488 603 3558 quandoquidem
618 3506 735 3561 regnum
749 3490 894 3560 Tirynthia
909 3493 939 3545 et
952 3492 1141 3561 Mycenarum,
1155 3509 1212 3546 non
1226 3493 1364 3561 Argorum

87 3564 204 3617 Perseus
219 3560 287 3615 olim
301 3560 449 3615 obtinebat
463 3592 496 3601 —-
512 3565 554 3615 34.
572 3561 697 3637 Οἰνώνᾳ·
711 3564 806 3617 vetere
820 3562 874 3616 hoc
887 3562 1000 3616 nomine
1014 3561 1124 3617 insulae
1140 3561 1265 3633 Aeginae
1279 3570 1365 3632 poeta

87 3636 174 3688 etiam
194 3633 227 3689 N.
243 3648 317 3687 rrur
337 3648 403 3685 usus
423 3634 477 3699 est,
497 3631 596 3686 eadem
616 3631 742 3703 Oenopia
761 3634 781 3689 Ι.
797 3652 846 3687 rm
865 3650 890 3689 τι
909 3633 1065 3688 dicitur-
1084 3640 1126 3690 37.
1144 3633 1280 3704 Ἡρακλῆϊ
1296 3632 1366 3702 πρό-

87 3725 179 3774 τερον,
193 3703 337 3771 Telamon,
357 3704 408 3758 obv
423 3700 579 3772 Ἀτρείδαις,
595 3703 667 3757 Aiax
684 3707 770 3773 atque
783 3704 900 3774 Teucer3
921 3706 1040 3760 eandem
1058 3706 1228 3761 sententiam
1242 3705 1365 3759 artifices

87 3775 187 3846 templi
206 3773 365 3845 Aeginetici
388 3774 530 3829 Minervae
550 3774 638 3829 secuti
657 3778 856 3846 tympanorum
876 3776 906 3830 in
930 3777 1019 3831 altero
1042 3794 1167 3846 pugnam
1189 3775 1318 3831 Herculis
1337 3780 1366 3830 et

87 3846 261 3915 Telamonis,
285 3846 315 3900 in
338 3845 428 3900 altero
451 3862 575 3917 pugnam
594 3845 689 3900 Aiacis
713 3850 742 3901 et
760 3846 860 3902 Teucri
884 3851 982 3901 contra
999 3847 1135 3902 Troianos
1159 3850 1313 3918 posuerunt
1330 3878 1365 3888 -

88 3925 129 3975 38.
155 3916 291 3973 πεδόθεν·
318 3920 444 3972 veterum
467 3916 714 3986 grammaticorum
740 3918 790 3972 alii
816 3917 869 3973 ἀπ’
890 3920 989 3988 ἀρχῆς,
1013 3918 1064 3972 alii
1089 3917 1136 3971 ἐπ’
1157 3916 1273 3980 εὐθείας
1298 3917 1366 3974 ὁδοῦ

88 3993 136 4045 καὶ
163 3988 202 4045 δι’
224 3988 329 4060 ὁμαλοῦ
355 3988 621 4060 interpretabantur.
663 3989 769 4043 Herum
795 3988 1059 4059 interpretationum
1084 3989 1206 4060 priorem
1230 3989 1287 4043 huc
1310 4006 1365 4043 nou

88 4062 237 4132 pertinere,
250 4060 308 4115 iam
323 4077 357 4114 cx
374 4078 406 4114 eo
425 4063 551 4142 apparet,
571 4060 646 4129 quod
665 4060 694 4114 in
714 4077 748 4115 ea
766 4077 839 4130 quae
859 4060 986 4129 sequitur
1003 4064 1084 4130 parte
1103 4060 1235 4116 carminis
1254 4078 1273 4115 a
1289 4062 1365 4144 prin-

89 4134 163 4204 cipio
182 4150 274 4188 rerum
291 4134 377 4203 poeta
396 4136 551 4185 orationem
570 4148 627 4185 non
645 4131 746 4201 incipit
763 4148 853 4200 neque
869 4132 982 4187 omnino
997 4132 1225 4202 chronologicum
1239 4132 1367 4185 ordinem

89 4207 190 4259 servat.
227 4204 302 4257 illud
322 4206 416 4257 autem
435 4204 592 4273 quaeritur,
614 4204 707 4257 utrum
725 4201 852 4257 πεδόθεν
872 4204 934 4274 ‘per
953 4206 1081 4273 apertum
1099 4205 1241 4275 campum’
1263 4202 1367 4269 valeat,

89 4276 229 4345 quomodo
252 4275 388 4329 Homerus
410 4272 521 4328 πεδίοιο
544 4276 659 4328 δίεσθαι
678 4273 721 4343 (ll.
742 4293 809 4327 xxm
826 4279 877 4343 aro)
895 4278 925 4329 et
942 4273 1052 4330 πεδίοιο
1071 4277 1183 4329 διώκειν
1201 4275 1244 4343 (ΙΙ.
1262 4294 1312 4328 xm
1331 4277 1367 4343 οι)

90 4348 174 4417 dixit,
198 4364 235 4402 an
257 4349 290 4400 ut
308 4346 344 4400 de
362 4346 446 4399 humo
465 4345 495 4399 in
513 4344 603 4399 altum
622 4346 722 4400 tendet
739 4347 825 4416 poeta
843 4362 873 4401 se
892 4349 1080 4415 commoneat,
1104 4346 1149 4400 cui
1173 4345 1257 4400 alteri
1281 4346 1366 4399 inter·

108 4418 243 4473 retationi
265 4418 308 4471 vis
331 4416 528 4472 adverbiorum
551 4416 581 4471 in
605 4448 637 4456 -—
661 4421 716 4472 θεν
738 4417 830 4487 magis
854 4418 933 4472 lavet
950 4450 986 4458 -
1004 4422 1046 4472 38.
1067 4419 1119 4471 σὺν
1134 4415 1288 4487 Ἀτρείδαις
1307 4416 1367 4472 scil.

90 4439 250 4562 ἰσπόμενοι·
270 4489 304 4544 cf.
319 4488 399 4543 Hom.
415 4504 454 4543 rso
471 4490 522 4543 obv
541 4486 568 4542 δ’
591 4487 678 4543 εἵπετ’
696 4487 842 4552 Ὀδυσσεύς
866 4520 899 4529 -
923 4494 957 4543 39
972 4507 1008 4545 ss.
1031 4489 1261 4559 interrogationis
1285 4489 1367 4558 signa

90 4566 156 4631 post
177 4559 339 4633 χαλκοάραν
361 4563 390 4614 et
413 4559 515 4631 ὄχθαις
539 4560 634 4629 posui,
660 4562 693 4613 ut
717 4563 795 4615 recte
821 4559 948 4614 oratioue
986 4562 1080 4615 oetam
1098 4560 1141 4614 uti
1159 4560 1314 4614 indicarem
1334 4592 1365 4600 -

92 4640 133 4688 39.
153 4634 188 4688 de
207 4632 227 4687 C
248 4650 300 4687 cno
319 4634 348 4686 et
366 4631 513 4685 Memnone
532 4630 566 4686 cl.
583 4631 614 4686 0.
629 4650 649 4683 11
668 4648 701 4685 oo.
730 4630 885 4701 Telephum
903 4631 933 4684 in
981 4632 1045 4701 ysia
1062 4633 1099 4686 ad
1118 4632 1232 4687 Caicum
1251 4630 1367 4685 fluvium

92 4706 128 4758 ab
146 4704 218 4759 Achi
242 4721 256 4758 c
276 4702 455 4757 vulneratum
473 4718 534 4757 esse
553 4706 650 4757 auctor
669 4702 832 4771 Cypriorum
851 4706 1029 4770 narraverat3
1048 4704 1083 4759 cl.
1102 4702 1133 4757 0.
1153 4723 1181 4755 rx
1200 4720 1233 4758 rr.
1262 4702 1368 4756 Eodem

92 4776 120 4829 in
143 4776 267 4831 carmine
285 4775 422 4843 Cycnum,
448 4773 572 4843 Neptuni
599 4774 702 4843 filium,
729 4791 792 4827 cum
811 4774 934 4828 Graecos
953 4775 1074 4830 Troiano
1097 4774 1173 4829 litori
1193 4773 1368 4845 appellentes

93 4852 211 4917 arceret,
231 4848 268 4901 ab
287 4846 397 4901 Achille
417 4845 539 4899 occisum
559 4862 618 4899 esse
638 4844 757 4907 relatum
777 4848 892 4899 erat-
1328 4879 1334 4887 -

1102 4936 1157 4989 2³*
