3417 5434
300 325 387 381 CVIII
494 281 501 294 ·
803 324 1081 377 PROLEGOMENA.

300 491 365 556 ὑπὸ
380 487 512 576 Ἑρμοῦ,
533 489 568 566 ὃς
587 488 696 572 χέλυν,
716 490 733 554 ὅ
753 486 820 554 ἐστι
839 488 956 573 λύραν,
975 485 1007 564 ἐξ
1024 486 1187 571 ὀστράκου
1201 489 1423 550 συντεθεῖσαν
1436 484 1577 567 χελώνης

243 669 251 684 ·
301 599 382 674 δοὺς
408 607 454 685 τῷ
480 600 593 684 Φοίβῳ
620 593 694 662 ἀντὶ
717 600 807 679 βοῶν
830 601 967 679 κλοπῆς,
995 594 1101 670 οὕτως
1123 592 1261 658 ἐλύσατο
1285 590 1391 680 ἐαυτῷ
1413 591 1474 657 τὸν
1494 588 1575 674 ὑπὲρ

301 714 360 770 τοῦ
384 702 566 788 κλέμματος
589 707 703 787 χόλον,
727 705 860 785 λέγουσι
883 700 938 768 καὶ
962 701 1046 766 αὐτά
1069 702 1105 766 οί
1124 703 1268 766 παλαιοί.

925 1003 957 1057 Ι).

464 1133 542 1199 vita
565 1151 584 1198 ι
608 1133 726 1198 Πιοιιι
748 1131 904 1214 Magistro
927 1148 968 1196 ex
990 1131 1100 1196 vetere
1123 1129 1195 1194 vita
1218 1130 1417 1196 concinnata.

388 1278 559 1362 Πίνδαρος
591 1277 627 1340 τὸ
660 1272 721 1360 μὲν
752 1273 849 1357 γένος
878 1277 1023 1358 Θηβαῖος
1054 1275 1129 1350 υίὸς
1156 1272 1355 1356 Δαϊφάντου
1386 1273 1470 1338 κατὰ
1501 1276 1578 1349 τοὺς

266 1382 558 1468 εάληθεστέρους,
582 1385 616 1448 οί
637 1380 673 1447 δέ
698 1386 907 1447 Σκοπελίνου
930 1386 1045 1467 φασίν,
1069 1383 1104 1446 οἱ
1125 1376 1161 1445 δέ
1185 1380 1244 1445 τὸν
1266 1381 1369 1446 αὐτὸν
1392 1383 1578 1466 Παγωμίδα

298 1489 353 1556 καὶ
377 1496 551 1576 Μυρτοῦς,
580 1490 643 1556 άπὸ
668 1492 778 1575 κώμης
804 1494 1065 1574 Κυνοσκεφαλής
1087 1485 1299 1571 καλουμένης.
1345 1488 1365 1573 ἡ
1390 1485 1425 1553 δέ
1449 1490 1578 1572 Μυρτὼ

299 1598 449 1682 ἐγαμήθη
477 1601 671 1686 Σκοπελίνφ
703 1608 749 1686 τῷ
782 1598 923 1683 αὐλητῇ,
956 1595 993 1672 ὃς
1023 1598 1085 1680 τήν
1116 1595 1297 1677 αὐλητικήν
1324 1595 1493 1661 διδάσκων
1519 1598 1578 1661 τὸν

299 1706 484 1792 Πίνδαρον,
508 1702 576 1769 ἐπεὶ
599 1700 666 1770 είδε
690 1708 837 1789 μείζονος
859 1701 955 1782 ἕξεως
977 1704 1068 1786 ὄντα,
1091 1700 1302 1788 παραδέδωκε
1321 1702 1422 1790 Λάσςο
1441 1712 1487 1792 τῷ
1506 1701 1578 1788 Ἑρ-

298 1824 408 1898 μιονεῖ
432 1818 612 1900 μελοποιῷ,
639 1809 717 1898 παρ’
743 1805 770 1899 ιβ
797 1813 859 1895 τήν
886 1811 1026 1895 λυρικήν
1053 1808 1244 1893 ἐπαιδεύθη.
1289 1808 1405 1893 γέγονε
1432 1806 1470 1874 δέ
1496 1812 1579 1874 κατὰ

247 1937 279 1984 10
298 1923 376 1997 τοὺς
399 1923 541 2006 χρόνους
560 1920 731 2003 Αἰσχύλου
753 1917 808 1984 καί
832 1915 1068 2001 συγγεγένηται
1089 1917 1179 2004 αὐτῷ
1197 1913 1253 1981 καὶ
1271 1916 1432 1999 τέθνηκεν
1451 1917 1506 1982 ὅτε
1523 1916 1578 1982 καὶ

299 2029 339 2093 τά
359 2026 507 2112 Περσικὰ
525 2026 674 2109 ήκμαζεν.
712 2029 783 2111 ἐσχε
803 2023 838 2090 δέ
858 2023 1046 2110 θυγατέρας
1064 2025 1137 2108 δύο,
1155 2026 1351 2109 Πολύμητιν
1369 2023 1424 2089 καὶ
1441 2029 1578 2110 Πρωτο-

298 2134 420 2219 μάχην·
449 2130 587 2219 κατῴκει
616 2130 652 2197 δὲ
680 2134 738 2210 τάς
763 2135 889 2216 Θήβας,
916 2134 1058 2214 πλησίον
1084 2140 1144 2196 τοῦ
1173 2133 1264 2216 ίεροῦ
1286 2142 1344 2215 τῆς
1366 2132 1489 2218 μητρὸς
1511 2143 1580 2197 τῶν

298 2249 390 2307 θεῶν
417 2241 478 2325 τήν
505 2241 615 2305 οἰκίαν
643 2243 726 2324 έχων
754 2239 826 2324 [τῆς
844 2237 957 2323 Ῥέας].
1003 2237 1096 2322 ἐτίμα
1122 2235 1159 2303 δέ
1186 2240 1248 2322 τήν
1269 2240 1353 2304 θεὸν
1375 2239 1508 2323 σφόδρα
1530 2240 1579 2304 ὢν

299 2345 545 2432 εὐσεβέστατος,
568 2345 623 2412 καλ
645 2348 705 2412 τὸν
728 2352 826 2412 Πᾶνα
849 2343 987 2411 καὶτὸν
1006 2343 1210 2428 Ἀπόλλωνα,
1233 2347 1281 2423 είς
1303 2344 1343 2410 ὃν
1366 2343 1420 2410 καί
1443 2351 1580 2412 πλεῖστα

247 2470 279 2520 15
299 2455 474 2543 γέγραφεν.
516 2455 675 2541 νεώτερος
697 2452 734 2519 δὲ
757 2449 798 2537 ήν
823 2454 1028 2538 Σιμωνίδου,
1050 2454 1272 2537 πρεσβύτερος
1294 2449 1330 2518 δέ
1353 2455 1581 2537 Βακχυλίδου·

298 2565 380 2629 κατὰ
403 2558 440 2627 δέ
464 2564 525 2646 τὴν
543 2560 667 2646 Ξέρξου
691 2561 873 2646 κατάβασιν
890 2562 1009 2645 ἤκμαζε
1027 2569 1067 2645 τῇ
1085 2560 1208 2647 ἡλικίᾳ·
1232 2556 1427 2645 ἐτιμήθηδέ
1447 2563 1580 2646 σφόδρα

299 2671 363 2736 ὑπὸ
391 2669 526 2735 πάντων
549 2667 803 2752 τῶνἙλλήνων
826 2670 882 2733 διδι
905 2670 943 2733 τὸ
966 2667 1031 2733 ὑπὸ
1054 2676 1114 2732 τοῦ
1134 2666 1340 2745 ’Λπόλλωνος
1362 2667 1449 2733 οὕτω
1473 2674 1580 2753 φιλεῖ-

300 2784 392 2860 σθαι,
415 2776 460 2853 ὡς
482 2774 537 2842 καί
560 2779 678 2863 μερίδα
701 2777 882 2861 λαμβάνειν
905 2775 969 2840 άπὸ
987 2787 1055 2840 τῶν
1073 2775 1353 2862 προσφερομένων
1371 2783 1417 2863 τῷ
1435 2782 1505 2864 θεῷ
1524 2775 1578 2840 καί

299 2885 358 2950 τὸν
387 2881 474 2970 ίερέα
496 2886 581 2967 βοᾶν
605 2883 641 2949 ἐν
664 2895 736 2960 ταῖς
757 2886 908 2960 θυσίαις·
937 2882 1142 2969 Πίνδαρον
1169 2880 1230 2947 ἐπὶ
1258 2884 1299 2948 τὸ
1323 2882 1487 2949 δεῖπνον
1510 2893 1580 2948 τοῦ

246 3007 281 3058 20
300 2999 404 3058 θεοῦ.
447 2992 545 3073 λόγος
567 2989 622 3056 καὶ
645 2993 704 3056 τὸν
724 2996 821 3056 Πᾶνα
839 2991 1051 3077 όρχήσασθαί
1066 2986 1144 3055 ποτὲ
1162 2990 1221 3055 τὸν
1239 2990 1343 3055 αὐτοῦ
1361 2999 1486 3056 παιᾶνα
1504 2989 1580 3076 περὶ.

299 3107 358 3163 τοῦ
378 3096 530 3175 Πέλοπος
552 3095 607 3162 καὶ
630 3101 758 3185 χαίρειν
781 3097 907 3184 ᾅδοντα
929 3105 1049 3162 τοῦτον
1070 3094 1121 3162 άελ
1140 3095 1263 3174 ἐντοῖς
1281 3099 1402 3184 ὄρεσιν.
1440 3096 1524 3182 φασὶ
1543 3095 1580 3162 δὲ

298 3203 353 3270 καί
381 3205 431 3270 ὅτι
459 3201 537 3270 ποτὲ
562 3207 818 3289 Λακεδαιμόνιοι
841 3206 1012 3280 Βοιωτοὺς
1039 3202 1261 3288 ἐμπρήσαντες
1287 3201 1342 3267 καὶ
1368 3205 1480 3288 Θήβας
1503 3204 1580 3269 ἀπέ-

299 3332 418 3398 σχοντο
454 3315 558 3396 μόνης
593 3322 650 3396 τής
682 3315 788 3389 οίκίας
819 3311 938 3393 αὐτοῦ,
974 3311 1175 3395 θεασάμενοι
1207 3309 1489 3397 ἐπιγεγραμμένον
1521 3314 1581 3377 τὸν

299 3423 414 3504 στίχον
427 3420 536 3484 τόνδε·
557 3420 763 3506 Πινδάρου
783 3427 851 3484 τοῦ
870 3427 1115 3503 μουσοποιοῦ
1134 3419 1203 3482 τὰν
1223 3416 1364 3500 στέγαν
1378 3420 1427 3504 μή
1441 3423 1580 3485 παίετε.

246 3542 280 3592 25
300 3528 378 3610 ὅπερ
407 3525 462 3591 καί
488 3529 548 3592 τὸν
572 3525 788 3612 Ἀλέξανδρον
815 3527 895 3610 μετά
922 3526 1026 3591 ταῦτά
1053 3543 1135 3610 φασι
1162 3525 1382 3610 πεποιηκέναι.
1431 3525 1489 3590 κοιλ
1516 3529 1580 3610 γάρ

299 3631 397 3711 οὗτος
425 3633 593 3718 ἐμπρήσας
618 3635 675 3710 τὰς
701 3635 812 3717 Θήβας
834 3637 938 3717 μόνης
960 3642 1018 3716 τής
1040 3630 1169 3698 ἐκείνου
1191 3635 1297 3711 οἰκίας
1320 3633 1482 3718 ἐφείσατο.
1530 3635 1581 3719 ἐχ-

299 3749 392 3828 θρῶς
415 3737 451 3805 δέ
476 3740 691 3826 διακειμένων
713 3752 781 3806 τῶν
797 3739 985 3824 Ἀθηναίων
1003 3742 1086 3827 πρὸς
1103 3743 1182 3818 τοὺς
1203 3745 1379 3826 Θηβαίους,
1401 3738 1470 3806 ἐπεὶ
1489 3737 1582 3808 εἶπεν

299 3847 335 3914 έν
363 3857 433 3923 τοῖς
459 3843 563 3912 αὐτοῦ
590 3849 782 3932 ποιήμασιν·
810 3842 849 3912 Ὦ
877 3851 1119 3933 ταλαίπωροι
1149 3853 1288 3933 Θῆβαι,
1315 3847 1370 3914 καί
1399 3853 1581 3933 Μεγαλο-

298 3956 433 4031 πόλιες
453 3951 628 4038 Ἀθᾶναι,
652 3954 833 4038 ἐζημίωσαν
857 3955 961 4019 αὐτὸν
982 3957 1146 4040 χρήμασιν
1168 3958 1203 4021 οί
1221 3961 1371 4041 Θηβαῖοι,
1394 3957 1476 4041 άπερ
1495 3953 1582 4042 ὑπὲρ

245 4078 281 4128 30
300 4061 428 4127 ἐκείνου
447 4062 559 4127 ἐτισαν
575 4059 754 4145 Ἀθηναῖοι
795 4061 976 4148 γέγραπται
994 4059 1031 4127 δέ
1045 4063 1134 4151 αὐτῷ
1154 4061 1369 4128 ἑπτακαίδεκα
1387 4066 1510 4148 βιβλία,
1532 4060 1581 4130 ὧν

298 4185 439 4254 τεσσαρα
462 4169 482 4252 ἡ
506 4167 664 4254 λεγομένη
687 4170 852 4254 περίοδος·
878 4168 963 4252 λέγει
987 4170 1079 4255 τάδε,
1100 4168 1347 4255 Ὀλυμπιονῖκαι
1371 4174 1581 4238 Πυθιονῖκαι

296 4273 514 4360 Ἰσθμιονῖκαι
533 4279 742 4361 Νεμεονῖκαι.
786 4275 864 4362 [άπὸ
889 4273 926 4341 δὲ
948 4287 1015 4340 τῶν
1039 4275 1081 4355 ιζ’
1099 4281 1241 4361 βιβλίων
1263 4277 1327 4343 είσί
1350 4276 1405 4344 καλ
1427 4278 1468 4342 τά
1491 4285 1582 4362 λεγό

298 4407 380 4466 μενα
402 4384 565 4468 προσόδια
588 4382 642 4448 καί
665 4380 846 4470 παρθένια,
873 4392 1022 4464 παιᾶνες,
1049 4383 1165 4469 ὕμνοι,
1192 4386 1436 4472 διθυραμβικά,
1463 4389 1582 4452 σκολιά

301 4487 355 4554 καὶ
378 4490 485 4573 ἄλλα]

389 4723 429 4772 11.
450 4717 490 4773 Of.
511 4719 555 4772 ad.
575 4717 718 4773 Eusssathii
736 4718 785 4774 vit.
805 4737 832 4790 p.
848 4718 916 4776 CIII.
937 4753 970 4761 -
989 4725 1031 4776 28.
1051 4721 1084 4776 fr.
1101 4727 1152 4776 196
1172 4755 1205 4762 -
1223 4721 1253 4775 P.
1269 4741 1308 4774 vn
1323 4728 1346 4775 1.
1368 4755 1401 4763 -
1421 4728 1501 4778 32ss.
1514 4724 1580 4779 άπὸ

372 4788 441 4844 ἄλλα
461 4791 525 4844 add.
545 4790 708 4847 Germanus.
