3417 5434
620 285 779 338 OLYMPIA
796 285 832 336 II.
1322 285 1364 347 15

92 455 262 530 argumenta
285 454 376 528 poeta
399 451 535 527 inprimis
559 451 669 527 petivit
690 452 727 510 ab
746 451 827 509 iusto
845 449 991 528 regimine
1010 450 1104 510 divini
1122 451 1264 529 numinis,
1284 452 1365 528 quod

91 545 117 600 et
141 542 169 599 in
196 543 253 601 hac
280 544 362 600 terra
388 540 477 600 rebus
505 540 644 599 humanis
668 559 763 617 aeque
791 539 961 598 consuleret
989 540 1079 598 etde
1107 541 1233 600 mortuis
1260 559 1364 599 severa

90 631 192 690 iudicia
220 632 377 690 exerceret.
423 629 458 688 In
485 630 638 705 prooemio
667 650 702 688 ex
728 629 824 688 tribus
852 628 1091 705 laudationibuS,
1114 629 1195 688 Iovis
1218 630 1363 705 praesidis

90 721 176 796 Pisae,
199 719 339 779 Herculis
362 719 524 778 conditoris
547 719 696 796 ludorum,
715 717 860 776 Theronis
883 717 1014 794 victoris,
1037 718 1160 776 tertiam
1182 738 1364 795 persequen-

90 810 152 866 dam
175 808 231 867 sibi
254 808 397 884 proponit
420 800 528 889 (1-8).
575 808 640 866 Iam
663 827 681 866 a
705 807 849 866 Theronis
872 807 1050 884 maioribus,
1078 808 1132 883 qui
1158 811 1228 882 post
1251 809 1363 867 multos

90 898 199 957 labores
221 897 423 975 Agrigentum
445 896 552 956 urbem
579 897 777 973 condiderint,
806 915 890 956 orsus
914 889 1041 978 (9-12),
1064 915 1119 971 pro
1142 896 1247 955 futura
1269 898 1363 957 felici-

88 991 145 1045 tate
169 987 233 1046 eius
256 987 323 1062 pias
346 1005 448 1062 preces
471 986 585 1063 fundit,
615 989 651 1044 ut
673 986 853 1044 iniuriarum
877 985 984 1044 acerba
1006 986 1150 1044 memoria
1173 985 1364 1046 oblitteretur

90 1069 233 1156 [ts—ach
257 1094 416 1136 aemmnas
440 1074 519 1134 enim
537 1075 716 1151 praeteritas
736 1074 887 1150 praesenti
909 1074 1055 1133 felicitate
1073 1075 1204 1134 vinciet
1223 1076 1363 1135 adversas

89 1185 130 1224 res
148 1165 283 1224 secundis
307 1165 338 1222 in
362 1164 427 1223 vita
446 1165 579 1223 humana
602 1164 711 1222 mixtas
735 1183 810 1240 esse,
835 1163 899 1222 eius
921 1163 966 1222 rei
988 1164 1166 1224 documento
1190 1183 1253 1224 esse
1275 1184 1363 1224 casus

90 1254 212 1314 filiarum
239 1253 345 1312 Cadmi
376 1256 407 1312 11
439 1254 504 1312 fata
536 1253 776 1313 Labdacidarum
800 1244 944 1334 (21-49).
991 1252 1041 1312 Sic
1064 1253 1209 1312 Theronis
1241 1273 1362 1331 quoque

90 1344 216 1402 animum
233 1342 385 1419 praesenti
403 1341 549 1401 felicitate
566 1343 762 1402 victoriarum
781 1340 1008 1417 Olympicarum
1025 1341 1223 1418 Pythicarum
1241 1343 1362 1402 Isthmi-

90 1452 185 1490 carum
208 1433 245 1491 ab
274 1430 401 1490 tristitia
428 1430 522 1509 refici,
546 1451 607 1508 qua
630 1432 775 1491 felicitate
797 1430 884 1489 unice
908 1450 977 1490 eum
999 1431 1125 1509 dignum
1148 1451 1226 1510 esse,
1249 1435 1285 1490 ut
1309 1433 1363 1509 qui

91 1521 196 1580 divitiis
218 1541 288 1580 cum
310 1521 424 1597 pietate
443 1521 564 1579 fruatur
582 1524 613 1580 et
631 1521 667 1579 de
685 1520 774 1579 rebus
793 1519 903 1579 divinis
922 1520 1073 1596 sapienter
1091 1521 1204 1580 sentiat
1218 1513 1361 1602 (to-62).

92 1610 155 1669 lude
178 1615 313 1670 veterum
337 1609 518 1686 sapientium
541 1610 861 1688 Pythagoreorumque
884 1610 1028 1686 dogmata
1045 1610 1081 1668 de
1100 1609 1217 1669 animae
1241 1610 1361 1671 immor-

92 1701 200 1759 talitate
223 1702 315 1777 atque
341 1699 547 1777 palingenesia
572 1699 707 1776 exponit:
731 1717 834 1758 severa
860 1699 895 1756 de
922 1698 1049 1758 mortuis
1075 1700 1156 1775 apud
1181 1699 1361 1759 1111101111-

91 1789 160 1848 dicia
182 1789 252 1866 fieri,
276 1788 356 1846 unde
379 1788 450 1847 boni
473 1789 562 1847 beata
585 1789 650 1847 vita
671 1789 821 1866 fruantur,
842 1787 930 1863 impii
953 1788 1026 1846 diris
1049 1789 1152 1863 poenis
1176 1789 1361 1867 affligantur,

93 1879 138 1952 qui
163 1882 263 1936 antem
289 1881 337 1936 ter
364 1877 426 1936 sine
455 1879 563 1936 scelere
591 1877 686 1938 vitam
708 1877 891 1955 peregerint,
916 1877 955 1935 ad
977 1877 1092 1937 insulas
1114 1877 1284 1956 beatorum,
1307 1879 1361 1937 ubi

92 1967 188 2027 Peleus
210 1967 340 2026 Cadmus
362 1966 493 2026 Achilles
523 1967 647 2045 degant,
676 1966 864 2026 deducantur
891 1958 1036 2047 (62-91).
1082 1967 1148 2025 Iam
1174 1987 1243 2027 cum
1270 1969 1303 2026 in
1326 1988 1360 2027 eo

93 2061 172 2130 poeta
194 2060 281 2134 esset,
305 2059 341 2114 ut
363 2056 455 2114 talem
479 2059 589 2115 sortem
612 2057 705 2114 etiam
727 2056 871 2132 Theroni,
900 2055 1013 2113 homini
1042 2056 1222 2134 iustissimo,
1252 2057 1361 2117 obven-

93 2149 182 2204 turam
207 2165 268 2206 esse
297 2149 511 2222 auguraretur,
540 2145 578 2203 ab
607 2146 722 2204 arcanis
750 2145 840 2204 rebus
863 2145 983 2222 longius
1011 2145 1225 2222 persequendis
1254 2165 1286 2206 se
1314 2165 1363 2205 re-

93 2238 171 2293 vocat
192 2238 281 2312 atque
314 2235 347 2292 in
379 2255 413 2294 eo
447 2233 625 2310 acquiescit,
658 2237 694 2292 ut
724 2235 843 2293 iuratus
869 2234 1014 2294 Theronis
1036 2235 1166 2294 virtutes
1188 2236 1362 2295 innumeras

94 2323 178 2382 instar
198 2325 379 2384 harenarum
402 2342 464 2382 esse
488 2324 665 2400 pronuntiet
688 2315 850 2404 (92-110).

170 2413 310 2474 Theronis
338 2414 370 2471 in
396 2413 539 2472 honorem
568 2413 716 2471 Pindarus
743 2415 864 2489 praeter
891 2412 1019 2488 epinicia
1051 2412 1086 2473 Ο.
1109 2433 1133 2472 11
1156 2417 1187 2473 11
1208 2432 1244 2472 111
1267 2414 1360 2474 etiam

94 2504 243 2562 encomium
265 2503 362 2579 misit,
392 2502 476 2561 cuius
500 2503 631 2560 frustula
653 2503 779 2561 collecta
801 2502 893 2560 habes
916 2503 952 2562 fr.
977 2513 1028 2560 118
1052 2506 1083 2562 et
1107 2515 1165 2561 119.
1202 2504 1362 2564 Praeterea

93 2591 234 2650 lemanno
253 2603 307 2651 494
327 2591 515 2668 Thrasybulo
536 2592 660 2668 eiusque
678 2591 759 2672 patri
776 2592 946 2669 Xenocrati,
966 2610 1055 2668 quem
1073 2593 1198 2651 fratrem
1217 2593 1362 2652 Theronis

93 2679 173 2740 fuisse
203 2699 294 2757 supra
332 2681 474 2758 diximuS,
515 2681 674 2740 victoriam
702 2681 880 2756 Delphicam
910 2681 1040 2740 carmine
1071 2681 1104 2742 P.
1127 2700 1160 2740 vr
1188 2683 1361 2759 gratulatus

95 2773 157 2830 erat.
198 2771 262 2830 Iam
292 2773 362 2829 ante
386 2770 552 2830 Theronem
580 2790 615 2830 ex
643 2769 840 2846 optimatibus
865 2770 984 2829 Siciliae
1009 2769 1151 2847 Olympia
1172 2771 1308 2830 vicerant
1331 2775 1362 2830 et

93 2864 270 2919 monumenta
294 2862 539 2920 consecraverant
569 2860 715 2918 Pantares
741 2859 919 2919 Menecratis
947 2858 987 2917 fil.
1012 2859 1137 2938 Gelous,
1165 2859 1304 2920 Cleandri
1331 2864 1362 2920 et

94 2945 269 3026 Hippocratis
292 2951 491 3025 tyrannorum
518 2952 605 3025 pater
637 2941 678 3030 (v.
702 2949 810 3008 Herod.
835 2967 880 3007 vu
904 2942 983 3029 154),
1010 2949 1097 3007 cuius
1125 2950 1236 3010 titulus
1264 2970 1362 3026 nuper

95 3033 236 3114 Olympiae
267 3038 409 3098 inventus
433 3039 479 3097 est
502 3031 604 3118 (Areh.
630 3038 702 3096 Zeit.
731 3041 813 3098 1882
838 3058 866 3096 11.
890 3032 967 3118 424),
991 3041 1023 3096 11
1046 3039 1141 3098 Gelon
1164 3039 1285 3117 GelouS,
1308 3040 1363 3115 qui

95 3144 152 3185 cum
179 3127 222 3187 Ol.
243 3131 284 3187 73
305 3153 348 3175 =
368 3129 432 3187 488
453 3147 478 3186 a.
499 3127 565 3188 Chr.
588 3127 721 3204 vicisset,
746 3146 873 3186 aeneum
900 3147 1021 3186 currum
1049 3147 1068 3186 a
1096 3128 1224 3188 Glaucia
1246 3130 1362 3187 factum

95 3207 278 3293 1111111111.
305 3219 390 3276 1818
414 3209 528 3297 11186)
557 3215 714 3293 Olympiae
745 3215 896 3275 dedicavit
923 3210 1177 3298 (Paus.V19,4).
1222 3218 1360 3294 Denique

94 3302 159 3364 idem
177 3306 277 3382 Gelon,
297 3305 437 3364 Hieronis
456 3306 549 3378 frater
567 3305 671 3384 maior,
691 3305 868 3364 thesaurum
887 3305 1045 3382 Olympiae
1064 3306 1242 3384 aedificavit,
1262 3326 1360 3384 quern,

95 3395 161 3466 quod
174 3395 331 3454 manubias
346 3394 642 3473 Carthaginiensibus
657 3395 695 3454 ad
708 3395 852 3454 Himeran
868 3394 1017 3454 detractas
1035 3396 1216 3474 continebat,
1236 3395 1360 3454 Cartha·

97 3483 243 3556 giniensem
262 3483 457 3560 appellabant
476 3477 578 3566 (Paua.
598 3503 630 3544 v1
650 3495 691 3560 19,
711 3495 741 3562 ‘1;
764 3485 800 3544 cf.
823 3483 880 3544 Die
903 3486 1146 3564 Ausgrabungen
1164 3506 1201 3544 au
1220 3483 1362 3562 Olympia

98 3567 245 3656 113111),
270 3593 330 3650 quo
354 3574 495 3632 thesauro
514 3575 606 3633 etiam
625 3573 826 3649 antiquiorem
849 3573 942 3633 filisse
966 3575 1057 3634 Gelae
1080 3575 1163 3633 urbis
1186 3575 1361 3634 thesaurum

99 3651 291 3833 (Paus.tc11)9,
313 3655 360 3744 15)
384 3683 419 3722 ex
443 3663 680 3723 architectonicis
703 3663 821 3722 indiciis
844 3664 993 3741 colligunt
1016 3656 1057 3745 (v.
1076 3665 1240 3742 Bbtticher,
1260 3663 1362 3739 Olym·

98 3767 140 3822 pla
160 3772 185 3826 p.
203 3763 253 3811 202
272 3799 277 3809 .

628 3881 672 3946 De
695 3881 818 3948 metris.

174 4018 318 4080 Carminis
336 4021 425 4080 huius
443 4021 560 4082 numeri
580 4027 650 4082 sunt
668 4021 813 4099 paeonici,
832 4020 942 4098 quibus
961 4021 1109 4081 similibus
1128 4022 1159 4080 in
1178 4021 1360 4088 carminibus

101 4105 128 4164 O.
141 4129 163 4168 1.
185 4109 216 4168 P.
237 4132 266 4171 v.
289 4111 438 4170 Pindarus
461 4131 534 4170 usus
558 4115 609 4171 est.
658 4112 799 4171 Colonum
821 4111 853 4168 in
877 4110 932 4170 hoc
955 4131 1063 4188 genere
1086 4111 1251 4169 carminum
1275 4112 1360 4169 nulla

100 4195 292 4278 screvisset,
320 4201 398 4260 unde
423 4221 457 4260 ea
481 4221 517 4260 ne
541 4202 671 4261 dividere
696 4202 817 4278 quidem
840 4219 947 4276 operae
970 4201 1101 4276 pretium
1124 4218 1187 4258 esse
1211 4200 1360 4259 duximus.

101 4283 178 4346 Pedes
195 4290 372 4366 principales
391 4293 462 4350 sunt
480 4291 581 4351 cretici
600 4295 631 4350 et
648 4310 777 4367 paeones
795 4291 911 4367 primus
930 4293 961 4348 et
979 4293 1115 4366 quartus,
1139 4289 1192 4365 qui
1215 4289 1259 4347 111
1282 4289 1361 4347 inter

101 4393 125 4432 se
144 4377 247 4439 similes
270 4383 350 4458 sunt,
373 4383 408 4439 ut
430 4399 517 4456 saepe
541 4382 572 4438 in
590 4381 651 4440 ,hoe
674 4381 803 4441 carmine
823 4372 890 4462 (atr.
904 4391 930 4439 1.
945 4391 969 4438 6.
984 4400 1029 4454 ep.
1046 4392 1069 4436 1.
1084 4371 1116 4459 4)
1136 4379 1213 4437 alter
1236 4379 1360 4437 alterius

101 4464 180 4525 sicem
197 4469 338 4529 obtineat.
374 4470 518 4530 Bacchios
540 4473 570 4529 et
588 4470 791 4529 antibacchios
809 4489 883 4527 num
901 4469 1018 4528 creticis
1038 4472 1069 4526 et
1086 4468 1251 4544 paeonibus
1270 4471 1360 4544 poeta

101 4553 281 4636 admiscuerit,
305 4558 442 4618 dubitare
464 4560 568 4636 possis.
605 4561 706 4637 Atque
725 4559 871 4638 bacchica,
891 4578 1019 4635 quorum
1038 4557 1121 4634 prior
1139 4560 1193 4616 aut
1211 4558 1360 4634 posterior

101 4641 176 4722 longa
196 4647 226 4705 in
249 4647 324 4705 duas
347 4648 449 4708 breves
472 4650 571 4709 soluta
594 4649 642 4728 sit,
666 4670 700 4709 eo
724 4650 820 4728 magis
844 4648 1024 4725 spernendos
1047 4640 1163 4725 putavi,
1182 4647 1262 4724 quod
1282 4648 1359 4706 hanc

102 4729 234 4796 hccntiam
260 4737 292 4796 in
321 4738 456 4818 cognatis
483 4739 608 4816 pedibus
636 4739 740 4800 ionicis
768 4739 860 4800 ctiam
890 4742 958 4816 post
984 4738 1150 4796 Pindarum
1172 4757 1240 4798 raro
1263 4737 1360 4796 Attici
