3417 5434
306 357 371 421 390
866 359 1014 410 emnem

305 523 337 586 ἐν
361 519 425 609 ᾠδῇ
448 523 525 612 κόμη
544 547 573 586 τε
591 534 684 608 χρυσῇ
702 522 752 584 καὶ
770 524 872 604 λύραις
892 517 974 603 (fort.
994 515 1083 607 λύρᾳ)
1101 521 1313 602 κοσμήσαντες,
1333 521 1458 594 κύκνοις
1478 519 1600 599 ἔποχον
1700 539 1701 544 ’

306 614 348 686 εἰς
371 611 516 675 Ἑλικῶνα
539 613 701 693 πέμπουσι,
725 613 866 688 Μούσαις
890 611 999 693 Χάρισί
1024 634 1054 674 τε
1082 609 1157 691 ὁμοῦ
1183 612 1424 693 συγχορεύσοντα.
1452 645 1494 652 -
1523 611 1600 669 Huc.

306 704 437 781 pertinet
459 705 550 764 etiem
574 704 735 764 Menander
758 703 1018 782 Rhet.gr.111ne⁷
1044 703 1106 779 Sp.:
1130 699 1278 782 προῦλαβε
1303 699 1335 762 δὲ
1358 700 1409 762 καί
1430 700 1601 778 Πίνδαρος

307 791 421 872 ύμνους
444 793 569 874 γράφων
593 792 634 865 εἰς
658 790 709 852 τὸν
733 790 806 852 θεὸν
830 789 932 866 ἀξίους
955 800 1007 870 τῆς
1030 788 1145 852 ἐκείνου
1168 791 1266 871 λύρας.

871 973 910 1032 τι
937 963 1018 1050 [ιη.

520 1199 700 1264 Δωδωναῖε
724 1197 956 1283 μεγάσ-θενες,
979 1195 1194 1281 ἀριστότεχνα
1216 1197 1327 1280 πάτερ.

398 1490 494 1550 Schol.
520 1489 558 1549 ad
582 1488 885 1566 Soph.Trenh.172:
909 1485 1078 1566 Εὐριπίδης
1100 1491 1176 1566 τρεῖς
1198 1482 1349 1566 γεγονέναι
1375 1484 1471 1563 φησλν
1495 1485 1601 1557 αὐτάς

310 1571 516 1660 (Πελειάδας),
544 1578 576 1638 οί
601 1575 632 1638 δέ
661 1577 715 1637 δύο
743 1574 793 1637 καί
820 1574 875 1653 τὴν
899 1571 952 1654 μέν
975 1575 1018 1648 εἰς
1042 1575 1164 1654 Λιβύην
1187 1571 1349 1651 ἀφικέσθαι
1374 1573 1528 1654 Θήβηθεν
1554 1575 1601 1648 εἰς

308 1666 339 1728 τὸ
364 1676 416 1728 τοῦ
437 1663 595 1746 ’Ἁμμιονος
618 1665 810 1748 χρηστήριον,
837 1663 892 1744 τὴν
916 1661 990 1744 <δέ>
1013 1663 1079 1744 περλ
1102 1663 1157 1742 τὴν
1180 1663 1349 1743 Δωδώνην,
1372 1661 1413 1735 ὡς
1434 1663 1487 1724 καί
1512 1665 1599 1724 Πίν-

308 1757 397 1838 δαρος
421 1759 560 1819 Παιᾶσιν.

872 1864 912 1922 59
940 1856 1019 1941 [31].

398 1971 654 2030 Streb.v11328:
685 1967 809 2048 πότερον
840 1965 872 2028 δὲ
903 1967 957 2047 χρὴ
985 1965 1078 2049 λέγειν
1106 1964 1265 2044 Ἑλλούς,
1297 1963 1338 2039 ἀς
1369 1966 1548 2046 Πίνδαρος,
1579 1966 1602 2047 ἦ

310 2061 453 2137 Σελλούς,
480 2056 520 2130 ὡς
548 2057 730 2120 ὑπονοοῦσιν
757 2051 828 2136 παρ’
850 2053 967 2142 Ὁμήρῳ
996 2061 1129 2133 κεῖσθαι,
1151 2053 1171 2133 ἡ
1195 2054 1296 2137 γραφὴ
1319 2053 1488 2135 ἀμφίβολος
1511 2049 1602 2117 οὖσα

309 2148 364 2210 ούκ
392 2147 425 2232 ἰᾷ
453 2148 691 2228 διισχυρίζεσθαι.
739 2147 835 2207 Sehol.
859 2147 946 2207 Hom.
970 2148 1004 2205 Π
1024 2159 1084 2207 234.
1129 2147 1178 2205 Et.
1201 2147 1241 2204 M.
1266 2157 1330 2226 709,
1354 2157 1401 2206 38:
1432 2145 1602 2227 Πίνδαρος

306 2233 405 2300 Ἑλλοί
425 2235 513 2318 χωρὶς
536 2247 588 2298 τοῦ
612 2243 638 2298 ’σ.

874 2345 915 2404 60
940 2337 1020 2422 [32].

401 2451 498 2514 Streb.
522 2470 566 2511 vn
590 2461 655 2511 328:
680 2451 711 2512 οἱ
731 2450 864 2531 τραγικοί
890 2472 919 2510 τε
945 2448 996 2510 καὶ
1018 2449 1172 2530 Πίνδαρος
1197 2449 1427 2529 Θεσπρωτίδα
1454 2449 1602 2527 εἰρήκασι

308 2540 362 2619 τὴν
386 2540 547 2618 Δωδώνην.

843 2640 1022 2756 emm

528 3038 568 3098 Τι’
590 3032 618 3098 δ’
647 3036 758 3098 ἔλπεαι
782 3036 906 3116 σοφίαν
930 3071 943 3080 -
968 3035 1082 3117 ἔμμεν,
1105 3025 1126 3118 ᾇ
1149 3030 1178 3096 τ’
1204 3032 1318 3114 ὀλίγον

523 3141 606 3226 ἀνὴρ
631 3136 713 3224 ὑπὲρ
737 3139 860 3226 ἀνδρὸς
884 3141 1003 3224 ίσχύει;

523 3248 562 3312 οὐ
587 3248 649 3332 γὰρ
674 3245 745 3312 ἔσθ’
774 3246 862 3324 ὅπως
885 3246 925 3310 τὰ
947 3252 1039 3310 θεῶν
1061 3245 1256 3330 βουλεύματ’
1284 3245 1417 3331 ἐρευνά-

566 3371 616 3419 σει
639 3353 758 3441 βροτέρι
781 3357 895 3438 φρενί·
918 3359 1060 3428 θνα-τᾶς
1084 3351 1115 3416 δ’
1137 3351 1204 3417 ’ἀπὸ
1228 3355 1351 3437 ματρὸς
1374 3357 1448 3437 ἔφυ.

873 3540 914 3597 62
954 3540 1019 3596 34.

399 3646 496 3706 Schol.
519 3645 616 3722 Apoll.
641 3644 734 3704 Rhod.
759 3664 769 3702 1
796 3656 877 3704 1086:
906 3535 1009 3720 εἴληφά
1036 3639 1068 3702 δὲ
1095 3640 1130 3702 τά
1157 3641 1223 3723 περὶ
1246 3652 1305 3702 τῶν
1327 3640 1485 3705 ἀλκυόνων
1508 3646 1593 3724 παρὰ

310 3735 467 3815 Πινδάρου
491 3731 522 3794 ἐκ
546 3732 698 3792 Παιάνων.
737 3732 864 3813 εὐλόγως
886 3729 917 3793 δὲ
942 3729 1033 3792 ὄσσαν
1056 3724 1118 3792 εἶπε
1141 3731 1195 3809 τὴν
1219 3729 1364 3805 ἀλκυόνος
1383 3734 1504 3811 φωνήν·
1531 3734 1592 3796 {ned

310 3825 365 3905 γὰρ
380 3821 476 3905 Ἥρας
498 3815 536 3902 ἦν
561 3819 777 3900 ἀπεσταλμένη,
800 3821 840 3894 ὥς
863 3839 939 3900 φησι
961 3821 1119 3901 Πίνδαρος.

380 4029 422 4083 Fr.
444 4033 484 4081 57.
523 4028 575 4081 Dio
595 4027 690 4096 Chrys.
710 4043 748 4082 or.
768 4047 807 4081 x11
825 4045 865 4096 ει,
887 4047 913 4098 p.
932 4043 971 4082 ιιο
989 4027 1035 4082 R:
1059 4026 1125 4081 οὐδὲ
1144 4031 1225 4090 θεοῖς
1242 4035 1313 4082 πᾶσι
1331 4029 1455 4083 δυνατὸν
1476 4026 1492 4097 ἢ
1512 4028 1592 4102 μόνῳ

309 4101 396 4174 τούτῳ
411 4099 511 4171 σχεδὸν
526 4097 558 4154 δν
572 4099 649 4153 πάνυ
664 4103 753 4162 καλῶς
767 4100 885 4168 ποιητὴς
898 4107 1047 4169 προσεῖπεν
1062 4096 1165 4166 ἔτερος·
1187 4101 1370 4154 Δωδωναῖε
1388 4105 1445 4155 κτλ.
1471 4101 1591 4156 Pindari

309 4181 410 4228 nomen
429 4171 510 4226 addit
529 4171 602 4225 Plut.
623 4171 717 4225 Ρτειεο.
738 4171 805 4241 reip.
825 4187 882 4240 ger.
903 4188 940 4226 le:
965 4169 1030 4224 δδὲ
1053 4170 1195 4233 πολιτικὸς
1217 4168 1465 4242 ἀριστοτέχνας
1488 4193 1530 4236 τις
1549 4171 1591 4228 ὃν

310 4243 381 4298 κατὰ
402 4241 546 4310 Πίνδαρον
565 4243 613 4296 καὶ
632 4243 801 4314 δημιουργὸς
820 4240 950 4312 εὐνομίας
969 4242 1016 4295 καλ
1035 4239 1123 4308 δίκας,
1143 4242 1221 4296 Idem
1239 4242 1280 4296 De
1300 4259 1351 4297 ser.
1370 4260 1446 4298 num.
1463 4243 1541 4299 vind.
1562 4264 1589 4300 ιε
1700 4255 1701 4262 ³

310 4317 358 4370 καὶ
377 4313 520 4383 Πίνδαρος
540 4313 727 4383 ἐμαρτύρησεν
746 4311 995 4383 ἀριστοτέχναν
1014 4313 1241 4384 ἀνακαλούμενος
1259 4313 1310 4368 τὸν
1328 4313 1453 4384 ἄρχοντα
1470 4317 1519 4368 καὶ
1538 4317 1590 4369 τιά-

311 4407 372 4454 ριον
391 4386 525 4441 ἁπάντων
543 4385 627 4453 θεάν,
647 4387 683 4450 ὡς
702 4387 736 4455 δὴ
757 4388 836 4453 δίκης
856 4384 923 4440 ύντα
942 4381 1119 4453 δημιουργόν.
1150 4384 1318 4453 Respiciunt
1334 4383 1409 4439 Plut.
1430 4386 1464 4439 de
1483 4386 1537 4441 fac.
1559 4387 1591 4442 in

310 4458 367 4513 orb.
383 4457 440 4512 lun.
456 4473 490 4524 τε,
511 4457 573 4511 ndv.
590 4456 674 4512 Stoic.
690 4473 722 4538 ιη
743 4456 855 4522 Quneet.
871 4474 958 4526 eymp.
974 4475 984 4508 1
999 4471 1018 4522 ε,
1033 4472 1054 4523 5,
1074 4454 1158 4510 clem.
1174 4454 1251 4511 Alex.
1268 4456 1369 4512 Strom.
1385 4477 1402 4510 v
1417 4474 1464 4524 κιο,
1484 4457 1588 4513 Euneb.

310 4530 379 4583 Prae
402 4574 407 4584 .
427 4547 468 4583 ev.
489 4547 538 4580 xm
556 4545 595 4582 ωε
614 4529 652 4597 Β,
672 4528 808 4598 Εριρλτειυ.
829 4527 891 4582 adv.
912 4527 986 4582 haer.
1005 4543 1040 4595 οι,
1060 4542 1092 4580 ee.

381 4549 424 4654 δε.
444 4606 486 4655 61.
525 4599 601 4655 stob.
621 4599 679 4654 Ecl.
699 4599 906 4670 phye.111,n:
934 4596 1081 4666 Πινδάρου
1105 4595 1249 4652 παιάνων·
1276 4597 1308 4652 τί
1334 4597 1365 4652 δ’
1387 4599 1506 4653 ἔλπεαι
1529 4605 1589 4656 τιτλ.

310 4671 416 4725 Eadem
439 4672 488 4725 sed
512 4670 604 4724 minue
627 4671 737 4741 integre
763 4671 884 4725 efferunt
902 4669 987 4724 Olem.
1006 4669 1083 4723 Alex.
1104 4669 1203 4724 Strom.
1223 4689 1241 4723 v
1259 4686 1299 4725 τεο
1317 4673 1347 4724 et
1364 4671 1465 4726 Euseb.
1486 4671 1588 4742 Praep.

310 4759 351 4798 ev.
367 4761 416 4794 x111
431 4759 470 4798 σεε
484 4743 506 4796 Β
523 4773 554 4782 -
573 4749 594 4795 1.
612 4742 695 4810 ἔμμεν
710 4743 809 4812 Bergk,
826 4742 942 4811 ἔμμεναι
955 4741 1076 4809 Boeckh‚
1092 4736 1164 4795 εἶναι
1178 4740 1265 4812 vulgo
1280 4773 1315 4781 -
1329 4737 1348 4794 ά
1363 4740 1389 4795 τ’
1406 4741 1500 4811 ὀλίγον
1513 4744 1588 4798 coni.

310 4795 1589 4890 nmnmwmmnm-mwmmfflnmmw.
