<?xml version="1.0" encoding="UTF-8"?>
<!DOCTYPE html PUBLIC "-//W3C//DTD XHTML 1.0 Transitional//EN"
    "http://www.w3.org/TR/xhtml1/DTD/xhtml1-transitional.dtd">
<html xmlns="http://www.w3.org/1999/xhtml" xml:lang="en" lang="en">
 <head>
  <title>
</title>
<meta http-equiv="Content-Type" content="text/html;charset=utf-8" />
  <meta name='ocr-system' content='tesseract 3.04.00' />
  <meta name='ocr-capabilities' content='ocr_page ocr_carea ocr_par ocr_line ocrx_word'/>
</head>
<body>
  <div class='ocr_page' id='page_1' title='image "./pindaricarminap01chrigoog_0464.png"; bbox 0 0 3417 5434; ppageno 0'>
   <div class='ocr_carea' id='block_1_1' title="bbox 345 305 1147 369">
    <p class='ocr_par' dir='ltr' id='par_1_1' title="bbox 345 305 1147 369">
     <span class='ocr_line' id='line_1_1' title="bbox 345 305 1147 369; baseline -0.014 1"><span class='ocrx_word' id='word_1_1' title='bbox 345 306 409 369; x_wconf 82' lang='lat'>328</span> <span class='ocrx_word' id='word_1_2' title='bbox 815 305 963 357; x_wconf 73' lang='lat' dir='ltr'>eruerer</span> <span class='ocrx_word' id='word_1_3' title='bbox 981 306 1147 359; x_wconf 71' lang='lat' dir='ltr'>ascaron.</span> 
     </span>
    </p>
   </div>
   <div class='ocr_carea' id='block_1_2' title="bbox 399 460 1615 555">
    <p class='ocr_par' dir='ltr' id='par_1_2' title="bbox 399 460 1615 555">
     <span class='ocr_line' id='line_1_2' title="bbox 399 460 1615 555; baseline -0.005 -20"><span class='ocrx_word' id='word_1_4' title='bbox 399 471 516 554; x_wconf 75' lang='grc' dir='ltr'><strong><em>παῖδα,</em></strong></span> <span class='ocrx_word' id='word_1_5' title='bbox 540 476 695 555; x_wconf 83' lang='grc' dir='ltr'><strong><em>θρασεῖαι</em></strong></span> <span class='ocrx_word' id='word_1_6' title='bbox 719 471 778 534; x_wconf 90' lang='grc' dir='ltr'>τόν</span> <span class='ocrx_word' id='word_1_7' title='bbox 800 490 878 533; x_wconf 88' lang='grc' dir='ltr'><strong><em>ποτε</em></strong></span> <span class='ocrx_word' id='word_1_8' title='bbox 903 470 1057 552; x_wconf 80' lang='grc' dir='ltr'><strong><em>Γηρυόνα</em></strong></span> <span class='ocrx_word' id='word_1_9' title='bbox 1080 465 1203 551; x_wconf 80' lang='grc' dir='ltr'><strong><em>φρίξαν</em></strong></span> <span class='ocrx_word' id='word_1_10' title='bbox 1225 460 1331 544; x_wconf 85' lang='grc' dir='ltr'><strong><em>κύνες.</em></strong></span> <span class='ocrx_word' id='word_1_11' title='bbox 1439 466 1506 531; x_wconf 76' lang='grc' dir='ltr'>Ἐκ.</span> <span class='ocrx_word' id='word_1_12' title='bbox 1526 464 1570 531; x_wconf 89' lang='grc' dir='ltr'>α’.</span> <span class='ocrx_word' id='word_1_13' title='bbox 1588 486 1615 529; x_wconf 74' lang='lat'>15</span> 
     </span>
    </p>
   </div>
   <div class='ocr_carea' id='block_1_3' title="bbox 350 571 1616 1197">
    <p class='ocr_par' dir='ltr' id='par_1_3' title="bbox 350 571 1616 1197">
     <span class='ocr_line' id='line_1_3' title="bbox 399 571 1520 663; baseline -0.004 -20"><span class='ocrx_word' id='word_1_14' title='bbox 399 576 476 643; x_wconf 88' lang='grc' dir='ltr'><strong><em>ἀλλ’</em></strong></span> <span class='ocrx_word' id='word_1_15' title='bbox 501 575 564 659; x_wconf 81' lang='grc' dir='ltr'>ἐγὼ</span> <span class='ocrx_word' id='word_1_16' title='bbox 583 574 753 663; x_wconf 88' lang='grc' dir='ltr'><strong><em>Ἡροδότῳ</em></strong></span> <span class='ocrx_word' id='word_1_17' title='bbox 777 576 903 659; x_wconf 80' lang='grc' dir='ltr'><strong><em>τεύχων</em></strong></span> <span class='ocrx_word' id='word_1_18' title='bbox 926 576 963 641; x_wconf 84' lang='grc' dir='ltr'>τὸ</span> <span class='ocrx_word' id='word_1_19' title='bbox 986 571 1047 659; x_wconf 71' lang='grc' dir='ltr'>μὲν</span> <span class='ocrx_word' id='word_1_20' title='bbox 1070 576 1190 660; x_wconf 81' lang='grc' dir='ltr'><strong><em>ἀρματι</em></strong></span> <span class='ocrx_word' id='word_1_21' title='bbox 1212 577 1384 661; x_wconf 76' lang='grc' dir='ltr'><strong><em>τεθρίππῳ</em></strong></span> <span class='ocrx_word' id='word_1_22' title='bbox 1408 572 1520 659; x_wconf 81' lang='grc' dir='ltr'><strong><em>γέρας,</em></strong></span> 
     </span>
     <span class='ocr_line' id='line_1_4' title="bbox 350 680 1616 767; baseline -0.006 -17"><span class='ocrx_word' id='word_1_23' title='bbox 350 702 381 750; x_wconf 80' lang='lat'>15</span> <span class='ocrx_word' id='word_1_24' title='bbox 401 684 478 750; x_wconf 83' lang='grc' dir='ltr'><strong><em>ἀνία</em></strong></span> <span class='ocrx_word' id='word_1_25' title='bbox 501 682 530 748; x_wconf 88' lang='grc' dir='ltr'>τ’</span> <span class='ocrx_word' id='word_1_26' title='bbox 557 681 745 767; x_wconf 73' lang='grc' dir='ltr'><strong><em>ἀλλοτρίαις</em></strong></span> <span class='ocrx_word' id='word_1_27' title='bbox 768 683 808 748; x_wconf 89' lang='grc' dir='ltr'>οὐ</span> <span class='ocrx_word' id='word_1_28' title='bbox 832 681 924 767; x_wconf 78' lang='grc' dir='ltr'><strong><em>χερσὶ</em></strong></span> <span class='ocrx_word' id='word_1_29' title='bbox 946 682 1151 767; x_wconf 80' lang='grc' dir='ltr'><strong><em>νωμάσαντι,</em></strong></span> <span class='ocrx_word' id='word_1_30' title='bbox 1172 680 1263 747; x_wconf 82' lang='grc' dir='ltr'><strong><em>θέλω</em></strong></span> <span class='ocrx_word' id='word_1_31' title='bbox 1587 700 1616 744; x_wconf 76' lang='lat' dir='ltr'>so</span> 
     </span>
     <span class='ocr_line' id='line_1_5' title="bbox 400 788 800 878; baseline -0.005 -22"><span class='ocrx_word' id='word_1_32' title='bbox 400 791 420 876; x_wconf 78' lang='grc' dir='ltr'><em>ἢ</em></span> <span class='ocrx_word' id='word_1_33' title='bbox 444 794 635 878; x_wconf 73' lang='grc' dir='ltr'><strong><em>Καστορείῳ</em></strong></span> <span class='ocrx_word' id='word_1_34' title='bbox 659 789 678 873; x_wconf 76' lang='grc' dir='ltr'><em>ἢ</em></span> <span class='ocrx_word' id='word_1_35' title='bbox 700 788 800 855; x_wconf 78' lang='grc' dir='ltr'><strong><em>Ἰολά-</em></strong></span> 
     </span>
     <span class='ocr_line' id='line_1_6' title="bbox 445 896 1046 985; baseline -0.003 -21"><span class='ocrx_word' id='word_1_36' title='bbox 445 896 489 964; x_wconf 90' lang='grc' dir='ltr'>οι’</span> <span class='ocrx_word' id='word_1_37' title='bbox 515 897 690 984; x_wconf 84' lang='grc' dir='ltr'><strong><em>ἐναρμόξαι</em></strong></span> <span class='ocrx_word' id='word_1_38' title='bbox 714 922 769 963; x_wconf 93' lang='grc' dir='ltr'>νιν</span> <span class='ocrx_word' id='word_1_39' title='bbox 792 896 895 985; x_wconf 79' lang='grc' dir='ltr'><strong><em>ὕμνῳ.</em></strong></span> <span class='ocrx_word' id='word_1_40' title='bbox 1042 969 1046 977; x_wconf 60' lang='grc'><strong><em>,</em></strong></span> 
     </span>
     <span class='ocr_line' id='line_1_7' title="bbox 400 1000 1281 1091; baseline -0.005 -20"><span class='ocrx_word' id='word_1_41' title='bbox 400 1017 504 1071; x_wconf 83' lang='grc' dir='ltr'><strong><em>κεῖνοι</em></strong></span> <span class='ocrx_word' id='word_1_42' title='bbox 527 1006 589 1091; x_wconf 86' lang='grc' dir='ltr'>γὰρ</span> <span class='ocrx_word' id='word_1_43' title='bbox 613 1004 733 1089; x_wconf 81' lang='grc' dir='ltr'><strong><em>ἡρώων</em></strong></span> <span class='ocrx_word' id='word_1_44' title='bbox 755 1003 956 1089; x_wconf 74' lang='grc' dir='ltr'><strong><em>διφρηλάται</em></strong></span> <span class='ocrx_word' id='word_1_45' title='bbox 980 1004 1203 1088; x_wconf 85' lang='grc' dir='ltr'><strong><em>Λακεδαίμονι</em></strong></span> <span class='ocrx_word' id='word_1_46' title='bbox 1226 1000 1281 1067; x_wconf 82' lang='grc' dir='ltr'>καὶ</span> 
     </span>
     <span class='ocr_line' id='line_1_8' title="bbox 448 1111 1616 1197; baseline -0.003 -20"><span class='ocrx_word' id='word_1_47' title='bbox 448 1114 573 1197; x_wconf 82' lang='grc' dir='ltr'><strong><em>Θήβαις</em></strong></span> <span class='ocrx_word' id='word_1_48' title='bbox 596 1111 779 1177; x_wconf 79' lang='grc' dir='ltr'><strong><em>ἐτέκνωθεν</em></strong></span> <span class='ocrx_word' id='word_1_49' title='bbox 801 1111 979 1196; x_wconf 85' lang='grc' dir='ltr'><strong><em>κράτιστοι.</em></strong></span> <span class='ocrx_word' id='word_1_50' title='bbox 1589 1128 1616 1173; x_wconf 78' lang='lat' dir='ltr'>ss</span> 
     </span>
    </p>
   </div>
   <div class='ocr_carea' id='block_1_4' title="bbox 351 1285 1573 2017">
    <p class='ocr_par' dir='ltr' id='par_1_4' title="bbox 351 1285 1573 2017">
     <span class='ocr_line' id='line_1_9' title="bbox 402 1285 1573 1373; baseline -0.005 -17"><span class='ocrx_word' id='word_1_51' title='bbox 402 1295 439 1358; x_wconf 81' lang='grc' dir='ltr'>ἔν</span> <span class='ocrx_word' id='word_1_52' title='bbox 461 1288 490 1355; x_wconf 89' lang='grc' dir='ltr'>τ’</span> <span class='ocrx_word' id='word_1_53' title='bbox 515 1288 668 1355; x_wconf 77' lang='grc' dir='ltr'><strong><em>ἀέθλοισι</em></strong></span> <span class='ocrx_word' id='word_1_54' title='bbox 690 1294 792 1373; x_wconf 89' lang='grc' dir='ltr'><strong><em>θίγον</em></strong></span> <span class='ocrx_word' id='word_1_55' title='bbox 814 1292 977 1355; x_wconf 82' lang='grc' dir='ltr'><strong><em>πλείστων</em></strong></span> <span class='ocrx_word' id='word_1_56' title='bbox 1000 1288 1154 1373; x_wconf 82' lang='grc' dir='ltr'><strong><em>ἀγώνων,</em></strong></span> <span class='ocrx_word' id='word_1_57' title='bbox 1428 1293 1509 1373; x_wconf 91' lang='grc' dir='ltr'>Στρ.</span> <span class='ocrx_word' id='word_1_58' title='bbox 1527 1285 1573 1371; x_wconf 83' lang='grc' dir='ltr'>β’.</span> 
     </span>
     <span class='ocr_line' id='line_1_10' title="bbox 403 1394 1027 1481; baseline -0.002 -18"><span class='ocrx_word' id='word_1_59' title='bbox 403 1396 457 1463; x_wconf 79' lang='grc' dir='ltr'>καὶ</span> <span class='ocrx_word' id='word_1_60' title='bbox 480 1397 692 1480; x_wconf 80' lang='grc' dir='ltr'><strong><em>τριπόδεσσιν</em></strong></span> <span class='ocrx_word' id='word_1_61' title='bbox 716 1394 900 1481; x_wconf 78' lang='grc' dir='ltr'><strong><em>ἐκόσμησαν</em></strong></span> <span class='ocrx_word' id='word_1_62' title='bbox 923 1396 1027 1481; x_wconf 91' lang='grc' dir='ltr'><strong><em>δόμον</em></strong></span> 
     </span>
     <span class='ocr_line' id='line_1_11' title="bbox 351 1503 1068 1589; baseline -0.006 -18"><span class='ocrx_word' id='word_1_63' title='bbox 351 1523 385 1571; x_wconf 78' lang='lat' dir='ltr'>‘aa</span> <span class='ocrx_word' id='word_1_64' title='bbox 404 1503 459 1570; x_wconf 81' lang='grc' dir='ltr'>καλ</span> <span class='ocrx_word' id='word_1_65' title='bbox 482 1504 673 1589; x_wconf 81' lang='grc' dir='ltr'><strong><em>λεβήτεσσιν</em></strong></span> <span class='ocrx_word' id='word_1_66' title='bbox 695 1504 851 1588; x_wconf 87' lang='grc' dir='ltr'><strong><em>φιάλαισί</em></strong></span> <span class='ocrx_word' id='word_1_67' title='bbox 871 1526 905 1568; x_wconf 92' lang='grc' dir='ltr'><strong><em>τε</em></strong></span> <span class='ocrx_word' id='word_1_68' title='bbox 928 1512 1068 1589; x_wconf 79' lang='grc' dir='ltr'><strong><em>χρυσοῦ,</em></strong></span> 
     </span>
     <span class='ocr_line' id='line_1_12' title="bbox 403 1610 773 1696; baseline -0.005 -19"><span class='ocrx_word' id='word_1_69' title='bbox 403 1615 576 1696; x_wconf 88' lang='grc' dir='ltr'><strong><em>γευόμενοι</em></strong></span> <span class='ocrx_word' id='word_1_70' title='bbox 599 1610 773 1695; x_wconf 87' lang='grc' dir='ltr'><strong><em>στεφάνων</em></strong></span> 
     </span>
     <span class='ocr_line' id='line_1_13' title="bbox 404 1714 1069 1805; baseline -0.003 -21"><span class='ocrx_word' id='word_1_71' title='bbox 404 1722 611 1803; x_wconf 84' lang='grc' dir='ltr'><strong><em>νικαφόρων·</em></strong></span> <span class='ocrx_word' id='word_1_72' title='bbox 636 1718 754 1802; x_wconf 79' lang='grc' dir='ltr'><strong><em>λάμπει</em></strong></span> <span class='ocrx_word' id='word_1_73' title='bbox 778 1714 815 1783; x_wconf 74' lang='grc' dir='ltr'><strong><em>δὲ</em></strong></span> <span class='ocrx_word' id='word_1_74' title='bbox 838 1718 948 1803; x_wconf 75' lang='grc' dir='ltr'><strong><em>σαφὴς</em></strong></span> <span class='ocrx_word' id='word_1_75' title='bbox 970 1716 1069 1805; x_wconf 84' lang='grc' dir='ltr'><strong><em>ἀρετὰ</em></strong></span> 
     </span>
     <span class='ocr_line' id='line_1_14' title="bbox 405 1826 1047 1911; baseline -0.003 -19"><span class='ocrx_word' id='word_1_76' title='bbox 405 1830 441 1892; x_wconf 84' lang='grc' dir='ltr'>ἕν</span> <span class='ocrx_word' id='word_1_77' title='bbox 464 1849 499 1892; x_wconf 90' lang='grc' dir='ltr'><strong><em>τε</em></strong></span> <span class='ocrx_word' id='word_1_78' title='bbox 521 1836 676 1911; x_wconf 86' lang='grc' dir='ltr'><strong><em>γυμνοῖσι</em></strong></span> <span class='ocrx_word' id='word_1_79' title='bbox 700 1826 848 1902; x_wconf 84' lang='grc' dir='ltr'><strong><em>σταδίοις</em></strong></span> <span class='ocrx_word' id='word_1_80' title='bbox 870 1828 987 1910; x_wconf 91' lang='grc' dir='ltr'><strong><em>σφίσιν</em></strong></span> <span class='ocrx_word' id='word_1_81' title='bbox 1011 1828 1047 1890; x_wconf 76' lang='grc' dir='ltr'>ἕν</span> 
     </span>
     <span class='ocr_line' id='line_1_15' title="bbox 448 1930 1160 2017; baseline -0.003 -19"><span class='ocrx_word' id='word_1_82' title='bbox 448 1930 477 1998; x_wconf 92' lang='grc' dir='ltr'>τ’</span> <span class='ocrx_word' id='word_1_83' title='bbox 503 1931 817 1998; x_wconf 71' lang='grc' dir='ltr'><strong><em>ἀσπιδοδούποισιν</em></strong></span> <span class='ocrx_word' id='word_1_84' title='bbox 840 1931 990 2008; x_wconf 86' lang='grc' dir='ltr'><strong><em>ὁπλίταις</em></strong></span> <span class='ocrx_word' id='word_1_85' title='bbox 1013 1932 1160 2017; x_wconf 90' lang='grc' dir='ltr'><strong><em>δρόμοις·</em></strong></span> 
     </span>
    </p>
   </div>
   <div class='ocr_carea' id='block_1_5' title="bbox 405 2104 1574 2197">
    <p class='ocr_par' dir='ltr' id='par_1_5' title="bbox 405 2104 1574 2197">
     <span class='ocr_line' id='line_1_16' title="bbox 405 2104 1574 2197; baseline 0 -20"><span class='ocrx_word' id='word_1_86' title='bbox 405 2104 459 2177; x_wconf 84' lang='grc' dir='ltr'><strong><em>οἷοί</em></strong></span> <span class='ocrx_word' id='word_1_87' title='bbox 481 2135 516 2178; x_wconf 85' lang='grc' dir='ltr'><strong><em>τε</em></strong></span> <span class='ocrx_word' id='word_1_88' title='bbox 539 2109 653 2195; x_wconf 82' lang='grc' dir='ltr'><strong><em>χερσίν</em></strong></span> <span class='ocrx_word' id='word_1_89' title='bbox 675 2111 901 2191; x_wconf 76' lang='grc' dir='ltr'><strong><em>ἀκοντίζοντες</em></strong></span> <span class='ocrx_word' id='word_1_90' title='bbox 923 2112 1071 2195; x_wconf 88' lang='grc' dir='ltr'><strong><em>αίχμαίς,</em></strong></span> <span class='ocrx_word' id='word_1_91' title='bbox 1426 2110 1510 2177; x_wconf 90' lang='grc' dir='ltr'><strong><em>Ἀντ.</em></strong></span> <span class='ocrx_word' id='word_1_92' title='bbox 1528 2112 1574 2197; x_wconf 79' lang='grc' dir='ltr'>β’.</span> 
     </span>
    </p>
   </div>
   <div class='ocr_carea' id='block_1_6' title="bbox 353 2240 564 2249">
    <p class='ocr_par' dir='ltr' id='par_1_6' title="bbox 353 2240 564 2249">
     <span class='ocr_line' id='line_1_17' title="bbox 353 2240 564 2249; baseline -0.014 0"><span class='ocrx_word' id='word_1_93' title='bbox 353 2240 564 2249; x_wconf 72' lang='lat'><em>----...-—-—-</em></span> 
     </span>
    </p>
   </div>
   <div class='ocr_carea' id='block_1_7' title="bbox 354 2283 1622 2786">
    <p class='ocr_par' dir='ltr' id='par_1_7' title="bbox 354 2283 1622 2786">
     <span class='ocr_line' id='line_1_18' title="bbox 426 2283 1622 2358; baseline 0.001 -17"><span class='ocrx_word' id='word_1_94' title='bbox 426 2293 467 2342; x_wconf 82' lang='lat' dir='ltr'>lb.</span> <span class='ocrx_word' id='word_1_95' title='bbox 491 2287 652 2358; x_wconf 78' lang='grc' dir='ltr'><strong><em>νωμάσαντι</em></strong></span> <span class='ocrx_word' id='word_1_96' title='bbox 674 2284 749 2342; x_wconf 76' lang='grc' dir='ltr'><strong><em>θέλω</em></strong></span> <span class='ocrx_word' id='word_1_97' title='bbox 773 2286 844 2341; x_wconf 90' lang='lat' dir='ltr'>coni.</span> <span class='ocrx_word' id='word_1_98' title='bbox 860 2286 1057 2341; x_wconf 80' lang='lat' dir='ltr'>Wislremaun:</span> <span class='ocrx_word' id='word_1_99' title='bbox 1083 2284 1243 2356; x_wconf 75' lang='grc' dir='ltr'><strong><em>νωμάσαντ’</em></strong></span> <span class='ocrx_word' id='word_1_100' title='bbox 1265 2283 1353 2341; x_wconf 72' lang='grc' dir='ltr'><strong><em>ἐθέλω</em></strong></span> <span class='ocrx_word' id='word_1_101' title='bbox 1377 2287 1459 2342; x_wconf 82' lang='lat' dir='ltr'>codd.</span> <span class='ocrx_word' id='word_1_102' title='bbox 1478 2290 1510 2343; x_wconf 83' lang='lat' dir='ltr'>et</span> <span class='ocrx_word' id='word_1_103' title='bbox 1531 2288 1622 2348; x_wconf 73' lang='lat' dir='ltr'>schol:</span> 
     </span>
     <span class='ocr_line' id='line_1_19' title="bbox 354 2355 1622 2429; baseline 0.001 -15"><span class='ocrx_word' id='word_1_104' title='bbox 354 2362 387 2415; x_wconf 80' lang='lat' dir='ltr'>cf.</span> <span class='ocrx_word' id='word_1_105' title='bbox 407 2360 427 2414; x_wconf 91' lang='lat' dir='ltr'>l.</span> <span class='ocrx_word' id='word_1_106' title='bbox 443 2378 470 2413; x_wconf 88' lang='lat' dir='ltr'>vr</span> <span class='ocrx_word' id='word_1_107' title='bbox 489 2375 528 2426; x_wconf 71' lang='grc' dir='ltr'>τις</span> <span class='ocrx_word' id='word_1_108' title='bbox 552 2358 661 2427; x_wconf 76' lang='grc' dir='ltr'><strong><em>τεύχειν</em></strong></span> <span class='ocrx_word' id='word_1_109' title='bbox 683 2357 713 2412; x_wconf 93' lang='lat' dir='ltr'>in</span> <span class='ocrx_word' id='word_1_110' title='bbox 736 2358 884 2429; x_wconf 89' lang='lat' dir='ltr'>prcecdosi</span> <span class='ocrx_word' id='word_1_111' title='bbox 907 2357 960 2412; x_wconf 89' lang='lat' dir='ltr'>scri</span> <span class='ocrx_word' id='word_1_112' title='bbox 982 2374 1072 2411; x_wconf 91' lang='lat' dir='ltr'>seram</span> <span class='ocrx_word' id='word_1_113' title='bbox 1090 2390 1125 2398; x_wconf 93' lang='lat'><em>-</em></span> <span class='ocrx_word' id='word_1_114' title='bbox 1144 2363 1186 2411; x_wconf 89' lang='grc'>16.</span> <span class='ocrx_word' id='word_1_115' title='bbox 1209 2355 1320 2412; x_wconf 80' lang='grc' dir='ltr'><strong><em>Ἰολάοί</em></strong></span> <span class='ocrx_word' id='word_1_116' title='bbox 1341 2358 1512 2415; x_wconf 82' lang='lat' dir='ltr'>Mommsen:</span> <span class='ocrx_word' id='word_1_117' title='bbox 1533 2361 1622 2414; x_wconf 73' lang='lat' dir='ltr'>assa</span> 
     </span>
     <span class='ocr_line' id='line_1_20' title="bbox 354 2427 1621 2499; baseline -0.003 -12"><span class='ocrx_word' id='word_1_118' title='bbox 354 2432 431 2497; x_wconf 84' lang='lat' dir='ltr'>BD;</span> <span class='ocrx_word' id='word_1_119' title='bbox 450 2430 514 2485; x_wconf 88' lang='lat' dir='ltr'>vide</span> <span class='ocrx_word' id='word_1_120' title='bbox 533 2430 570 2483; x_wconf 90' lang='lat' dir='ltr'>ad</span> <span class='ocrx_word' id='word_1_121' title='bbox 590 2429 620 2484; x_wconf 90' lang='grc' dir='ltr'>Ο.</span> <span class='ocrx_word' id='word_1_122' title='bbox 635 2450 646 2483; x_wconf 90' lang='lat'>1</span> <span class='ocrx_word' id='word_1_123' title='bbox 661 2446 707 2485; x_wconf 80' lang='lat' dir='ltr'>roa.</span> <span class='ocrx_word' id='word_1_124' title='bbox 726 2450 757 2483; x_wconf 90' lang='lat' dir='ltr'>m</span> <span class='ocrx_word' id='word_1_125' title='bbox 773 2446 798 2485; x_wconf 83' lang='lat' dir='ltr'>ao</span> <span class='ocrx_word' id='word_1_126' title='bbox 817 2462 850 2471; x_wconf 94' lang='lat'>-</span> <span class='ocrx_word' id='word_1_127' title='bbox 871 2434 912 2483; x_wconf 82' lang='lat'>18.</span> <span class='ocrx_word' id='word_1_128' title='bbox 932 2431 1060 2483; x_wconf 76' lang='grc' dir='ltr'><strong><em>ἄθλοισι</em></strong></span> <span class='ocrx_word' id='word_1_129' title='bbox 1078 2427 1176 2499; x_wconf 74' lang='grc' dir='ltr'><strong><em>θίγονε</em></strong></span> <span class='ocrx_word' id='word_1_130' title='bbox 1200 2428 1365 2499; x_wconf 78' lang='grc' dir='ltr'><strong><em>στεφάνοισι</em></strong></span> <span class='ocrx_word' id='word_1_131' title='bbox 1382 2428 1469 2496; x_wconf 80' lang='grc' dir='ltr'><strong><em>θίγον</em></strong></span> <span class='ocrx_word' id='word_1_132' title='bbox 1487 2431 1572 2486; x_wconf 84' lang='lat' dir='ltr'>schol.</span> <span class='ocrx_word' id='word_1_133' title='bbox 1590 2432 1621 2484; x_wconf 87' lang='lat' dir='ltr'>ad</span> 
     </span>
     <span class='ocr_line' id='line_1_21' title="bbox 354 2497 1620 2575; baseline 0 -18"><span class='ocrx_word' id='word_1_134' title='bbox 354 2504 374 2559; x_wconf 92' lang='lat'>1.</span> <span class='ocrx_word' id='word_1_135' title='bbox 388 2522 417 2557; x_wconf 80' lang='lat' dir='ltr'>rs</span> <span class='ocrx_word' id='word_1_136' title='bbox 431 2518 456 2557; x_wconf 81' lang='lat' dir='ltr'>ra</span> <span class='ocrx_word' id='word_1_137' title='bbox 478 2534 511 2543; x_wconf 92' lang='lat'>-</span> <span class='ocrx_word' id='word_1_138' title='bbox 533 2498 629 2571; x_wconf 76' lang='grc' dir='ltr'><strong><em>θίγονι</em></strong></span> <span class='ocrx_word' id='word_1_139' title='bbox 656 2497 736 2572; x_wconf 82' lang='grc' dir='ltr'><strong><em>μίγεν</em></strong></span> <span class='ocrx_word' id='word_1_140' title='bbox 761 2500 831 2557; x_wconf 90' lang='lat' dir='ltr'>coni.</span> <span class='ocrx_word' id='word_1_141' title='bbox 846 2500 1031 2555; x_wconf 81' lang='lat' dir='ltr'>Wislremann</span> <span class='ocrx_word' id='word_1_142' title='bbox 1052 2532 1085 2541; x_wconf 90' lang='lat'>-</span> <span class='ocrx_word' id='word_1_143' title='bbox 1108 2506 1150 2556; x_wconf 72' lang='lat'>20.</span> <span class='ocrx_word' id='word_1_144' title='bbox 1172 2504 1200 2554; x_wconf 87' lang='grc' dir='ltr'>λε</span> <span class='ocrx_word' id='word_1_145' title='bbox 1220 2500 1313 2568; x_wconf 81' lang='grc' dir='ltr'><strong><em>ήταισι</em></strong></span> <span class='ocrx_word' id='word_1_146' title='bbox 1334 2500 1374 2569; x_wconf 89' lang='grc' dir='ltr'>Β,</span> <span class='ocrx_word' id='word_1_147' title='bbox 1401 2501 1528 2575; x_wconf 82' lang='grc' dir='ltr'><strong><em>λεβήτεσι</em></strong></span> <span class='ocrx_word' id='word_1_148' title='bbox 1545 2504 1575 2557; x_wconf 89' lang='lat' dir='ltr'><em>D</em></span> <span class='ocrx_word' id='word_1_149' title='bbox 1594 2535 1620 2543; x_wconf 95' lang='lat'><em>-</em></span> 
     </span>
     <span class='ocr_line' id='line_1_22' title="bbox 356 2570 1621 2643; baseline -0.002 -15"><span class='ocrx_word' id='word_1_150' title='bbox 356 2582 397 2629; x_wconf 79' lang='lat'>21.</span> <span class='ocrx_word' id='word_1_151' title='bbox 417 2571 563 2643; x_wconf 87' lang='grc' dir='ltr'><strong><em>σενόμενοι</em></strong></span> <span class='ocrx_word' id='word_1_152' title='bbox 581 2573 611 2626; x_wconf 91' lang='lat' dir='ltr'><em>D</em></span> <span class='ocrx_word' id='word_1_153' title='bbox 630 2604 663 2613; x_wconf 98' lang='lat'>-</span> <span class='ocrx_word' id='word_1_154' title='bbox 682 2578 724 2627; x_wconf 82' lang='lat'>23.</span> <span class='ocrx_word' id='word_1_155' title='bbox 748 2580 877 2643; x_wconf 80' lang='grc' dir='ltr'><strong><em>γυμνοῖσι</em></strong></span> <span class='ocrx_word' id='word_1_156' title='bbox 895 2571 991 2627; x_wconf 73' lang='lat' dir='ltr'>Trici:</span> <span class='ocrx_word' id='word_1_157' title='bbox 1015 2592 1050 2642; x_wconf 92' lang='grc' dir='ltr'>γν</span> <span class='ocrx_word' id='word_1_158' title='bbox 1071 2580 1130 2635; x_wconf 79' lang='grc' dir='ltr'><strong><em>νολς</em></strong></span> <span class='ocrx_word' id='word_1_159' title='bbox 1148 2571 1176 2626; x_wconf 87' lang='grc' dir='ltr'><em>Β</em></span> <span class='ocrx_word' id='word_1_160' title='bbox 1229 2603 1262 2612; x_wconf 97' lang='grc'>-</span> <span class='ocrx_word' id='word_1_161' title='bbox 1281 2570 1432 2627; x_wconf 81' lang='grc' dir='ltr'><strong><em>ἀσπιδόσιν</em></strong></span> <span class='ocrx_word' id='word_1_162' title='bbox 1454 2592 1549 2630; x_wconf 80' lang='grc' dir='ltr'><strong><em>κεισιν</em></strong></span> <span class='ocrx_word' id='word_1_163' title='bbox 1569 2578 1621 2639; x_wconf 88' lang='lat' dir='ltr'>(ant</span> 
     </span>
     <span class='ocr_line' id='line_1_23' title="bbox 356 2592 1620 2714; baseline -0.002 -15"><span class='ocrx_word' id='word_1_164' title='bbox 356 2688 406 2700; x_wconf 93' lang='lat'>...</span> <span class='ocrx_word' id='word_1_165' title='bbox 425 2647 522 2714; x_wconf 88' lang='grc' dir='ltr'><strong><em>πασιν)</em></strong></span> <span class='ocrx_word' id='word_1_166' title='bbox 541 2646 571 2699; x_wconf 91' lang='lat' dir='ltr'><strong><em>D</em></strong></span> <span class='ocrx_word' id='word_1_167' title='bbox 590 2675 623 2685; x_wconf 91' lang='lat'>—</span> <span class='ocrx_word' id='word_1_168' title='bbox 643 2650 685 2701; x_wconf 78' lang='lat'>24.</span> <span class='ocrx_word' id='word_1_169' title='bbox 706 2639 752 2699; x_wconf 77' lang='lat' dir='ltr'>old</span> <span class='ocrx_word' id='word_1_170' title='bbox 770 2664 799 2699; x_wconf 90' lang='grc' dir='ltr'><strong><em>τε</em></strong></span> <span class='ocrx_word' id='word_1_171' title='bbox 819 2645 844 2699; x_wconf 90' lang='grc' dir='ltr'>Β</span> <span class='ocrx_word' id='word_1_172' title='bbox 864 2645 894 2698; x_wconf 89' lang='lat' dir='ltr'>et</span> <span class='ocrx_word' id='word_1_173' title='bbox 912 2642 1011 2698; x_wconf 78' lang='lat' dir='ltr'>schol:</span> <span class='ocrx_word' id='word_1_174' title='bbox 1036 2592 1077 2706; x_wconf 65' lang='lat' dir='ltr'>oie</span> <span class='ocrx_word' id='word_1_175' title='bbox 1099 2662 1128 2697; x_wconf 86' lang='grc' dir='ltr'><strong><em>τε</em></strong></span> <span class='ocrx_word' id='word_1_176' title='bbox 1152 2644 1182 2697; x_wconf 90' lang='lat' dir='ltr'><em>D</em></span> <span class='ocrx_word' id='word_1_177' title='bbox 1200 2675 1233 2684; x_wconf 94' lang='lat'>-</span> <span class='ocrx_word' id='word_1_178' title='bbox 1253 2643 1368 2714; x_wconf 86' lang='grc' dir='ltr'><strong><em>αλχμαλς</em></strong></span> <span class='ocrx_word' id='word_1_179' title='bbox 1389 2647 1419 2699; x_wconf 92' lang='lat' dir='ltr'>et</span> <span class='ocrx_word' id='word_1_180' title='bbox 1441 2648 1620 2709; x_wconf 83' lang='grc' dir='ltr'><strong><em>λιθίνοις...</em></strong></span> 
     </span>
     <span class='ocr_line' id='line_1_24' title="bbox 355 2711 1462 2786; baseline -0.004 -14"><span class='ocrx_word' id='word_1_181' title='bbox 355 2714 461 2781; x_wconf 87' lang='grc' dir='ltr'><strong><em>δίσκοις</em></strong></span> <span class='ocrx_word' id='word_1_182' title='bbox 479 2718 627 2785; x_wconf 88' lang='grc' dir='ltr'><strong><em>(δίσκοισιν</em></strong></span> <span class='ocrx_word' id='word_1_183' title='bbox 645 2717 685 2785; x_wconf 87' lang='lat' dir='ltr'>D)</span> <span class='ocrx_word' id='word_1_184' title='bbox 704 2716 796 2771; x_wconf 82' lang='lat' dir='ltr'>codd:</span> <span class='ocrx_word' id='word_1_185' title='bbox 816 2714 918 2786; x_wconf 80' lang='grc' dir='ltr'><strong><em>αἰχμὰς</em></strong></span> <span class='ocrx_word' id='word_1_186' title='bbox 936 2717 966 2769; x_wconf 86' lang='lat' dir='ltr'>et</span> <span class='ocrx_word' id='word_1_187' title='bbox 983 2712 1112 2779; x_wconf 84' lang='grc' dir='ltr'><strong><em>λιθίνους</em></strong></span> <span class='ocrx_word' id='word_1_188' title='bbox 1127 2760 1131 2768; x_wconf 96' lang='grc'><strong>.</strong></span> <span class='ocrx_word' id='word_1_189' title='bbox 1149 2759 1153 2769; x_wconf 96' lang='grc'><strong>.</strong></span> <span class='ocrx_word' id='word_1_190' title='bbox 1172 2758 1176 2767; x_wconf 97' lang='grc'><strong>.</strong></span> <span class='ocrx_word' id='word_1_191' title='bbox 1192 2711 1304 2778; x_wconf 77' lang='grc' dir='ltr'><strong><em>δίσκους</em></strong></span> <span class='ocrx_word' id='word_1_192' title='bbox 1321 2714 1407 2769; x_wconf 85' lang='lat' dir='ltr'>Pauw</span> <span class='ocrx_word' id='word_1_193' title='bbox 1425 2748 1462 2756; x_wconf 86' lang='lat'><em>-</em></span> 
     </span>
    </p>
   </div>
   <div class='ocr_carea' id='block_1_8' title="bbox 355 2839 1674 4841">
    <p class='ocr_par' dir='ltr' id='par_1_8' title="bbox 355 2839 1620 2969">
     <span class='ocr_line' id='line_1_25' title="bbox 428 2839 1620 2910; baseline 0 -15"><span class='ocrx_word' id='word_1_194' title='bbox 428 2848 468 2897; x_wconf 83' lang='lat'>13.</span> <span class='ocrx_word' id='word_1_195' title='bbox 492 2841 586 2904; x_wconf 80' lang='grc' dir='ltr'><strong><em>κύνες·</em></strong></span> <span class='ocrx_word' id='word_1_196' title='bbox 606 2840 647 2894; x_wconf 91' lang='lat' dir='ltr'>rei</span> <span class='ocrx_word' id='word_1_197' title='bbox 666 2840 812 2910; x_wconf 74' lang='lat' dir='ltr'><strong>augendae</strong></span> <span class='ocrx_word' id='word_1_198' title='bbox 831 2858 918 2895; x_wconf 89' lang='lat' dir='ltr'>causa</span> <span class='ocrx_word' id='word_1_199' title='bbox 935 2842 1020 2909; x_wconf 82' lang='lat' dir='ltr'>poeta</span> <span class='ocrx_word' id='word_1_200' title='bbox 1042 2839 1244 2909; x_wconf 72' lang='lat' dir='ltr'>grandiloquus</span> <span class='ocrx_word' id='word_1_201' title='bbox 1262 2840 1367 2909; x_wconf 76' lang='lat' dir='ltr'>plurali</span> <span class='ocrx_word' id='word_1_202' title='bbox 1385 2858 1454 2895; x_wconf 89' lang='lat' dir='ltr'>usus</span> <span class='ocrx_word' id='word_1_203' title='bbox 1472 2844 1530 2909; x_wconf 85' lang='lat' dir='ltr'>est;</span> <span class='ocrx_word' id='word_1_204' title='bbox 1548 2843 1582 2897; x_wconf 82' lang='lat' dir='ltr'>cf.</span> <span class='ocrx_word' id='word_1_205' title='bbox 1595 2841 1620 2895; x_wconf 92' lang='lat'>0.</span> 
     </span>
     <span class='ocr_line' id='line_1_26' title="bbox 355 2912 1179 2969; baseline -0.005 0"><span class='ocrx_word' id='word_1_206' title='bbox 355 2912 1179 2969; x_wconf 79' lang='lat' dir='ltr'>va.1xoa.P.1ss.xss.N.n11.l.nsa.m11.vms5.</span> 
     </span>
    </p>

    <p class='ocr_par' dir='ltr' id='par_1_9' title="bbox 355 2981 1621 3907">
     <span class='ocr_line' id='line_1_27' title="bbox 428 2981 1621 3053; baseline -0.003 -14"><span class='ocrx_word' id='word_1_207' title='bbox 428 2990 469 3039; x_wconf 78' lang='lat'>14.</span> <span class='ocrx_word' id='word_1_208' title='bbox 485 2984 522 3039; x_wconf 86' lang='lat' dir='ltr'>ed</span> <span class='ocrx_word' id='word_1_209' title='bbox 536 2982 650 3037; x_wconf 91' lang='lat' dir='ltr'>victoris</span> <span class='ocrx_word' id='word_1_210' title='bbox 664 2982 778 3037; x_wconf 89' lang='lat' dir='ltr'>laudern</span> <span class='ocrx_word' id='word_1_211' title='bbox 792 2983 902 3051; x_wconf 78' lang='lat' dir='ltr'>transit,</span> <span class='ocrx_word' id='word_1_212' title='bbox 917 2981 963 3037; x_wconf 91' lang='lat' dir='ltr'>cui</span> <span class='ocrx_word' id='word_1_213' title='bbox 976 2981 1149 3037; x_wconf 78' lang='lat' dir='ltr'><strong>laudationis</strong></span> <span class='ocrx_word' id='word_1_214' title='bbox 1163 2982 1239 3053; x_wconf 88' lang='lat' dir='ltr'>parti</span> <span class='ocrx_word' id='word_1_215' title='bbox 1249 2982 1352 3037; x_wconf 88' lang='lat' dir='ltr'>callide</span> <span class='ocrx_word' id='word_1_216' title='bbox 1361 2982 1465 3039; x_wconf 85' lang='lat' dir='ltr'>intexit</span> <span class='ocrx_word' id='word_1_217' title='bbox 1475 2984 1621 3039; x_wconf 84' lang='lat' dir='ltr'>fabularen</span> 
     </span>
     <span class='ocr_line' id='line_1_28' title="bbox 356 3052 1620 3126; baseline -0.002 -16"><span class='ocrx_word' id='word_1_218' title='bbox 356 3059 466 3126; x_wconf 88' lang='lat' dir='ltr'>partem</span> <span class='ocrx_word' id='word_1_219' title='bbox 486 3056 520 3109; x_wconf 92' lang='lat' dir='ltr'>de</span> <span class='ocrx_word' id='word_1_220' title='bbox 539 3053 671 3109; x_wconf 75' lang='lat' dir='ltr'><strong>heroibus</strong></span> <span class='ocrx_word' id='word_1_221' title='bbox 691 3053 797 3126; x_wconf 82' lang='lat' dir='ltr'>aurigis</span> <span class='ocrx_word' id='word_1_222' title='bbox 817 3054 931 3109; x_wconf 75' lang='lat' dir='ltr'><strong>Castore</strong></span> <span class='ocrx_word' id='word_1_223' title='bbox 950 3057 979 3108; x_wconf 90' lang='lat' dir='ltr'>et</span> <span class='ocrx_word' id='word_1_224' title='bbox 996 3053 1074 3108; x_wconf 87' lang='lat' dir='ltr'>lclao</span> <span class='ocrx_word' id='word_1_225' title='bbox 1094 3086 1126 3094; x_wconf 87' lang='lat'>—</span> <span class='ocrx_word' id='word_1_226' title='bbox 1146 3052 1206 3108; x_wconf 79' lang='grc' dir='ltr'><strong><em>ἀλλ’</em></strong></span> <span class='ocrx_word' id='word_1_227' title='bbox 1228 3054 1292 3123; x_wconf 75' lang='grc' dir='ltr'>ἐγώ·</span> <span class='ocrx_word' id='word_1_228' title='bbox 1312 3072 1467 3124; x_wconf 85' lang='lat' dir='ltr'><strong>pronomen</strong></span> <span class='ocrx_word' id='word_1_229' title='bbox 1506 3055 1620 3111; x_wconf 84' lang='lat' dir='ltr'>ersomle</span> 
     </span>
     <span class='ocr_line' id='line_1_29' title="bbox 355 3124 1621 3199; baseline -0.001 -17"><span class='ocrx_word' id='word_1_230' title='bbox 355 3127 513 3199; x_wconf 73' lang='lat' dir='ltr'>particulae</span> <span class='ocrx_word' id='word_1_231' title='bbox 532 3126 728 3180; x_wconf 74' lang='lat' dir='ltr'>adversativae</span> <span class='ocrx_word' id='word_1_232' title='bbox 748 3125 996 3195; x_wconf 81' lang='lat' dir='ltr'>exhortativaequs</span> <span class='ocrx_word' id='word_1_233' title='bbox 1016 3125 1145 3179; x_wconf 87' lang='lat' dir='ltr'>additum</span> <span class='ocrx_word' id='word_1_234' title='bbox 1163 3129 1207 3179; x_wconf 93' lang='lat' dir='ltr'>est</span> <span class='ocrx_word' id='word_1_235' title='bbox 1224 3124 1311 3180; x_wconf 87' lang='lat' dir='ltr'>etiam</span> <span class='ocrx_word' id='word_1_236' title='bbox 1330 3126 1360 3181; x_wconf 91' lang='lat' dir='ltr'>P.</span> <span class='ocrx_word' id='word_1_237' title='bbox 1374 3146 1407 3179; x_wconf 89' lang='lat'>111</span> <span class='ocrx_word' id='word_1_238' title='bbox 1425 3143 1459 3181; x_wconf 81' lang='lat' dir='ltr'>vv.</span> <span class='ocrx_word' id='word_1_239' title='bbox 1509 3147 1556 3182; x_wconf 81' lang='lat'>,11</span> <span class='ocrx_word' id='word_1_240' title='bbox 1569 3144 1580 3181; x_wconf 85' lang='lat' dir='ltr'>s</span> <span class='ocrx_word' id='word_1_241' title='bbox 1592 3159 1621 3167; x_wconf 93' lang='lat'>·-</span> 
     </span>
     <span class='ocr_line' id='line_1_30' title="bbox 358 3196 1621 3268; baseline 0.001 -16"><span class='ocrx_word' id='word_1_242' title='bbox 358 3206 398 3254; x_wconf 82' lang='lat' dir='ltr'>lb.</span> <span class='ocrx_word' id='word_1_243' title='bbox 414 3198 449 3253; x_wconf 89' lang='lat' dir='ltr'>de</span> <span class='ocrx_word' id='word_1_244' title='bbox 458 3196 604 3268; x_wconf 78' lang='lat' dir='ltr'>particulis</span> <span class='ocrx_word' id='word_1_245' title='bbox 614 3196 666 3267; x_wconf 79' lang='grc' dir='ltr'>μὲν</span> <span class='ocrx_word' id='word_1_246' title='bbox 677 3240 683 3251; x_wconf 91' lang='grc'><strong>.</strong></span> <span class='ocrx_word' id='word_1_247' title='bbox 695 3240 700 3251; x_wconf 95' lang='grc'><strong>.</strong></span> <span class='ocrx_word' id='word_1_248' title='bbox 712 3239 718 3251; x_wconf 95' lang='grc'><strong>.</strong></span> <span class='ocrx_word' id='word_1_249' title='bbox 729 3216 758 3251; x_wconf 84' lang='grc' dir='ltr'><strong><em>τε</em></strong></span> <span class='ocrx_word' id='word_1_250' title='bbox 769 3197 822 3251; x_wconf 78' lang='grc' dir='ltr'>οἱοί</span> <span class='ocrx_word' id='word_1_251' title='bbox 833 3196 1066 3268; x_wconf 86' lang='lat' dir='ltr'>respondentibus</span> <span class='ocrx_word' id='word_1_252' title='bbox 1076 3196 1141 3251; x_wconf 80' lang='lat' dir='ltr'>ride</span> <span class='ocrx_word' id='word_1_253' title='bbox 1152 3197 1183 3252; x_wconf 93' lang='grc' dir='ltr'>Ο.</span> <span class='ocrx_word' id='word_1_254' title='bbox 1193 3216 1225 3250; x_wconf 91' lang='lat' dir='ltr'>m</span> <span class='ocrx_word' id='word_1_255' title='bbox 1234 3214 1260 3265; x_wconf 73' lang='grc' dir='ltr'>σς</span> <span class='ocrx_word' id='word_1_256' title='bbox 1274 3196 1374 3266; x_wconf 91' lang='lat' dir='ltr'>quodsi</span> <span class='ocrx_word' id='word_1_257' title='bbox 1384 3216 1481 3252; x_wconf 90' lang='lat' dir='ltr'>currus</span> <span class='ocrx_word' id='word_1_258' title='bbox 1491 3201 1521 3253; x_wconf 91' lang='lat' dir='ltr'>et</span> <span class='ocrx_word' id='word_1_259' title='bbox 1533 3199 1621 3267; x_wconf 82' lang='lat' dir='ltr'>auriga</span> 
     </span>
     <span class='ocr_line' id='line_1_31' title="bbox 357 3264 1620 3340; baseline -0.001 -16"><span class='ocrx_word' id='word_1_260' title='bbox 357 3268 480 3340; x_wconf 91' lang='lat' dir='ltr'>oppositi</span> <span class='ocrx_word' id='word_1_261' title='bbox 503 3271 583 3337; x_wconf 86' lang='lat' dir='ltr'>sunt,</span> <span class='ocrx_word' id='word_1_262' title='bbox 607 3267 668 3323; x_wconf 88' lang='lat' dir='ltr'>fieri</span> <span class='ocrx_word' id='word_1_263' title='bbox 690 3286 745 3322; x_wconf 96' lang='lat' dir='ltr'>non</span> <span class='ocrx_word' id='word_1_264' title='bbox 765 3271 859 3338; x_wconf 90' lang='lat' dir='ltr'>potest</span> <span class='ocrx_word' id='word_1_265' title='bbox 877 3268 946 3337; x_wconf 90' lang='lat' dir='ltr'>quin</span> <span class='ocrx_word' id='word_1_266' title='bbox 963 3264 1123 3338; x_wconf 77' lang='grc' dir='ltr'><strong><em>νωμάσαντ’</em></strong></span> <span class='ocrx_word' id='word_1_267' title='bbox 1144 3285 1178 3322; x_wconf 85' lang='lat' dir='ltr'>ex</span> <span class='ocrx_word' id='word_1_268' title='bbox 1196 3267 1357 3338; x_wconf 73' lang='lat' dir='ltr'>sopatrum</span> <span class='ocrx_word' id='word_1_269' title='bbox 1374 3270 1552 3325; x_wconf 83' lang='lat' dir='ltr'>decurtatum</span> <span class='ocrx_word' id='word_1_270' title='bbox 1569 3286 1620 3323; x_wconf 84' lang='lat' dir='ltr'>esse</span> 
     </span>
     <span class='ocr_line' id='line_1_32' title="bbox 356 3339 1621 3413; baseline -0.003 -18"><span class='ocrx_word' id='word_1_271' title='bbox 356 3344 495 3413; x_wconf 84' lang='lat' dir='ltr'>putemus,</span> <span class='ocrx_word' id='word_1_272' title='bbox 510 3356 559 3396; x_wconf 88' lang='lat' dir='ltr'>seu</span> <span class='ocrx_word' id='word_1_273' title='bbox 572 3342 684 3410; x_wconf 85' lang='lat' dir='ltr'>praeter</span> <span class='ocrx_word' id='word_1_274' title='bbox 702 3356 877 3395; x_wconf 86' lang='lat' dir='ltr'>communem</span> <span class='ocrx_word' id='word_1_275' title='bbox 895 3339 1125 3395; x_wconf 88' lang='lat' dir='ltr'>consuetudinem</span> <span class='ocrx_word' id='word_1_276' title='bbox 1143 3339 1281 3393; x_wconf 87' lang='lat' dir='ltr'>Pindarus</span> <span class='ocrx_word' id='word_1_277' title='bbox 1299 3340 1428 3395; x_wconf 80' lang='lat' dir='ltr'>vocalem</span> <span class='ocrx_word' id='word_1_278' title='bbox 1447 3341 1539 3395; x_wconf 86' lang='lat' dir='ltr'>dativi</span> <span class='ocrx_word' id='word_1_279' title='bbox 1556 3340 1621 3395; x_wconf 82' lang='lat' dir='ltr'>elisit</span> 
     </span>
     <span class='ocr_line' id='line_1_33' title="bbox 357 3409 1621 3483; baseline 0 -16"><span class='ocrx_word' id='word_1_280' title='bbox 357 3412 434 3483; x_wconf 73' lang='lat' dir='ltr'>(cil.</span> <span class='ocrx_word' id='word_1_281' title='bbox 445 3414 520 3481; x_wconf 77' lang='lat' dir='ltr'>nra),</span> <span class='ocrx_word' id='word_1_282' title='bbox 536 3428 585 3465; x_wconf 88' lang='lat' dir='ltr'>seu</span> <span class='ocrx_word' id='word_1_283' title='bbox 600 3413 711 3482; x_wconf 88' lang='lat' dir='ltr'>praeter</span> <span class='ocrx_word' id='word_1_284' title='bbox 725 3428 805 3465; x_wconf 92' lang='lat' dir='ltr'>suum</span> <span class='ocrx_word' id='word_1_285' title='bbox 821 3411 933 3467; x_wconf 88' lang='lat' dir='ltr'>dicendi</span> <span class='ocrx_word' id='word_1_286' title='bbox 947 3428 1036 3481; x_wconf 83' lang='lat' dir='ltr'>genus</span> <span class='ocrx_word' id='word_1_287' title='bbox 1052 3409 1138 3465; x_wconf 85' lang='grc' dir='ltr'><strong><em>’θέλω</em></strong></span> <span class='ocrx_word' id='word_1_288' title='bbox 1156 3428 1207 3481; x_wconf 90' lang='lat' dir='ltr'>pro</span> <span class='ocrx_word' id='word_1_289' title='bbox 1226 3410 1315 3465; x_wconf 77' lang='grc' dir='ltr'><strong><em>ἐθέλω</em></strong></span> <span class='ocrx_word' id='word_1_290' title='bbox 1334 3413 1484 3482; x_wconf 83' lang='lat' dir='ltr'>usurpavit</span> <span class='ocrx_word' id='word_1_291' title='bbox 1503 3446 1534 3453; x_wconf 82' lang='grc'>-</span> <span class='ocrx_word' id='word_1_292' title='bbox 1552 3414 1621 3467; x_wconf 78' lang='grc' dir='ltr'><strong><em>ἀλλα-</em></strong></span> 
     </span>
     <span class='ocr_line' id='line_1_34' title="bbox 357 3481 1620 3554; baseline -0.002 -17"><span class='ocrx_word' id='word_1_293' title='bbox 357 3481 446 3551; x_wconf 82' lang='grc' dir='ltr'><strong><em>τρίαις</em></strong></span> <span class='ocrx_word' id='word_1_294' title='bbox 470 3484 502 3537; x_wconf 81' lang='grc' dir='ltr'>οὐ</span> <span class='ocrx_word' id='word_1_295' title='bbox 526 3484 614 3553; x_wconf 87' lang='grc' dir='ltr'><strong><em>χερσί·</em></strong></span> <span class='ocrx_word' id='word_1_296' title='bbox 643 3500 812 3553; x_wconf 77' lang='lat' dir='ltr'>magnopere</span> <span class='ocrx_word' id='word_1_297' title='bbox 839 3482 932 3554; x_wconf 84' lang='lat' dir='ltr'>gloria</span> <span class='ocrx_word' id='word_1_298' title='bbox 959 3482 1062 3537; x_wconf 90' lang='lat' dir='ltr'>curulis</span> <span class='ocrx_word' id='word_1_299' title='bbox 1089 3481 1225 3537; x_wconf 82' lang='lat' dir='ltr'>victoriae</span> <span class='ocrx_word' id='word_1_300' title='bbox 1253 3484 1424 3553; x_wconf 81' lang='lat' dir='ltr'>augebatur,</span> <span class='ocrx_word' id='word_1_301' title='bbox 1452 3483 1478 3537; x_wconf 91' lang='lat' dir='ltr'>si</span> <span class='ocrx_word' id='word_1_302' title='bbox 1505 3483 1620 3539; x_wconf 90' lang='lat' dir='ltr'>dominns</span> 
     </span>
     <span class='ocr_line' id='line_1_35' title="bbox 358 3552 1621 3645; baseline -0.002 -36"><span class='ocrx_word' id='word_1_303' title='bbox 358 3554 558 3625; x_wconf 81' lang='lat' dir='ltr'>quadrigarum</span> <span class='ocrx_word' id='word_1_304' title='bbox 572 3570 628 3609; x_wconf 88' lang='lat' dir='ltr'>non</span> <span class='ocrx_word' id='word_1_305' title='bbox 643 3554 744 3608; x_wconf 87' lang='lat' dir='ltr'>alienis</span> <span class='ocrx_word' id='word_1_306' title='bbox 761 3553 878 3625; x_wconf 83' lang='lat' dir='ltr'>aurigae</span> <span class='ocrx_word' id='word_1_307' title='bbox 891 3552 1021 3608; x_wconf 88' lang='lat' dir='ltr'>manibus</span> <span class='ocrx_word' id='word_1_308' title='bbox 1035 3553 1176 3620; x_wconf 83' lang='lat' dir='ltr'>utebatur,</span> <span class='ocrx_word' id='word_1_309' title='bbox 1191 3554 1241 3609; x_wconf 88' lang='lat' dir='ltr'>sed</span> <span class='ocrx_word' id='word_1_310' title='bbox 1255 3553 1315 3645; x_wconf 75' lang='lat' dir='ltr'>ipse</span> <span class='ocrx_word' id='word_1_311' title='bbox 1330 3554 1389 3609; x_wconf 91' lang='lat' dir='ltr'>suis</span> <span class='ocrx_word' id='word_1_312' title='bbox 1400 3554 1532 3609; x_wconf 87' lang='lat' dir='ltr'>manibus</span> <span class='ocrx_word' id='word_1_313' title='bbox 1546 3570 1621 3624; x_wconf 81' lang='lat' dir='ltr'>eqnov</span> 
     </span>
     <span class='ocr_line' id='line_1_36' title="bbox 356 3622 1620 3700; baseline 0 -21"><span class='ocrx_word' id='word_1_314' title='bbox 356 3627 485 3696; x_wconf 77' lang='lat' dir='ltr'>regebat3</span> <span class='ocrx_word' id='word_1_315' title='bbox 509 3624 739 3681; x_wconf 84' lang='lat' dir='ltr'>cf.Prol.nxx1n</span> <span class='ocrx_word' id='word_1_316' title='bbox 764 3658 799 3666; x_wconf 93' lang='lat'>—</span> <span class='ocrx_word' id='word_1_317' title='bbox 823 3631 866 3679; x_wconf 83' lang='lat'>16.</span> <span class='ocrx_word' id='word_1_318' title='bbox 889 3623 1049 3699; x_wconf 82' lang='grc' dir='ltr'><strong><em>Καστορείῳ</em></strong></span> <span class='ocrx_word' id='word_1_319' title='bbox 1072 3622 1090 3693; x_wconf 78' lang='grc' dir='ltr'><strong>ἢ</strong></span> <span class='ocrx_word' id='word_1_320' title='bbox 1112 3624 1229 3680; x_wconf 80' lang='grc' dir='ltr'><strong><em>Ἰολάοιο</em></strong></span> <span class='ocrx_word' id='word_1_321' title='bbox 1252 3643 1341 3700; x_wconf 85' lang='grc' dir='ltr'><strong><em>νμνῳ·</em></strong></span> <span class='ocrx_word' id='word_1_322' title='bbox 1365 3626 1530 3681; x_wconf 84' lang='lat' dir='ltr'>Castoreum</span> <span class='ocrx_word' id='word_1_323' title='bbox 1550 3629 1620 3680; x_wconf 85' lang='lat' dir='ltr'>vetus</span> 
     </span>
     <span class='ocr_line' id='line_1_37' title="bbox 356 3696 1620 3781; baseline -0.001 -29"><span class='ocrx_word' id='word_1_324' title='bbox 356 3698 544 3781; x_wconf 83' lang='lat' dir='ltr'>hyporchema</span> <span class='ocrx_word' id='word_1_325' title='bbox 563 3696 665 3751; x_wconf 89' lang='lat' dir='ltr'>curulis</span> <span class='ocrx_word' id='word_1_326' title='bbox 684 3696 820 3752; x_wconf 88' lang='lat' dir='ltr'>victoriae</span> <span class='ocrx_word' id='word_1_327' title='bbox 834 3696 959 3752; x_wconf 83' lang='lat' dir='ltr'>Castoris</span> <span class='ocrx_word' id='word_1_328' title='bbox 977 3697 1064 3751; x_wconf 87' lang='lat' dir='ltr'>fuisse</span> <span class='ocrx_word' id='word_1_329' title='bbox 1083 3700 1201 3767; x_wconf 87' lang='lat' dir='ltr'>apparet</span> <span class='ocrx_word' id='word_1_330' title='bbox 1219 3713 1252 3751; x_wconf 89' lang='lat' dir='ltr'>ex</span> <span class='ocrx_word' id='word_1_331' title='bbox 1271 3697 1302 3751; x_wconf 93' lang='lat' dir='ltr'>P.</span> <span class='ocrx_word' id='word_1_332' title='bbox 1316 3717 1337 3750; x_wconf 90' lang='lat'>11</span> <span class='ocrx_word' id='word_1_333' title='bbox 1355 3713 1395 3765; x_wconf 70' lang='grc' dir='ltr'>σας</span> <span class='ocrx_word' id='word_1_334' title='bbox 1413 3697 1490 3753; x_wconf 89' lang='lat' dir='ltr'>idem</span> <span class='ocrx_word' id='word_1_335' title='bbox 1509 3698 1620 3767; x_wconf 79' lang='lat' dir='ltr'>dactylo·</span> 
     </span>
     <span class='ocr_line' id='line_1_38' title="bbox 357 3767 1620 3896; baseline 0 -73"><span class='ocrx_word' id='word_1_336' title='bbox 357 3768 646 3894; x_wconf 57' lang='lat' dir='ltr'>⁰f¹fsffi⁰i1⁸·m¹¹tn⁰rii</span> <span class='ocrx_word' id='word_1_337' title='bbox 666 3768 856 3894; x_wconf 51' lang='lat' dir='ltr'>composituffi</span> <span class='ocrx_word' id='word_1_338' title='bbox 870 3768 1019 3894; x_wconf 43' lang='lat' dir='ltr'>saginem}</span> <span class='ocrx_word' id='word_1_339' title='bbox 1036 3770 1126 3823; x_wconf 89' lang='lat' dir='ltr'>metro</span> <span class='ocrx_word' id='word_1_340' title='bbox 1141 3767 1228 3894; x_wconf 62' lang='lat' dir='ltr'>duribus</span> <span class='ocrx_word' id='word_1_341' title='bbox 1247 3768 1379 3894; x_wconf 50' lang='lat' dir='ltr'>carminigs</span> <span class='ocrx_word' id='word_1_342' title='bbox 1397 3769 1494 3895; x_wconf 57' lang='grc' dir='ltr'><strong><em>αφεῳφ</em></strong></span> <span class='ocrx_word' id='word_1_343' title='bbox 1513 3785 1620 3896; x_wconf 32' lang='grc' dir='ltr'><strong><em>αῳιθιφμ-</em></strong></span> 
     </span>
     <span class='ocr_line' id='line_1_39' title="bbox 357 3855 1620 3907; baseline -0.002 -13"><span class='ocrx_word' id='word_1_344' title='bbox 357 3857 468 3895; x_wconf 78' lang='lat' dir='ltr'>cuere</span> <span class='ocrx_word' id='word_1_345' title='bbox 503 3857 589 3907; x_wconf 67' lang='lat'><em>10083</em></span> <span class='ocrx_word' id='word_1_346' title='bbox 616 3855 742 3895; x_wconf 50' lang='grc' dir='ltr'><strong><em>δῖνα</em></strong></span> <span class='ocrx_word' id='word_1_347' title='bbox 765 3872 798 3880; x_wconf 83' lang='grc'>-</span> <span class='ocrx_word' id='word_1_348' title='bbox 859 3884 864 3893; x_wconf 97' lang='lat'>.</span> <span class='ocrx_word' id='word_1_349' title='bbox 905 3861 923 3894; x_wconf 89' lang='grc' dir='ltr'>ν</span> <span class='ocrx_word' id='word_1_350' title='bbox 1018 3859 1125 3902; x_wconf 83' lang='grc' dir='ltr'><strong><em>αις...</em></strong></span> <span class='ocrx_word' id='word_1_351' title='bbox 1202 3860 1259 3895; x_wconf 85' lang='grc' dir='ltr'>νων</span> <span class='ocrx_word' id='word_1_352' title='bbox 1303 3856 1332 3893; x_wconf 85' lang='lat'>1¹0</span> <span class='ocrx_word' id='word_1_353' title='bbox 1370 3861 1387 3894; x_wconf 96' lang='grc' dir='ltr'>ν</span> <span class='ocrx_word' id='word_1_354' title='bbox 1489 3862 1553 3896; x_wconf 75' lang='lat' dir='ltr'>scra</span> <span class='ocrx_word' id='word_1_355' title='bbox 1607 3860 1620 3891; x_wconf 88' lang='grc' dir='ltr'>ν</span> 
     </span>
    </p>

    <p class='ocr_par' dir='ltr' id='par_1_10' title="bbox 357 3860 1674 4197">
     <span class='ocr_line' id='line_1_40' title="bbox 377 3860 1674 3984; baseline 0.001 -18"><span class='ocrx_word' id='word_1_356' title='bbox 377 3912 524 3966; x_wconf 89' lang='lat' dir='ltr'>ermutatis</span> <span class='ocrx_word' id='word_1_357' title='bbox 550 3910 661 3965; x_wconf 86' lang='lat' dir='ltr'>casibus</span> <span class='ocrx_word' id='word_1_358' title='bbox 685 3914 797 3981; x_wconf 85' lang='lat' dir='ltr'>poetam</span> <span class='ocrx_word' id='word_1_359' title='bbox 822 3910 926 3967; x_wconf 82' lang='lat' dir='ltr'>dixisse</span> <span class='ocrx_word' id='word_1_360' title='bbox 953 3910 1122 3966; x_wconf 86' lang='lat' dir='ltr'>scholiastae</span> <span class='ocrx_word' id='word_1_361' title='bbox 1145 3860 1260 3981; x_wconf 78' lang='lat' dir='ltr'>pirtant3</span> <span class='ocrx_word' id='word_1_362' title='bbox 1281 3860 1405 3965; x_wconf 65' lang='lat' dir='ltr'>iimilem</span> <span class='ocrx_word' id='word_1_363' title='bbox 1423 3862 1620 3984; x_wconf 70' lang='lat' dir='ltr'>deglegensirn</span> <span class='ocrx_word' id='word_1_364' title='bbox 1673 3947 1674 3950; x_wconf 59' lang='lat'><em>=</em></span> 
     </span>
     <span class='ocr_line' id='line_1_41' title="bbox 357 3930 1674 4053; baseline -0.002 -16"><span class='ocrx_word' id='word_1_365' title='bbox 357 3930 445 4037; x_wconf 67' lang='lat' dir='ltr'>babes</span> <span class='ocrx_word' id='word_1_366' title='bbox 464 3983 485 4039; x_wconf 91' lang='lat' dir='ltr'>I.</span> <span class='ocrx_word' id='word_1_367' title='bbox 500 4000 591 4052; x_wconf 78' lang='lat' dir='ltr'>v11a93</span> <span class='ocrx_word' id='word_1_368' title='bbox 610 3982 684 4051; x_wconf 90' lang='lat' dir='ltr'>quod</span> <span class='ocrx_word' id='word_1_369' title='bbox 704 3982 728 4036; x_wconf 90' lang='lat' dir='ltr'>si</span> <span class='ocrx_word' id='word_1_370' title='bbox 747 3982 792 4037; x_wconf 92' lang='lat' dir='ltr'>oui</span> <span class='ocrx_word' id='word_1_371' title='bbox 811 3982 886 4037; x_wconf 88' lang='lat' dir='ltr'>iusto</span> <span class='ocrx_word' id='word_1_372' title='bbox 906 3982 1041 4037; x_wconf 88' lang='lat' dir='ltr'>audacius</span> <span class='ocrx_word' id='word_1_373' title='bbox 1059 3999 1121 4037; x_wconf 90' lang='lat' dir='ltr'>esse</span> <span class='ocrx_word' id='word_1_374' title='bbox 1139 3981 1259 4050; x_wconf 87' lang='lat' dir='ltr'>videtur,</span> <span class='ocrx_word' id='word_1_375' title='bbox 1278 3981 1306 4037; x_wconf 91' lang='lat' dir='ltr'>ei</span> <span class='ocrx_word' id='word_1_376' title='bbox 1324 3981 1355 4038; x_wconf 76' lang='grc' dir='ltr'>ἔν</span> <span class='ocrx_word' id='word_1_377' title='bbox 1373 4002 1402 4037; x_wconf 75' lang='grc' dir='ltr'><strong><em>τε</em></strong></span> <span class='ocrx_word' id='word_1_378' title='bbox 1424 3986 1532 4053; x_wconf 77' lang='lat' dir='ltr'>‘atque&#39;</span> <span class='ocrx_word' id='word_1_379' title='bbox 1552 3986 1581 4038; x_wconf 90' lang='lat' dir='ltr'>nt</span> <span class='ocrx_word' id='word_1_380' title='bbox 1595 3981 1620 4036; x_wconf 83' lang='grc' dir='ltr'>ίν</span> <span class='ocrx_word' id='word_1_381' title='bbox 1673 4011 1674 4048; x_wconf 66' lang='lat'><em>3</em></span> 
     </span>
     <span class='ocr_line' id='line_1_42' title="bbox 357 4052 1674 4135; baseline 0 -26"><span class='ocrx_word' id='word_1_382' title='bbox 357 4054 388 4109; x_wconf 83' lang='lat' dir='ltr'>dt</span> <span class='ocrx_word' id='word_1_383' title='bbox 404 4054 484 4110; x_wconf 82' lang='lat' dir='ltr'>O.vn</span> <span class='ocrx_word' id='word_1_384' title='bbox 498 4070 511 4111; x_wconf 82' lang='lat' dir='ltr'>s</span> <span class='ocrx_word' id='word_1_385' title='bbox 524 4054 618 4109; x_wconf 88' lang='lat' dir='ltr'>valere</span> <span class='ocrx_word' id='word_1_386' title='bbox 634 4055 663 4109; x_wconf 91' lang='lat' dir='ltr'>et</span> <span class='ocrx_word' id='word_1_387' title='bbox 676 4055 793 4135; x_wconf 79' lang='grc' dir='ltr'><strong><em>ἀγώνων</em></strong></span> <span class='ocrx_word' id='word_1_388' title='bbox 807 4054 843 4107; x_wconf 91' lang='lat' dir='ltr'>ab</span> <span class='ocrx_word' id='word_1_389' title='bbox 859 4052 996 4122; x_wconf 79' lang='grc' dir='ltr'><strong><em>ἀέθλοισι,</em></strong></span> <span class='ocrx_word' id='word_1_390' title='bbox 1010 4071 1067 4108; x_wconf 91' lang='lat' dir='ltr'>non</span> <span class='ocrx_word' id='word_1_391' title='bbox 1081 4071 1098 4107; x_wconf 90' lang='lat' dir='ltr'>a</span> <span class='ocrx_word' id='word_1_392' title='bbox 1112 4056 1198 4123; x_wconf 80' lang='grc' dir='ltr'><strong><em>θίγον</em></strong></span> <span class='ocrx_word' id='word_1_393' title='bbox 1211 4053 1333 4124; x_wconf 88' lang='lat' dir='ltr'>pendere</span> <span class='ocrx_word' id='word_1_394' title='bbox 1347 4054 1531 4109; x_wconf 85' lang='lat' dir='ltr'>iudicandum</span> <span class='ocrx_word' id='word_1_395' title='bbox 1544 4058 1619 4109; x_wconf 85' lang='lat' dir='ltr'>est-</span> <span class='ocrx_word' id='word_1_396' title='bbox 1673 4093 1674 4130; x_wconf 35' lang='lat' dir='ltr'>a</span> 
     </span>
     <span class='ocr_line' id='line_1_43' title="bbox 359 4123 1619 4197; baseline -0.002 -18"><span class='ocrx_word' id='word_1_397' title='bbox 359 4132 400 4180; x_wconf 86' lang='grc'>19.</span> <span class='ocrx_word' id='word_1_398' title='bbox 416 4123 580 4196; x_wconf 78' lang='grc' dir='ltr'><strong><em>ἐκόσμησαν,</em></strong></span> <span class='ocrx_word' id='word_1_399' title='bbox 595 4124 728 4195; x_wconf 81' lang='lat' dir='ltr'>praemiis</span> <span class='ocrx_word' id='word_1_400' title='bbox 743 4126 926 4181; x_wconf 86' lang='lat' dir='ltr'>certaminum</span> <span class='ocrx_word' id='word_1_401' title='bbox 940 4128 972 4179; x_wconf 94' lang='lat' dir='ltr'>ut</span> <span class='ocrx_word' id='word_1_402' title='bbox 986 4125 1094 4179; x_wconf 81' lang='lat' dir='ltr'>exuviis</span> <span class='ocrx_word' id='word_1_403' title='bbox 1107 4123 1176 4179; x_wconf 91' lang='lat' dir='ltr'>belli</span> <span class='ocrx_word' id='word_1_404' title='bbox 1190 4124 1304 4180; x_wconf 92' lang='lat' dir='ltr'>domum</span> <span class='ocrx_word' id='word_1_405' title='bbox 1319 4130 1463 4196; x_wconf 87' lang='lat' dir='ltr'>ornarunt,</span> <span class='ocrx_word' id='word_1_406' title='bbox 1482 4144 1537 4197; x_wconf 90' lang='lat' dir='ltr'>quo</span> <span class='ocrx_word' id='word_1_407' title='bbox 1549 4128 1619 4197; x_wconf 78' lang='lat' dir='ltr'>paeto</span> 
     </span>
    </p>

    <p class='ocr_par' dir='ltr' id='par_1_11' title="bbox 358 4195 1674 4841">
     <span class='ocr_line' id='line_1_44' title="bbox 358 4195 1618 4258; baseline 0.001 -7"><span class='ocrx_word' id='word_1_408' title='bbox 358 4197 518 4251; x_wconf 87' lang='lat' dir='ltr'>etiamnunc</span> <span class='ocrx_word' id='word_1_409' title='bbox 537 4200 702 4251; x_wconf 87' lang='lat' dir='ltr'>venatorum</span> <span class='ocrx_word' id='word_1_410' title='bbox 721 4198 819 4251; x_wconf 89' lang='lat' dir='ltr'>domus</span> <span class='ocrx_word' id='word_1_411' title='bbox 838 4195 924 4250; x_wconf 86' lang='lat' dir='ltr'>discis</span> <span class='ocrx_word' id='word_1_412' title='bbox 942 4195 1119 4252; x_wconf 85' lang='lat' dir='ltr'>iaculatoriis</span> <span class='ocrx_word' id='word_1_413' title='bbox 1137 4200 1251 4250; x_wconf 88' lang='lat' dir='ltr'>ornatas</span> <span class='ocrx_word' id='word_1_414' title='bbox 1269 4196 1451 4251; x_wconf 87' lang='lat' dir='ltr'>videmus-</span> <span class='ocrx_word' id='word_1_415' title='bbox 1472 4205 1515 4253; x_wconf 76' lang='lat'>22.</span> <span class='ocrx_word' id='word_1_416' title='bbox 1534 4217 1567 4252; x_wconf 87' lang='grc' dir='ltr'>σα</span> <span class='ocrx_word' id='word_1_417' title='bbox 1596 4195 1618 4258; x_wconf 81' lang='grc'>’.</span> 
     </span>
     <span class='ocr_line' id='line_1_45' title="bbox 358 4267 1618 4349; baseline 0.006 -28"><span class='ocrx_word' id='word_1_418' title='bbox 358 4269 447 4337; x_wconf 86' lang='lat' dir='ltr'>clara,</span> <span class='ocrx_word' id='word_1_419' title='bbox 471 4284 543 4337; x_wconf 90' lang='lat' dir='ltr'>quae</span> <span class='ocrx_word' id='word_1_420' title='bbox 562 4268 684 4340; x_wconf 82' lang='lat' dir='ltr'>genuina</span> <span class='ocrx_word' id='word_1_421' title='bbox 702 4268 745 4322; x_wconf 88' lang='lat' dir='ltr'>vis</span> <span class='ocrx_word' id='word_1_422' title='bbox 764 4268 846 4323; x_wconf 91' lang='lat' dir='ltr'>huius</span> <span class='ocrx_word' id='word_1_423' title='bbox 866 4267 998 4323; x_wconf 90' lang='lat' dir='ltr'>vocabuli</span> <span class='ocrx_word' id='word_1_424' title='bbox 1016 4285 1077 4323; x_wconf 89' lang='lat' dir='ltr'>esse</span> <span class='ocrx_word' id='word_1_425' title='bbox 1096 4268 1208 4322; x_wconf 90' lang='lat' dir='ltr'>videtur</span> <span class='ocrx_word' id='word_1_426' title='bbox 1226 4300 1259 4309; x_wconf 85' lang='lat'>-</span> <span class='ocrx_word' id='word_1_427' title='bbox 1279 4273 1321 4323; x_wconf 79' lang='lat'>23.</span> <span class='ocrx_word' id='word_1_428' title='bbox 1347 4278 1478 4349; x_wconf 74' lang='grc' dir='ltr'><strong><em>γυμνοῖσι</em></strong></span> <span class='ocrx_word' id='word_1_429' title='bbox 1500 4272 1618 4329; x_wconf 67' lang='lat' dir='ltr'>macac·</span> 
     </span>
     <span class='ocr_line' id='line_1_46' title="bbox 358 4338 1619 4412; baseline -0.002 -19"><span class='ocrx_word' id='word_1_430' title='bbox 358 4339 514 4394; x_wconf 86' lang='lat' dir='ltr'>certamina</span> <span class='ocrx_word' id='word_1_431' title='bbox 528 4339 623 4407; x_wconf 87' lang='lat' dir='ltr'>stadii,</span> <span class='ocrx_word' id='word_1_432' title='bbox 639 4356 710 4409; x_wconf 91' lang='lat' dir='ltr'>quae</span> <span class='ocrx_word' id='word_1_433' title='bbox 725 4340 791 4394; x_wconf 91' lang='lat' dir='ltr'>inde</span> <span class='ocrx_word' id='word_1_434' title='bbox 806 4341 843 4395; x_wconf 87' lang='lat' dir='ltr'>ab</span> <span class='ocrx_word' id='word_1_435' title='bbox 859 4338 987 4411; x_wconf 89' lang='lat' dir='ltr'>Orsippo‚</span> <span class='ocrx_word' id='word_1_436' title='bbox 1001 4340 1051 4409; x_wconf 91' lang='lat' dir='ltr'>qui</span> <span class='ocrx_word' id='word_1_437' title='bbox 1065 4338 1108 4394; x_wconf 92' lang='lat' dir='ltr'>Ol.</span> <span class='ocrx_word' id='word_1_438' title='bbox 1123 4356 1149 4395; x_wconf 85' lang='lat' dir='ltr'>ss</span> <span class='ocrx_word' id='word_1_439' title='bbox 1163 4339 1277 4409; x_wconf 84' lang='lat' dir='ltr'>vicerat,</span> <span class='ocrx_word' id='word_1_440' title='bbox 1291 4340 1361 4393; x_wconf 80' lang='lat' dir='ltr'>nudi</span> <span class='ocrx_word' id='word_1_441' title='bbox 1374 4340 1435 4395; x_wconf 91' lang='lat' dir='ltr'>sine</span> <span class='ocrx_word' id='word_1_442' title='bbox 1450 4338 1619 4412; x_wconf 76' lang='lat' dir='ltr'>subingaculo</span> 
     </span>
     <span class='ocr_line' id='line_1_47' title="bbox 358 4410 1618 4482; baseline -0.003 -17"><span class='ocrx_word' id='word_1_443' title='bbox 358 4410 490 4479; x_wconf 88' lang='lat' dir='ltr'>obibant,</span> <span class='ocrx_word' id='word_1_444' title='bbox 516 4410 609 4465; x_wconf 89' lang='lat' dir='ltr'>cursui</span> <span class='ocrx_word' id='word_1_445' title='bbox 629 4415 737 4466; x_wconf 87' lang='lat' dir='ltr'>armato</span> <span class='ocrx_word' id='word_1_446' title='bbox 756 4410 844 4465; x_wconf 91' lang='lat' dir='ltr'>multo</span> <span class='ocrx_word' id='word_1_447' title='bbox 863 4414 929 4481; x_wconf 92' lang='lat' dir='ltr'>post</span> <span class='ocrx_word' id='word_1_448' title='bbox 946 4412 976 4465; x_wconf 93' lang='lat' dir='ltr'>in</span> <span class='ocrx_word' id='word_1_449' title='bbox 994 4411 1076 4465; x_wconf 89' lang='lat' dir='ltr'>ludos</span> <span class='ocrx_word' id='word_1_450' title='bbox 1095 4428 1189 4466; x_wconf 86' lang='lat' dir='ltr'>sacros</span> <span class='ocrx_word' id='word_1_451' title='bbox 1207 4414 1320 4481; x_wconf 89' lang='lat' dir='ltr'>recepto</span> <span class='ocrx_word' id='word_1_452' title='bbox 1339 4416 1531 4482; x_wconf 86' lang='lat' dir='ltr'>opponuntur;</span> <span class='ocrx_word' id='word_1_453' title='bbox 1549 4412 1580 4467; x_wconf 82' lang='lat' dir='ltr'>cf.</span> <span class='ocrx_word' id='word_1_454' title='bbox 1595 4410 1618 4462; x_wconf 87' lang='lat' dir='ltr'>P.</span> 
     </span>
     <span class='ocr_line' id='line_1_48' title="bbox 358 4480 1674 4555; baseline 0 -20"><span class='ocrx_word' id='word_1_455' title='bbox 358 4498 434 4538; x_wconf 75' lang='lat'>1149.</span> <span class='ocrx_word' id='word_1_456' title='bbox 454 4482 488 4536; x_wconf 83' lang='lat' dir='ltr'>N.</span> <span class='ocrx_word' id='word_1_457' title='bbox 504 4499 600 4539; x_wconf 83' lang='lat' dir='ltr'>varro.</span> <span class='ocrx_word' id='word_1_458' title='bbox 619 4482 770 4539; x_wconf 75' lang='lat' dir='ltr'>Prolem</span> <span class='ocrx_word' id='word_1_459' title='bbox 789 4515 821 4523; x_wconf 95' lang='lat'><em>-</em></span> <span class='ocrx_word' id='word_1_460' title='bbox 848 4489 890 4537; x_wconf 79' lang='lat'>24.</span> <span class='ocrx_word' id='word_1_461' title='bbox 917 4480 964 4538; x_wconf 81' lang='grc' dir='ltr'>σία</span> <span class='ocrx_word' id='word_1_462' title='bbox 988 4499 1030 4537; x_wconf 83' lang='grc' dir='ltr'><strong><em>τε·</em></strong></span> <span class='ocrx_word' id='word_1_463' title='bbox 1057 4500 1091 4537; x_wconf 85' lang='lat' dir='ltr'>ex</span> <span class='ocrx_word' id='word_1_464' title='bbox 1115 4483 1301 4553; x_wconf 85' lang='lat' dir='ltr'>praecedente</span> <span class='ocrx_word' id='word_1_465' title='bbox 1326 4482 1478 4539; x_wconf 90' lang='lat' dir='ltr'>enunciato</span> <span class='ocrx_word' id='word_1_466' title='bbox 1503 4483 1618 4555; x_wconf 83' lang='lat' dir='ltr'>suppleas</span> <span class='ocrx_word' id='word_1_467' title='bbox 1673 4523 1674 4528; x_wconf 18' lang='grc' dir='ltr'><strong><em>ι</em></strong></span> 
     </span>
     <span class='ocr_line' id='line_1_49' title="bbox 359 4551 1674 4679; baseline 0 -72"><span class='ocrx_word' id='word_1_468' title='bbox 359 4553 501 4623; x_wconf 73' lang='grc' dir='ltr'><strong><em>ἔλαμψαν·</em></strong></span> <span class='ocrx_word' id='word_1_469' title='bbox 522 4554 587 4608; x_wconf 87' lang='lat' dir='ltr'>dein</span> <span class='ocrx_word' id='word_1_470' title='bbox 606 4552 719 4679; x_wconf 52' lang='grc' dir='ltr'><strong><em>αἰέμαίς</em></strong></span> <span class='ocrx_word' id='word_1_471' title='bbox 738 4558 767 4609; x_wconf 92' lang='lat' dir='ltr'>et</span> <span class='ocrx_word' id='word_1_472' title='bbox 785 4551 906 4618; x_wconf 84' lang='grc' dir='ltr'><strong><em>λιθίνοις</em></strong></span> <span class='ocrx_word' id='word_1_473' title='bbox 924 4552 1030 4618; x_wconf 82' lang='grc' dir='ltr'><strong><em>δίσκοις</em></strong></span> <span class='ocrx_word' id='word_1_474' title='bbox 1046 4571 1097 4625; x_wconf 89' lang='lat' dir='ltr'>pro</span> <span class='ocrx_word' id='word_1_475' title='bbox 1117 4553 1286 4609; x_wconf 78' lang='lat' dir='ltr'>accusativis</span> <span class='ocrx_word' id='word_1_476' title='bbox 1304 4553 1427 4609; x_wconf 85' lang='lat' dir='ltr'>Aeolicis</span> <span class='ocrx_word' id='word_1_477' title='bbox 1445 4555 1545 4625; x_wconf 86' lang='lat' dir='ltr'>babeo,</span> <span class='ocrx_word' id='word_1_478' title='bbox 1563 4568 1617 4624; x_wconf 86' lang='lat' dir='ltr'>quos</span> <span class='ocrx_word' id='word_1_479' title='bbox 1673 4551 1674 4618; x_wconf 56' lang='lat' dir='ltr'>t</span> 
     </span>
     <span class='ocr_line' id='line_1_50' title="bbox 358 4624 1674 4697; baseline -0.002 -19"><span class='ocrx_word' id='word_1_480' title='bbox 358 4625 389 4678; x_wconf 88' lang='lat' dir='ltr'>in</span> <span class='ocrx_word' id='word_1_481' title='bbox 408 4624 530 4679; x_wconf 88' lang='lat' dir='ltr'>carmine</span> <span class='ocrx_word' id='word_1_482' title='bbox 549 4624 604 4680; x_wconf 86' lang='lat' dir='ltr'>civi</span> <span class='ocrx_word' id='word_1_483' title='bbox 652 4628 733 4685; x_wconf 85' lang='lat' dir='ltr'>oeoto</span> <span class='ocrx_word' id='word_1_484' title='bbox 760 4625 864 4697; x_wconf 86' lang='lat' dir='ltr'>scripto</span> <span class='ocrx_word' id='word_1_485' title='bbox 883 4628 1032 4697; x_wconf 87' lang='lat' dir='ltr'>usurpatos</span> <span class='ocrx_word' id='word_1_486' title='bbox 1051 4642 1112 4680; x_wconf 89' lang='lat' dir='ltr'>esse</span> <span class='ocrx_word' id='word_1_487' title='bbox 1130 4624 1203 4680; x_wconf 90' lang='lat' dir='ltr'>nihil</span> <span class='ocrx_word' id='word_1_488' title='bbox 1220 4625 1285 4679; x_wconf 89' lang='lat' dir='ltr'>miri</span> <span class='ocrx_word' id='word_1_489' title='bbox 1303 4626 1398 4681; x_wconf 88' lang='lat' dir='ltr'>habet.</span> <span class='ocrx_word' id='word_1_490' title='bbox 1437 4627 1475 4682; x_wconf 91' lang='lat' dir='ltr'>Ut</span> <span class='ocrx_word' id='word_1_491' title='bbox 1492 4628 1565 4682; x_wconf 86' lang='lat' dir='ltr'>enim</span> <span class='ocrx_word' id='word_1_492' title='bbox 1580 4624 1617 4677; x_wconf 82' lang='lat' dir='ltr'>ds·</span> <span class='ocrx_word' id='word_1_493' title='bbox 1673 4673 1674 4676; x_wconf 74' lang='grc'>,</span> 
     </span>
     <span class='ocr_line' id='line_1_51' title="bbox 359 4693 1674 4768; baseline -0.002 -19"><span class='ocrx_word' id='word_1_494' title='bbox 359 4696 434 4749; x_wconf 83' lang='lat' dir='ltr'>tirus</span> <span class='ocrx_word' id='word_1_495' title='bbox 461 4697 573 4767; x_wconf 85' lang='grc' dir='ltr'><strong><em>αἰχμαῖς</em></strong></span> <span class='ocrx_word' id='word_1_496' title='bbox 598 4698 682 4752; x_wconf 88' lang='lat' dir='ltr'>verbo</span> <span class='ocrx_word' id='word_1_497' title='bbox 708 4698 900 4763; x_wconf 78' lang='grc' dir='ltr'><strong><em>ἀκοντίζοντες</em></strong></span> <span class='ocrx_word' id='word_1_498' title='bbox 925 4696 1037 4752; x_wconf 89' lang='lat' dir='ltr'>iunctus</span> <span class='ocrx_word' id='word_1_499' title='bbox 1063 4695 1129 4752; x_wconf 75' lang='lat' dir='ltr'>ferri</span> <span class='ocrx_word' id='word_1_500' title='bbox 1153 4699 1259 4767; x_wconf 86' lang='lat' dir='ltr'>potest,</span> <span class='ocrx_word' id='word_1_501' title='bbox 1286 4697 1329 4751; x_wconf 92' lang='lat' dir='ltr'>ita</span> <span class='ocrx_word' id='word_1_502' title='bbox 1346 4697 1477 4768; x_wconf 86' lang='lat' dir='ltr'>exempla</span> <span class='ocrx_word' id='word_1_503' title='bbox 1495 4700 1531 4753; x_wconf 89' lang='lat' dir='ltr'>ab</span> <span class='ocrx_word' id='word_1_504' title='bbox 1550 4697 1617 4751; x_wconf 78' lang='lat' dir='ltr'>inter·</span> <span class='ocrx_word' id='word_1_505' title='bbox 1673 4693 1674 4768; x_wconf 63' lang='lat' dir='ltr'>l</span> 
     </span>
     <span class='ocr_line' id='line_1_52' title="bbox 359 4766 1674 4841; baseline 0.005 -21"><span class='ocrx_word' id='word_1_506' title='bbox 359 4767 484 4841; x_wconf 87' lang='lat' dir='ltr'>pretibus</span> <span class='ocrx_word' id='word_1_507' title='bbox 505 4766 595 4822; x_wconf 88' lang='lat' dir='ltr'>allata</span> <span class='ocrx_word' id='word_1_508' title='bbox 613 4767 683 4823; x_wconf 91' lang='lat' dir='ltr'>nihil</span> <span class='ocrx_word' id='word_1_509' title='bbox 702 4768 799 4823; x_wconf 88' lang='lat' dir='ltr'>valent</span> <span class='ocrx_word' id='word_1_510' title='bbox 817 4768 853 4823; x_wconf 91' lang='lat' dir='ltr'>ad</span> <span class='ocrx_word' id='word_1_511' title='bbox 873 4768 1042 4825; x_wconf 89' lang='lat' dir='ltr'>locutionem</span> <span class='ocrx_word' id='word_1_512' title='bbox 1063 4768 1093 4824; x_wconf 83' lang='grc' dir='ltr'>ἐν</span> <span class='ocrx_word' id='word_1_513' title='bbox 1112 4766 1218 4832; x_wconf 86' lang='grc' dir='ltr'><strong><em>δίσκοις</em></strong></span> <span class='ocrx_word' id='word_1_514' title='bbox 1236 4766 1279 4823; x_wconf 83' lang='grc' dir='ltr'>ίεν</span> <span class='ocrx_word' id='word_1_515' title='bbox 1298 4768 1504 4825; x_wconf 82' lang='lat' dir='ltr'>defendendam</span> <span class='ocrx_word' id='word_1_516' title='bbox 1523 4801 1556 4810; x_wconf 90' lang='lat'><em>-</em></span> <span class='ocrx_word' id='word_1_517' title='bbox 1673 4785 1674 4798; x_wconf 63' lang='lat'>¹</span> 
     </span>
    </p>
   </div>
   <div class='ocr_carea' id='block_1_9' title="bbox 0 0 1721 5434">
    <p class='ocr_par' dir='ltr' id='par_1_12' title="bbox 0 0 1721 5434">
     <span class='ocr_line' id='line_1_53' title="bbox 0 0 1721 5434; baseline 0 0"><span class='ocrx_word' id='word_1_518' title='bbox 0 0 1721 5434; x_wconf 95' lang='lat' dir='ltr'> </span> 
     </span>
    </p>
   </div>
  </div>
 </body>
</html>
