3417 5434
824 335 973 386 PINDARI
992 335 1159 387 semrom.

564 502 653 564 Δίκα
674 497 884 584 παρέσ-τακε·
908 503 1000 562 θεῶν
1023 494 1054 562 δ’
1080 499 1158 562 όπιν

564 607 712 691 άφδιτον
735 604 832 694 αἰτέω

610 713 787 799 Ξέναρκες,
810 709 983 797 ὑμετέραις
1005 711 1126 794 τύχαις.

565 823 596 885 εί
616 821 680 906 γάρ
704 844 754 897 τις
776 819 854 885 ἐσλὰ
877 817 1017 884 πέπαται

610 930 654 1013 μὴ
678 929 742 993 σὺν
764 936 878 1014 μακέῷ
902 929 1009 1014 mimi

563 1040 700 1112 πολλοῖς
723 1036 828 1120 σοφὸς
850 1035 945 1099 δοκεῖ
964 1032 1037 1098 πεδ’
1063 1031 1222 1119 ἀφρόνων
1489 1053 1533 1100 105

513 1214 545 1262 ⁷5
564 1200 641 1281 βίον
662 1195 867 1282 κορυσσέμεν
889 1195 1055 1281 όρδοβοό-
1338 1192 1404 1260 Ἐπ.
1428 1193 1469 1260 δ’.

611 1309 698 1369 λοισι
721 1315 898 1388 μαχαναῖς·

565 1411 606 1475 τά
629 1408 662 1475 δ’
687 1410 748 1476 οὐκ
772 1407 822 1474 ἐπ’
848 1409 990 1493 ἀνδράσι
1013 1420 1130 1474 κεῖται·

610 1519 738 1602 δαίμων
761 1514 798 1582 δὲ
820 1521 987 1601 παρίσχει,

565 1622 677 1690 ἄλλοτ’
703 1625 805 1689 άλλον
827 1623 954 1709 ὕπερθε
977 1623 1125 1707 βάλλων,

1489 1749 1535 1794 110

566 1837 672 1926 με’τρςο
692 1834 880 1922 κατάβαιν’·
896 1877 909 1886 -
925 1836 961 1902 ἐν
979 1837 1150 1922 Μεγάροις
1168 1835 1201 1901 δ’
1218 1839 1300 1921 ἔχεις
1318 1836 1433 1922 γέρας,

565 1955 659 2034 μυχῷ
682 1942 711 2010 τ’
737 1944 773 2010 ἐν
796 1948 1030 2030 Μαραθῶνος,
1050 1942 1111 2008 Ἥ-

611 2077 671 2139 ρας
693 2050 722 2117 τ’
748 2049 850 2135 ἀγῶν’
877 2050 1054 2137 ἐπιχώριον

514 2177 548 2225 80
566 2170 670 2247 νικᾷς,
689 2161 844 2246 τρισσοὺς
863 2156 909 2242 δ’,
929 2153 1182 2243 δι’ριστόμενες,
1197 2159 1366 2244 δάμασσας
1381 2163 1475 2246 ἔργῳ.
1492 2177 1538 2222 115

566 2320 698 2407 τέτρασι
721 2318 752 2384 δ’
778 2322 912 2405 ἔμπετες
933 2319 1065 2396 ὑψόθεν
1333 2325 1413 2405 Στρ.
1435 2319 1472 2385 ε’.

567 2427 750 2512 σωμάτεσσι
773 2427 857 2490 κακά
880 2424 1049 2511 φρονέων,

356 2539 444 2546 μ*-

355 2584 404 2641 udo
445 2605 456 2640 ι
474 2584 554 2640 οοδδ.
574 2588 604 2639 et
622 2583 721 2640 schot:
741 2581 861 2666 νέμομαι
879 2581 950 2639 soni.
965 2582 1134 2654 Mingarelli‚
1149 2581 1248 2655 χέομαι
1260 2584 1386 2639 Jurenka
1400 2617 1434 2626 -
1451 2592 1491 2640 72.
1507 2585 1617 2655 ἄφθιτοι

356 2659 385 2712 Β
425 2681 432 2712 τ
450 2678 492 2726 γρ.
509 2658 559 2711 καί
577 2656 712 2727 άφδονον
728 2657 801 2712 θαι
813 2673 902 2726 marg.
917 2686 952 2696 -
967 2659 1009 2710 73.
1026 2653 1117 2729 πόνφτ
1137 2654 1227 2730 χρόνῳ
1250 2655 1285 2710 V¹
1304 2687 1337 2696 -
1359 2661 1399 2711 75.
1420 2675 1531 2726 κηροσσ.
1548 2657 1574 2711 D
1590 2689 1616 2697 -

359 2735 400 2784 77.
420 2726 512 2783 ἄλλοτ’
530 2730 613 2799 Byr:
633 2727 730 2782 ἄλλοτε
748 2726 778 2782 δ’
795 2727 898 2782 BDE
910 2759 943 2768 —
959 2735 1058 2797 χειρῶν
1077 2725 1165 2800 μέτρῳ
1180 2727 1292 2798 (μέτρον
1305 2728 1362 2797 Β·)
1376 2728 1497 2800 iungunt
1509 2729 1582 2783 codd.
1594 2733 1617 2782 et
1670 2722 1671 2764 i

356 2800 456 2867 κολεοῖς
472 2800 526 2854 ὑπὸ
537 2808 623 2870 χεῖρα.
635 2799 724 2873 μέτρῳ
734 2799 805 2855 coni.
816 2799 946 2869 Hartung
960 2831 995 2838 —
1010 2801 1050 2853 78.
1066 2797 1227 2872 κατάβαιν’,
1243 2798 1273 2853 έν
1285 2799 1356 2854 soni.
1366 2799 1468 2871 Bergk,
1478 2801 1526 2869 qui
1537 2805 1617 2854 tumen

355 2871 386 2926 in
409 2870 565 2926 norissima
587 2870 712 2926 editione
735 2868 918 2943 καταβαίνειν
942 2869 1065 2924 scrisit:
1088 2869 1261 2943 καταβαίνει.
1283 2871 1315 2925 έν
1338 2870 1417 2926 οοδδ.
1440 2877 1469 2925 et
1492 2871 1572 2926 schol.
1591 2903 1616 2911 -

356 2947 398 2998 80.
420 2948 513 3017 νικᾷς,
532 2944 659 3011 τρισσοὺς
679 2940 707 2997 δ’
729 2941 829 3012 scripsi
849 2943 962 2995 secutus
981 2889 1141 3012 diarium,
1159 2942 1209 3012 qni
1227 2945 1322 2996 tamen
1340 2942 1371 2996 in
1389 2942 1514 2998 editione
1531 2945 1617 3012 quarta

356 3019 438 3089 νικᾷς
451 3015 509 3082 τρὶς
522 3010 557 3077 οἰς
570 3013 694 3084 scripsit:
709 3016 815 3069 νίκαισι
830 3009 934 3082 (νίκαις
946 3011 1050 3067 lemma
1064 3013 1102 3082 Β)
1116 3022 1239 3082 τρισσαῖς
1248 3015 1275 3068 Β
1280 3013 1345 3068 DE
1351 3047 1387 3054 —
1398 3011 1419 3068 ὦ
1433 3013 1513 3084 ’ρεστ
1525 3015 1618 3090 BDE:

354 3083 449 3154 Ἆριστ.
464 3085 524 3138 sine
539 3081 560 3140 ὦ
577 3087 603 3139 Ζ
613 3085 752 3156 probante
765 3083 875 3153 Heynio
894 3117 927 3124 -
947 3083 1092 3155 δάμασσας
1105 3086 1184 3155 Βγῖ.;
1204 3083 1359 3155 δαμάσσαις
1373 3087 1409 3154 Β,
1428 3086 1554 3158 δάμασας
1567 3086 1619 3141 ΒΕ

357 3189 392 3198 -
411 3155 493 3230 ἔργφτ
512 3154 601 3227 Ἄργει
620 3173 693 3227 susp.
712 3155 806 3227 Bergk
824 3188 859 3196 —

358 3298 449 3354 solum
468 3298 704 3367 commeationem,
724 3299 879 3354 sedetiam
897 3298 1045 3353 victoriam
1064 3299 1074 3352 i
1096 3317 1156 3354 sam
1174 3299 1274 3354 merito
1292 3299 1464 3355 Aristomeni
1484 3300 1618 3372 contigisse

357 3370 451 3424 innuit
466 3403 503 3410 —
522 3376 563 3426 74,
583 3371 655 3424 nihil
674 3373 718 3425 est
736 3387 846 3438 causas,
866 3388 915 3423 cur
931 3388 993 3424 snm
1008 3319 1118 3425 Tateiio
1135 3374 1232 3426 eontra
1246 3371 1394 3426 verborum
1409 3372 1534 3426 ordinem
1548 3375 1573 3425 et
1585 3370 1616 3423 di·

358 3441 441 3496 cendi
455 3459 535 3495 usum
549 3441 614 3496 πεδ’
626 3439 761 3511 ἀφρόνων
775 3459 839 3497 cum
848 3446 960 3504 πολλοῖς
970 3443 1084 3512 iungas:
1099 3441 1195 3496 multis
1205 3443 1255 3496 ille
1265 3443 1377 3514 sapiens
1387 3443 1461 3496 inter
1470 3443 1618 3514 insipientes

358 3513 436 3567 vitae
455 3512 566 3567 culmen
583 3513 696 3568 videtur
713 3513 853 3583 attingere
873 3531 984 3567 suorum
1008 3513 1188 3568 consiliorum
1211 3514 1380 3568 dexteritate
1398 3547 1434 3554 —
1455 3520 1496 3570 76.
1521 3513 1562 3568 ἐπ’
1580 3515 1618 3567 ris-

358 3583 441 3653 δράσι
466 3593 567 3638 κεῖται·
592 3585 681 3639 menti
705 3587 807 3655 poetae
832 3585 1035 3640 obversabatur
1060 3585 1239 3640 Homericum
1265 3589 1343 3640 θεῶν
1362 3585 1393 3640 έν
1411 3585 1528 3656 γούνασι
1545 3594 1618 3639 κεῖται

357 3688 394 3697 -
413 3661 455 3710 77.
479 3655 599 3729 βάλλων·
623 3656 706 3709 deum
730 3655 874 3710 hominum
896 3656 1010 3711 fortuna
1033 3659 1178 3725 tamquam
1196 3656 1257 3727 pila
1274 3657 1372 3711 ludere
1390 3661 1477 3728 poeta
1496 3656 1619 3727 significat

357 3759 393 3769 -
413 3732 446 3781 78
461 3745 496 3781 ss.
516 3727 574 3780 iam
592 3727 686 3799 pergit
699 3730 785 3797 poeta
798 3727 828 3780 in
842 3727 1006 3782 enarrandis
1021 3727 1122 3782 ceteris
1136 3729 1262 3783 victoriis
1277 3727 1470 3796 Aristomenis,
1485 3729 1618 3797 dequibus

356 3799 422 3854 ride
436 3797 509 3852 Prol.
519 3817 640 3852 nmrm
650 3816 686 3854 ss.
697 3831 731 3840 —
741 3798 829 3872 μέτρῳ
844 3817 908 3854 sum
922 3799 952 3853 in
966 3799 1106 3869 principio
1120 3799 1187 3853 novi
1196 3817 1292 3854 versus
1306 3799 1430 3870 positum
1444 3798 1491 3865 sit,
1506 3801 1541 3853 ab
1555 3803 1618 3853 ante·

358 3871 476 3925 sedente
495 3870 649 3940 sententia,
669 3887 742 3939 quae
760 3870 790 3924 in
809 3888 839 3924 se
858 3871 984 3941 perfecta
1003 3873 1053 3938 est,
1073 3870 1170 3924 divelli
1189 3871 1218 3925 et
1237 3887 1299 3924 eum
1318 3870 1473 3943 κατάβαινε
1492 3869 1619 3927 coniunxi:

359 3942 483 3996 variavit
501 3943 597 3996 autem
614 3945 701 4011 poeta
718 3941 864 4011 vulgarem
882 3942 1032 3996 formulam
1048 3941 1149 4012 μέτρον
1164 3941 1278 4010 ἄριστον
1292 3973 1327 3982 -—
1343 3949 1384 3998 79,
1397 3939 1488 4011 Ἥρας
1505 3941 1530 3997 τ’
1546 3939 1618 4010 ἀγῶν’

360 4014 519 4084 ἐπιχώριον·
539 4013 639 4068 schor:
659 4015 696 4077 ὡς
713 4015 762 4068 καὶ
782 4013 811 4068 ἐν
826 4011 923 4085 Αἰγίνῃ
939 4010 1062 4082 Ἡραίων
1079 4011 1224 4082 ἀγομένων
1242 4013 1314 4067 κατὰ
1333 4010 1447 4084 μίμησιν
1466 4023 1515 4068 τοῦ
1535 4013 1561 4066 ἐν
1573 4011 1619 4078 ’λο-

359 4104 403 4155 γει
422 4087 542 4156 ἀγῶνος·
569 4085 684 4139 ἄποικοι
702 4084 757 4156 γὰρ
772 4083 897 4156 Ἀργείων
917 4086 1068 4155 Αἰγινῆται,
1106 4087 1231 4155 Δίδυμος
1249 4082 1281 4139 δέ
1302 4102 1371 4154 φησι
1389 4087 1425 4138 τά
1445 4083 1619 4156 Ἐκατόμβαια

359 4156 447 4211 αὐτὸν
471 4165 525 4212 νῦν
549 4154 639 4226 λέγειν
666 4157 709 4211 έπι
729 4159 814 4226 ὥριον
838 4158 936 4227 άγῶνα
962 4157 1115 4226 Αἰγινητῶν
1140 4155 1188 4210 διὰ
1213 4156 1265 4226 τὴν
1292 4153 1465 4238 συγγένειαν.
1508 4155 1572 4210 Cum
1593 4155 1619 4206 de

359 4226 476 4282 Heraeis
495 4227 667 4298 Aeginetiois
739 4227 761 4281 il
784 4231 895 4284 constet
918 4245 1008 4297 neque
1026 4227 1168 4282 veteribus
1186 4227 1379 4298 grammatrois
1398 4227 1552 4296 quidquam
1568 4243 1618 4279 ron·

360 4299 467 4354 stitisse
491 4302 641 4371 appareat,
666 4300 797 4368 squidem
818 4299 913 4355 serbis
936 4299 995 4353 illis
1018 4299 1128 4354 Heraea
1146 4299 1252 4370 Argiva
1271 4298 1390 4352 indicari
1410 4301 1439 4352 st
1457 4315 1557 4354 nomen
1574 4295 1618 4352 έκι-

360 4373 462 4441 χόριον
480 4371 516 4426 iis
535 4371 571 4425 ab
591 4387 624 4425 eo
649 4371 725 4440 quod
739 4374 815 4425 terra
828 4372 936 4441 Argiva
949 4371 1063 4426 Iunonis
1079 4389 1158 4425 saera
1172 4371 1235 4440 fuit,
1250 4370 1371 4424 inditum
1385 4387 1447 4424 esse
1462 4369 1618 4425 crediderim.

361 4444 401 4496 De
420 4448 502 4517 νικᾷς
518 4459 569 4512 pro
589 4416 719 4511 ἐνίκησας
736 4442 809 4497 eonf.
825 4443 856 4498 Ο.
872 4463 889 4496 x
905 4460 937 4498 ιο.

431 4518 465 4567 81
481 4531 516 4568 ss.
535 4513 610 4567 redit
627 4519 712 4584 poeta
731 4514 768 4568 ad
786 4532 923 4585 nuperum
942 4517 1082 4568 certamen
1101 4513 1280 4584 Delphicum,
1300 4511 1452 4566 transitum
1471 4516 1562 4568 autem
1578 4509 1618 4565 sibi

360 4588 444 4655 parat
465 4584 529 4638 lusu
547 4584 696 4639 verborum
717 4587 845 4653 τρισσοὺς
868 4589 896 4640 et
918 4585 1082 4654 τέτρασι-
1101 4591 1142 4640 81.
1166 4583 1276 4653 τέτρασι
1299 4587 1328 4639 at
1349 4585 1477 4651 τρισσοάς
1500 4583 1618 4654 quomodo

360 4655 552 4727 intellegenda
575 4655 644 4724 sint,
668 4657 734 4711 vide
762 4656 834 4712 Prol.
854 4676 926 4710 τω
945 4674 995 4725 ss.;
1022 4673 1112 4725 neque
1141 4655 1216 4710 enim
1243 4655 1327 4710 simul
1354 4672 1419 4710 oum
1446 4660 1573 4725 quatuor,
1596 4655 1618 4707 ut

362 4725 517 4782 scholiasta
530 4726 670 4797 opinatur,
691 4728 740 4782 sed
760 4728 891 4798 deinceps
906 4746 970 4783 sum
984 4732 1104 4797 quatuor
1118 4727 1286 4782 adversariis
1300 4727 1425 4781 luctatus
1440 4731 1497 4796 est;
1516 4730 1618 4781 ceterum

362 4798 433 4853 conf.
454 4797 485 4852 0.
505 4817 555 4851 vnr
572 4815 598 4853 ιε
617 4800 646 4852 et
665 4799 752 4870 epigr.
772 4800 882 4871 Olymp.
902 4819 928 4856 n.
951 4817 987 4854 iss
1007 4803 1035 4854 et
1054 4817 1093 4856 iso
1112 4800 1142 4854 in
1160 4799 1242 4854 Aroh.
1263 4798 1331 4854 Zeit.
1354 4803 1421 4853 1878
1442 4831 1476 4840 -
1495 4804 1536 4854 82.
1561 4795 1618 4852 κακὰ
