3417 5434
468 332 516 383 111.
541 331 590 382 DE
608 332 717 383 LUDIS
737 333 782 383 ET
801 332 976 386 aerumna.

210 493 376 576 ’Ἀνθηκεν
399 491 469 558 τόδ’
491 495 621 577 ἀγαλμα
645 496 831 579 Κορίνθιος
854 494 954 579 ὅσπερ
979 491 1071 559 ένίκα

261 599 297 666 έν
319 605 468 685 Δελφοῖς
490 621 569 664 ποτε
592 600 798 682 Νικολάδας,

220 705 273 772 καί
297 708 552 790 Παναθηναίοις
574 707 760 791 στεφάνους
783 707 863 791 λάβε
885 705 977 771 πέντ’
999 705 1049 772 ἐπ’
1071 705 1207 783 ἀέθλοις

261 812 334 898 ἑξῆς
358 813 560 900 ἀμφιφορεῖς
583 813 709 879 ἐλαίου·
1200 797 1205 826 ⁵

219 921 354 1006 Ἰσθμοῦ
377 919 410 986 δ’
431 921 468 985 έν
492 918 593 1008 ζαθέᾳ
615 918 687 1006 τρίς
710 920 870 1006 ἐπισχερὼ
894 919 966 987 ἀλλ’
989 920 1142 1004 ἐγένοντο

260 1027 341 1114 ἀκτῇ
366 1025 638 1111 Ποντομέδοντος
661 1021 764 1092 ἀθλα·

218 1133 272 1200 καὶ
294 1133 408 1222 Νεμέᾳ
429 1132 502 1218 τρίς
525 1133 676 1216 ἐνίκησεν
698 1132 752 1199 καί
776 1135 926 1220 τετράκις
949 1137 1032 1200 ἀλλα

263 1242 436 1329 Πελλάνα,
459 1241 521 1305 δύο
546 1238 578 1303 δ’
599 1239 635 1304 ἐν
655 1243 805 1329 Λυκαίῳ,

219 1347 272 1414 καὶ
295 1347 421 1435 Νεμέᾳ,
444 1345 499 1412 καί
524 1347 561 1412 έν
578 1348 717 1434 Αίγίνᾳ,
740 1357 882 1434 κρατερᾷ
907 1345 938 1410 δ’
957 1345 1159 1436 Ἐπιδαύρῳ,

260 1454 316 1521 καί
341 1457 450 1542 Θήβα,
473 1454 641 1540 Μεγάρων
664 1451 701 1519 δὲ
724 1455 831 1542 δάμῳ·

217 1563 253 1629 ἕν
275 1559 313 1627 δὲ
338 1565 543 1649 Φλιαυντείῳ
568 1563 691 1650 σταδίῳ
714 1561 755 1625 τά
778 1583 813 1626 τε
835 1559 932 1626 πέντε
954 1565 1134 1647 κρατήσας,
1189 1601 1192 1607 ·

258 1671 433 1756 ηὔφρανεν
455 1667 602 1753 μεγάλαν
626 1670 810 1753 Κόρινθον.

178 1813 223 1878 Ex
245 1812 297 1876 his
321 1811 428 1876 titulis
453 1816 550 1896 atque
574 1810 819 1897 epigrammatis
844 1816 877 1876 et
900 1835 940 1876 cx
962 1810 1106 1876 iudicum
1125 1813 1367 1878 commentariis

104 1919 311 2007 (ὑπομνήμασι
334 1917 420 1984 Plut.
441 1917 506 1983 Sol.
530 1915 584 2006 11)
614 1917 755 2005 catalogi
784 1919 1052 2004 conficiebantur,
1080 1920 1198 2004 quibus
1222 1919 1278 2003 qui
1301 1920 1368 1984 vic·

104 2037 177 2092 tores
201 2026 338 2112 singulis
365 2025 399 2090 in
428 2025 659 2090 certaminibus
689 2025 843 2109 cuiusque
869 2026 944 2091 anni
967 2026 1145 2091 renuntiati
1168 2031 1277 2091 essent
1299 2049 1369 2112 per-

104 2135 319 2200 scribebantnr.
370 2131 465 2197 Tales
498 2131 587 2196 fuere
614 2129 861 2217 Ὀλυμπιονῖκαι
887 2131 1028 2218 Hippiae
1061 2132 1241 2219 sophistae,
1273 2155 1369 2218 quem

102 2241 225 2323 prinum
256 2239 397 2305 indicem
424 2239 723 2323 Olympionicarum
753 2237 1027 2325 (Ὀλυμπιονικῶν
1060 2238 1274 2326 ἀναγραφήν)
1306 2241 1370 2304 edi-

103 2347 174 2412 disse
198 2347 282 2412 Plut.
307 2346 404 2412 Num.
432 2350 447 2411 1
478 2346 592 2430 tradit,
625 2351 658 2410 et
685 2345 875 2412 Aristotelis
901 2345 1148 2431 Ὀλυμπιονῖκαι
1176 2351 1209 2411 et
1237 2352 1367 2413 Πυθιο-

102 2467 191 2538 νῖκαι,
218 2476 357 2539 quorum
384 2452 544 2517 librorum
571 2453 689 2536 prioris
718 2454 876 2518 memoria
902 2453 998 2539 plane
1025 2453 1192 2519 intercidit
1214 2453 1257 2540 (v.
1281 2453 1368 2518 Rose

103 2563 187 2626 Arist.
210 2560 412 2646 pseudepigr.
432 2560 527 2644 547),
554 2558 687 2624 alterius
714 2560 900 2646 fragmenta
927 2561 1052 2646 aliquot
1076 2561 1197 2647 partim
1220 2561 1255 2625 in
1278 2561 1369 2627 scho-

102 2668 147 2732 liis
169 2667 311 2753 Pindari,
339 2666 459 2753 partim
488 2666 529 2731 ab
558 2665 630 2730 aliis
659 2667 873 2751 scriptoribus
902 2672 1030 2732 servata
1057 2655 1201 2734 exstant*
1216 2668 1368 2754 (Aristot.

102 2777 141 2840 ed
159 2777 239 2841 acad.
259 2774 366 2840 Berol.
386 2778 409 2839 t.
429 2791 452 2836 v
474 2796 504 2858 p.
527 2771 636 2860 1578).
678 2772 850 2838 Praeterea
873 2773 908 2838 in
931 2797 1027 2839 usum
1046 2774 1369 2861 chronographorum

101 2883 264 2949 abbreviati
293 2881 434 2967 catalogi
463 2878 762 2965 Olympionicarum
791 2881 930 2947 confecti
959 2886 1049 2965 sunt,
1079 2882 1135 2966 qui
1162 2883 1233 2947 sola
1261 2883 1367 2947 stadio

101 2989 244 3056 victorum
263 2989 406 3075 nomina,
424 2989 507 3054 unde
527 2985 735 3071 Olympiades
754 2987 902 3074 singulae
920 2989 1129 3074 notabantur,
1148 2989 1368 3055 continebant.

101 3095 373 3162 Isthmionicarum
405 3115 533 3180 quoque
566 3093 707 3180 catalogi
739 3095 774 3157 in
802 3095 935 3159 scholiis
963 3094 1191 3161 Pind.l.11‘1
1221 3095 1272 3182 (έν
1298 3107 1371 3172 ταῖς

99 3200 316 3288 Ἰσθμιονικῶν
335 3201 558 3289 ἀναγραφαῖς)
578 3207 883 3286 commemorantur,
905 3204 939 3266 et
957 3201 1228 3269 Nemeonicarnm
1246 3203 1370 3268 indices

100 3333 116 3372 a
136 3309 351 3397 grammaticis
369 3309 562 3393 Asclepiade
587 3313 620 3373 et
637 3307 780 3393 Didymo
804 3308 969 3374 adhibitos
988 3332 1058 3374 esse
1077 3309 1201 3374 scholia
1220 3312 1258 3374 ad
1279 3310 1319 3375 N.
1334 3329 1370 3374 vr

99 3417 180 3483 inser.
203 3423 237 3482 et
255 3416 297 3482 N.
317 3433 379 3480 vm
402 3416 499 3480 inscr.
522 3419 696 3480 testantur.
739 3413 803 3480 Sed
825 3420 953 3480 mature
973 3417 1093 3505 horum
1115 3417 1267 3482 ludorum
1286 3440 1370 3482 com-

101 3524 263 3590 mentarios
286 3524 490 3589 intercidisse
514 3522 614 3587 tradit
632 3521 812 3587 Pausanias
836 3541 873 3586 vl
893 3525 945 3609 13,
963 3525 997 3589 8:
1020 3524 1168 3609 τετράκις
1191 3524 1254 3610 γάρ
1273 3526 1315 3608 δὴ
1334 3523 1371 3589 έν

101 3630 228 3718 ἀνδράσι
251 3630 492 3716 κατεμαχέσατο
516 3629 533 3695 ὁ
559 3630 744 3717 Τίσανδρος
767 3630 894 3706 πύκτας
912 3629 949 3694 έν
964 3627 1134 3717 Ὀλυμπίᾳ,
1156 3640 1314 3696 τοσαῦται
1333 3628 1370 3696 δὲ

100 3737 144 3802 καὶ
156 3744 276 3804 Πυθοῖ
291 3741 468 3821 γεγόνασιν
487 3736 576 3826 αὐτῷ
596 3748 700 3802 νῖκαι·
720 3739 921 3821 Κορινθίοις
939 3733 976 3801 δὲ
994 3737 1056 3803 οὐκ
1069 3733 1112 3820 ἦν
1125 3759 1176 3803 πω
1190 3746 1369 3821 τηνικαῦτα

100 3843 163 3911 οὐδὲ
183 3845 345 3932 Ἀργείοις
368 3843 401 3922 ές
424 3845 572 3920 ἅπαντας
593 3843 813 3929 ὑπομνήματα
836 3846 915 3920 τοὺς
933 3843 1045 3928 Νέμεα
1068 3856 1239 3921 νικῶντας.
1276 3843 1369 3909 Unde

99 3973 188 4037 neque
221 3954 256 4017 in
288 3951 422 4018 scholiis
450 3950 582 4016 Pindari
611 3951 650 4016 de
677 3955 838 4036 tempore,
870 3972 934 4035 quo
962 3951 1120 4016 Isthmiea
1146 3956 1180 4016 et
1207 3951 1371 4017 Nemeaea

101 4060 226 4144 epinicia
253 4060 437 4144 composita
464 4058 546 4145 sint,
574 4057 749 4143 quidquam
779 4057 860 4124 certi
886 4057 1026 4124 relatum
1053 4064 1117 4144 est,
1142 4080 1247 4145 neque
1275 4059 1371 4124 0.1x

103 4169 152 4232 123
180 4167 222 4232 ad
248 4166 325 4231 lites
353 4165 642 4251 grammaticorum
670 4165 865 4231 dirimendas
887 4164 1036 4231 Isthmioi
1064 4166 1206 4252 catalogi
1231 4166 1371 4231 adhibiti

101 4281 173 4339 sunt.
219 4274 368 4358 Denique
391 4278 428 4338 ut
452 4273 613 4357 quomodo
636 4271 693 4337 isti
717 4273 860 4359 catalogi
883 4273 1023 4338 confecti
1045 4273 1166 4338 fuerint
1189 4272 1371 4360 intellegas,

101 4377 280 4468 Phlegontis
309 4380 546 4448 Chronicorum
574 4379 683 4445 locum
711 4402 731 4444 a
758 4378 878 4443 Photio
906 4379 984 4444 bibl.
1007 4380 1075 4443 cod.
1099 4380 1140 4444 97
1164 4403 1195 4465 p.
1216 4380 1369 4446 83Belrh.

101 4494 250 4554 serratum
271 4509 432 4573 apponere
451 4485 581 4572 expedit
588 4483 626 4573 1);
646 4485 683 4550 ἐν
700 4495 739 4572 τῇ
759 4485 828 4572 ροζ’
846 4484 1040 4570 Ὀλυμπιάδι
1059 4485 1150 4551 ἐνίκα
1165 4483 1370 4572 Ἑκατόμνυς

102 4597 254 4680 Μιλήσιος
272 4595 411 4661 στάδιον
428 4592 484 4658 καὶ
503 4594 642 4659 δίαυλον
662 4591 730 4677 [καί
746 4592 886 4676 ὁπλίτην
900 4591 997 4679 rodel,
1011 4589 1167 4677 ’Τψικλῇς
1182 4595 1370 4668 Σικυώνιος

174 4795 198 4862 1)
217 4789 322 4844 Confer
340 4804 413 4856 quae
432 4805 518 4858 supra
536 4806 563 4858 p.
578 4786 705 4841 LXXVlI
724 4787 760 4840 dc
778 4786 830 4842 hoc
850 4786 983 4857 catalogo
1003 4786 1219 4857 disputavimus.
