3417 5434
615 377 840 432 FRAGMENTA
1301 375 1367 440 433

85 541 355 625 άποφθεγξάμενος
384 542 427 615 είς
455 541 547 625 ὀργὴν
577 542 679 625 ἔτρεψε
708 541 763 624 τήν
797 542 937 624 νύμφην,
967 544 1038 606 ὥστε
1065 549 1246 626 πηρωθήναι
1268 543 1368 607 αὐτόν.

85 631 140 694 καλ
162 632 315 710 Πίνδαρος
338 629 370 692 δέ
392 649 467 711 φησι
489 632 555 715 περὶ
578 635 719 714 Νυμφῶν
741 635 925 713 ποιούμενος
948 633 1001 695 τόν
1023 632 1125 716 λόγον·
1154 632 1370 715 ἰσοδένδρου

86 719 219 803 τέκμαρ
242 721 372 794 αἰῶνος
396 727 566 802 λαχοῦσαι
589 715 639 806 (fr.
661 715 735 806 165).
760 723 881 784 Similia
900 724 1014 784 tradite
1032 727 1103 784 eunt
1121 725 1153 784 in
1171 724 1247 784 libro
1267 725 1369 802 spurio

87 813 170 872 Plut.
194 814 308 889 quaest.
331 815 392 871 nat.
412 823 455 890 36,
479 832 538 889 quo
562 813 627 872 1οοο
651 813 755 872 fabula
774 813 810 872 de
831 814 951 874 Rhoeeo
971 819 1003 872 et
1021 814 1140 874 melissa
1158 813 1225 891 ipse
1243 814 1282 872 ed
1300 814 1370 872 Pin·

85 901 196 960 darum
218 902 315 961 relate
337 904 398 980 est,
420 921 529 978 perum
550 901 627 961 illud
649 901 858 979 probabiliter.
904 903 1028 963 Pindari
1051 903 1132 963 enim
1153 903 1249 980 ipsius
1273 904 1371 964 solum
1463 924 1468 932 ·

91 991 129 1048 fr.
155 1001 206 1050 165
229 1008 292 1050 esee
315 988 458 1068 ridetur}
639 1083 700 1142 253
725 1074 739 1161 [
763 1074 821 1161 40]

743 1087 757 1141 1
823 1129 829 1140 .

184 1185 329 1264 Herpoer.
352 1207 380 1248 v.
404 1183 596 1266 αὐτόχθονες·
621 1183 717 1249 ...δ
740 1183 772 1248 δὲ
790 1187 945 1270 Πίνδαρος
971 1186 1022 1249 καί
1044 1183 1061 1248 δ
1083 1183 1139 1268 τήν
1161 1189 1298 1250 Δαναίδα
1320 1210 1371 1250 πε-

92 1275 229 1354 ποιηκώς
252 1293 344 1354 φασιν
365 1267 554 1358 Ἐριχθόνιον
576 1274 627 1338 καλ
640 1271 813 1355 Ἥφαιστον
834 1275 868 1339 ἐκ
889 1285 946 1360 γῆς
968 1287 1111 1358 φανῆναι.

639 1423 701 1481 254
726 1415 831 1501 [144].

185 1526 323 1604 Apollod.
348 1525 473 1588 Bib1.n
497 1536 544 1586 38:
575 1518 662 1587 αὗται
694 1523 725 1588 δὲ
757 1527 791 1588 αί
817 1527 936 1607 νύμφαι
964 1519 1140 1610 (Γοργόνες)
1168 1527 1266 1608 πτηνά
1293 1521 1372 1609 είχον

94 1612 202 1675 πέδιλα
224 1613 274 1676 καλ
296 1613 351 1693 τήν
373 1616 496 1694 κίβισιν,
518 1613 558 1694 ήν
580 1633 673 1693 φασιν
696 1609 772 1677 εἶναι
794 1616 903 1697 πήραν.
934 1617 1088 1698 Πίνδαρος
1111 1614 1143 1677 δὲ
1164 1615 1216 1678 καλ
1233 1613 1372 1690 Ἡσίοδος

91 1703 129 1764 ἐν
150 1698 266 1765 Ἀσπίδι
287 1701 335 1765 ἐπὶ
357 1713 410 1766 τοῦ
432 1701 582 1784 Περσέως·
605 1715 676 1766 πᾶν
700 1703 735 1766 δέ
759 1707 983 1788 μετάφρενον
1004 1712 1063 1768 κτλ.
1087 1699 1177 1788 (scut.
1200 1699 1278 1790 223).

638 1852 700 1911 255
744 1851 831 1910 149.

185 1954 282 2015 Schol.
306 1954 392 2014 Pind.
414 1955 452 2016 N.
476 1973 519 2014 vn
544 1965 608 2014 103:
635 1844 860 2033 Πύξεύίδην]δὲ
882 1948 965 2016 εἶπεν
987 1953 1028 2029 ὡς
1050 1954 1212 2029 ἀπότινος
1234 1954 1373 2030 metm

91 2053 149 2121 τῆς
171 2041 242 2121 ὅλης
269 2042 412 2124 φρατρίας
442 2039 670 2124 ἀφηγουμένου,
699 2041 740 2116 ὡς
769 2045 962 2117 Σκοπάδας
988 2044 1039 2107 καί
1066 2039 1255 2119 Ἀλευάδας
1284 2046 1374 2108 εἴωθε

93 2125 282 2216 (Πίνδαρος)
304 2137 404 2194 καλεῖν
427 2131 497 2205 τοὺς
522 2133 697 2205 Θεσσαλούς.

640 2277 702 2337 256
728 2269 832 2358 [155].

185 2381 418 2443 Streb.111170:
442 2379 493 2442 καί
514 2379 565 2454 τὰς
589 2380 745 2462 Πλαγκτὰς
767 2381 818 2443 καί
840 2380 892 2455 τδις
910 2384 1133 2465 Συμπληγάδας
1154 2382 1265 2446 ένθάδε
1288 2408 1373 2465 μετα-

96 2469 226 2550 φέρουσί
246 2491 340 2550 τινες,
363 2471 470 2544 ταύτας
492 2464 569 2532 εἶναι
590 2472 759 2550 νομίζοντες
782 2471 904 2550 στήλας,
926 2471 962 2546 δις
981 2472 1134 2555 Πίνδαρος
1156 2479 1242 2535 καλεῖ
1258 2477 1374 2548 πύλας

96 2561 248 2640 Γαδειρί
252 2559 270 2619 δ
276 2583 331 2638 ας,
343 2561 386 2632 είς
400 2561 507 2633 ταύτας
521 2559 646 2633 ὑστάτας
660 2557 788 2641 ἀφῖχθαι
802 2561 926 2640 φάσκων
939 2560 991 2623 τὸν
1001 2557 1153 2644 Ἡρακλέα.
1172 2564 1255 2625 Idem
1269 2586 1298 2643 p.
1310 2578 1374 2625 172:

94 2649 147 2711 καλ
162 2646 178 2710 δ
192 2650 346 2731 Πίνδαρος
360 2649 454 2722 οὕτως
472 2648 511 2710 tv
530 2647 629 2730 ὀρθῶς
648 2647 726 2730 λέγοι
744 2650 857 2724 πύλας
874 2651 1098 2732 Γαδειρίδας.
1131 2653 1215 2715 (lons.
1229 2655 1266 2714 N.
1280 2673 1316 2712 111
1330 2667 1373 2716 22.

186 2899 281 2960 Strab.
299 2919 339 2960 xv
355 2911 419 2959 711:
438 2898 505 2980 περί
524 2897 555 2960 δέ
573 2907 633 2960 τῶν
652 2905 782 2980 χιλιετῶν
796 2897 997 2982 Ἳλτερβορέων
1009 2900 1045 2962 τὰ
1059 2900 1133 2963 αύτᾶ
1147 2901 1221 2985 λέγει
1235 2897 1374 2986 (Μεγασ-

94 2982 206 3072 θένης)
224 2989 381 3075 Σιμωνίδη
399 2987 449 3050 καί
468 2989 610 3076 Πινδάρῳ
627 2988 678 3050 καί
695 2987 794 3062 άλλοις
814 2990 1003 3072 μυθολόγοις.
1035 2993 1174 3054 Forsitan
1194 2996 1375 3072 spectaverit

95 3081 129 3140 P.
145 3097 164 3136 x
177 3091 221 3138 41.

640 3171 704 3230 258
728 3163 833 3251 {ree}

187 3276 417 3353 Peue.141,5:
439 3269 566 3354 Ἀλκμὰν
588 3274 715 3353 ποιήσας
738 3262 817 3360 ᾆσμα
839 3273 871 3349 ές
892 3275 963 3349 τοὺς
985 3277 1200 3359 Διοσκούρους,
1223 3278 1264 3353 ὡς
1283 3273 1375 3359 ’Λθή-

98 3387 153 3436 νας
178 3361 271 3425 ἕλοιεν
293 3362 344 3424 καί
361 3362 416 3442 τήν
432 3361 552 3442 Θησέως
570 3361 707 3447 ἀγάγοιεν
726 3363 835 3446 μητέρα
853 3364 1047 3446 αἰχμάλωτον,
1070 3366 1150 3447 ὅμως
1165 3366 1264 3447 Θησέα
1282 3369 1376 3449 φησλν

96 3450 189 3514 αὐτὸν
218 3451 345 3514 ἀπεῖναι.
392 3453 546 3535 Πίνδαρος
569 3451 601 3514 δὲ
623 3454 739 3526 τούτοις
761 3477 792 3514 τε
813 3453 888 3515 κατὰ
910 3454 1002 3516 ταύτὰ
1028 3453 1147 3536 έποίησε
1169 3457 1220 3519 καλ
1241 3458 1376 3540 γαμβρὸν

95 3548 159 3614 τοῖς
178 3541 374 3623 Διοσκούροις
394 3540 493 3620 Θησέα
511 3535 587 3603 εἶναι
605 3543 788 3623 βουλόμενον
807 3537 1003 3628 (βουλόμενος
1021 3543 1129 3631 codd),
1148 3544 1179 3620 ἐς
1197 3543 1214 3607 δ
1232 3545 1375 3610 ἀπελθεῖν

97 3630 192 3692 αύτδν
215 3631 351 3713 Πειρίθῳ
373 3630 426 3692 τὸν
449 3631 606 3713 λεγόμενον
628 3633 725 3715 γάμον
747 3634 964 3716 συμπράξοντα.

641 3778 703 3838 259
729 3771 833 3857 [176].

188 3879 1375 3968 mfflmnMWQMMQOmmwg

99 3969 419 4053 πεντηκονταερέτμους
442 3970 517 4050 φησί
539 3970 591 4044 τδις
614 3981 690 4045 ναῦς
712 3981 771 4033 τῶν
792 3965 916 4054 Ἀχαιῶν
938 3973 1023 4035 είναι.

641 4119 704 4177 260
745 4119 833 4178 178.

187 4221 309 4282 Aristid.
329 4233 423 4282 11339
442 4223 544 4283 Dine:
567 4191 663 4284 καίτοι
684 4110 869 4296 τίς[ου’κ]άν
891 4221 1014 4302 φήσειεν
1037 4223 1145 4287 οὑτωσί
1167 4223 1279 4305 πολλήν
1297 4219 1373 4287 εἶναι

97 4307 152 4388 τήν
175 4308 314 4391 ἀλογίαν,
345 4307 417 4372 ὄντα
439 4309 493 4391 μὲν
516 4310 607 4372 αὐτὸν
630 4303 849 4397 (Παλαμήδην)
872 4313 1050 4395 κυριώτερον
1072 4325 1125 4376 τοῦ
1146 4309 1308 4389 Ὀδυσσέως
1330 4316 1374 4388 είς

97 4400 206 4478 σοφίας
229 4399 328 4482 λόγον,
351 4398 391 4473 ὡς
414 4399 473 4479 έφη
497 4400 661 4481 Πίνδαρος,
684 4394 745 4462 εἶθ’
764 4398 934 4482 ἡττηθῆναι
957 4413 1009 4464 τοῦ
1032 4405 1178 4484 χείρονος;

641 4547 702 4605 eei
729 4539 833 4624 [τοο]

189 4647 274 4730 [Arg.
294 4649 382 4727 Soph.
402 4649 485 4710 Alae.
509 4649 621 4731 ἱστορεῖ
636 4647 687 4710 καὶ
708 4651 873 4732 Πίνδαρος,
896 4649 941 4712 ότι
963 4651 995 4713 τὸ
1018 4649 1073 4732 μέν
1095 4661 1189 4733 σῶμα,
1212 4652 1284 4737 ὅπερ
1304 4651 1372 4716 έκά-

97 4743 194 4818 λυφεν
216 4736 236 4818 ή
260 4731 326 4822 (τοῦ
345 4731 538 4823 Ἡρακλέους)
561 4743 675 4818 λεοντῆ,
697 4736 827 4820 άτρωτον
849 4733 898 4822 ήν,
920 4741 953 4802 τὸ
976 4739 1007 4803 δὲ
1026 4740 1067 4823 μή
1085 4740 1244 4822 καλυφθέν
1262 4744 1373 4828 τρωτὸν

97 4829 220 4914 ἔμεινεν.
257 4829 391 4890 Pertinet
415 4829 452 4890 ed
475 4831 497 4890 Ι.
521 4849 553 4890 vr
575 4824 633 4909 47].

153 4941 279 4984 moritur
293 4938 328 4980 ed.
341 4937 445 4980 chrm
1129 4939 1163 4990 28
