3417 5434
285 313 336 368 XII
784 314 1063 368 anomoeorum.

373 476 427 542 De
448 475 697 542 coniecturis.
728 475 876 561 Denique
896 475 969 540 aliis
988 497 1115 560 quoque
1135 475 1259 540 mendis
1275 473 1407 539 Pindari
1425 475 1582 540 carmina

284 583 320 648 in
339 584 490 650 omnibus
510 583 674 650 codicibus
694 583 814 670 partim
832 583 959 648 incuria
975 582 1196 668 librariorum,
1215 581 1333 667 partim
1353 581 1472 647 iniuria
1491 586 1582 646 tem-

285 691 376 777 poris
399 691 570 776 inquinata
592 695 682 775 sunt,
711 712 793 777 quae
816 690 880 755 nisi
904 690 1131 756 audacioribus
1155 689 1350 756 coniecturis
1374 711 1441 754 000
1462 689 1581 753 tollas.
1707 696 1708 701 ’

286 797 395 884 Atque
418 799 459 864 iis
486 798 616 884 quidem
643 798 739 884 locis,
767 799 822 882 qui
850 801 962 884 aperte
991 798 1136 883 corrupti
1164 819 1235 862 esse
1260 795 1341 862 mihi
1365 797 1579 878 videbantur,

287 906 506 972 coniecturam
539 905 681 990 aliquam
712 905 748 970 in
779 909 896 991 poetae
926 905 1026 970 verba
1056 905 1198 990 recipere
1228 926 1326 988 quam
1352 902 1469 968 falsam
1496 925 1579 988 pro

283 1034 403 1099 pagare
437 1012 585 1078 codicum
619 1011 793 1078 lectionem
826 1011 940 1096 malui,
971 1011 1013 1075 iis
1043 1017 1152 1078 autern
1179 1011 1338 1088 versibus,
1372 1010 1428 1095 qui
1457 1015 1578 1075 utrum

285 1118 451 1204 depravati
484 1141 526 1183 an
558 1119 672 1184 subtili
705 1118 921 1203 explicatione
953 1119 1113 1184 enodandi
1149 1120 1230 1205 sint,
1265 1119 1414 1184 dubitare
1449 1117 1576 1204 possis,

285 1225 486 1311 suspiciones
510 1248 584 1291 cum
608 1226 746 1291 aliorum
771 1231 840 1291 tum
863 1247 951 1291 meas
970 1226 1075 1291 textui
1094 1227 1240 1292 subicere
1260 1225 1386 1292 cautius
1405 1248 1443 1289 ac
1462 1225 1577 1290 mode-

285 1333 368 1398 stius
392 1333 477 1398 duxi.
515 1332 625 1418 Atque
647 1333 820 1420 pleraeque
843 1332 1062 1420 coniecturae,
1085 1356 1165 1417 quas
1188 1334 1224 1398 in
1247 1332 1429 1398 orationem
1451 1336 1575 1417 poetae

283 1440 483 1527 recipiendas
503 1445 560 1506 aut
577 1440 612 1504 in
632 1445 790 1526 apparatu
810 1440 924 1506 critico
941 1440 1240 1506 commemorandas
1254 1439 1346 1524 duxi,
1363 1439 1576 1525 superiorum

286 1549 446 1613 editorum
469 1552 502 1612 et
526 1552 818 1614 commentatorum
843 1551 933 1630 sunt,
960 1547 1110 1633 inprimis
1134 1545 1323 1632 Calliergi
1352 1546 1573 1632 Cretensis,

286 1654 341 1739 qui
361 1654 535 1720 editionem
554 1655 736 1720 Romanam
756 1679 782 1720 a.
804 1655 890 1721 1510
910 1655 1092 1741 adornavit,
1116 1655 1269 1720 Erasini
1289 1653 1443 1720 Schmid
1462 1653 1573 1739 (Vite-

284 1761 403 1848 bergae
421 1759 536 1849 1616),
555 1762 610 1847 qui
630 1762 774 1828 metricis
794 1762 977 1827 rationibus
996 1763 1180 1828 accuratius
1199 1761 1362 1847 indagatis
1378 1761 1571 1846 plusquam

284 1869 444 1934 sexcentis
464 1870 499 1933 in
512 1869 594 1936 locis
607 1869 785 1934 Pindarum
800 1892 834 1934 se
849 1870 1036 1934 emendasse
1051 1892 1124 1934 vere
1140 1868 1299 1955 gloriatus
1313 1873 1373 1953 est,
1392 1867 1571 1933 Cornelii

284 1975 327 2040 de
350 1973 480 2059 Pauvv,
505 1977 559 2060 qui
583 1977 618 2040 in
641 1975 738 2042 Notis
762 1977 796 2041 in
820 1976 995 2042 Pindarum
1020 1974 1117 2063 ((l'rai.
1142 1977 1182 2042 ad
1200 1976 1352 2041 Rhenum
1374 1972 1473 2063 1747)
1496 1975 1572 2040 feli-

285 2082 353 2148 cior
376 2086 409 2147 et
432 2082 558 2148 cautior
582 2105 679 2168 quam
701 2084 736 2149 in
760 2084 832 2149 aliis
852 2083 1067 2168 scriptoribus
1085 2084 1293 2148 emendandis
1311 2082 1389 2168 iirit,
1411 2083 1570 2167 Aloysii

283 2188 521 2275 Mingarelli,
545 2190 636 2254 cuius
660 2191 863 2256 coniecturas
882 2191 921 2255 de
939 2189 1072 2255 Pindari
1093 2189 1171 2256 Odis
1191 2189 1329 2277 (Bonon.
1351 2187 1453 2277 1773)
1474 2213 1570 2275 prae-

285 2295 503 2360 stantissimas
532 2295 680 2381 Heynius
706 2297 866 2382 laudavit,
898 2296 1120 2363 Christiani
1148 2297 1267 2363 Gottl.
1295 2297 1441 2382 Heyne,
1473 2297 1568 2362 cuius

282 2401 388 2489 prima
411 2401 512 2467 editio
534 2402 657 2488 prodiit
683 2405 783 2489 1773,
810 2404 927 2468 ultima
949 2409 1095 2470 correcta
1117 2409 1150 2469 et
1173 2427 1212 2469 ex
1235 2403 1361 2469 schedis
1383 2402 1568 2489 Heynianis

282 2513 379 2574 aucta
404 2508 535 2595 Lipsiae
565 2511 660 2594 1817,
691 2510 861 2597 Augusti
887 2511 1056 2599 Boeckh,
1090 2512 1145 2596 qui
1178 2511 1325 2596 quamvis
1357 2511 1393 2575 in
1422 2510 1567 2576 editione

283 2615 540 2700 locupletissima
559 2615 718 2704 (Berolini
740 2615 975 2700 1811-1821)
999 2619 1111 2683 metris
1135 2617 1376 2683 conformandis
1400 2622 1433 2682 et
1456 2618 1567 2683 verbis

283 2721 480 2807 explicandis
512 2721 587 2808 plus
615 2746 709 2790 curae
739 2747 837 2809 quam
864 2725 1071 2790 emendandis
1098 2726 1241 2809 navarit,
1272 2723 1429 2789 nonnulla
1455 2729 1567 2789 tamen

283 2828 412 2915 egregie
436 2828 632 2914 emendavit,
661 2829 874 2896 Godofredi
897 2830 1121 2917 Hermanni,
1149 2833 1204 2916 qui
1232 2832 1267 2896 in
1290 2831 1566 2900 commentatione

281 2935 319 3000 de
343 2934 481 2999 dialecto
503 2934 632 3000 Pindari
651 2935 693 3024 (a.
716 2939 815 3023 1800,
839 2937 1147 3027 00080124508.)
1174 2938 1270 3004 Notis
1295 2943 1327 3003 et
1352 2937 1565 3004 Dissertatio-

281 3041 377 3106 nibus
396 3039 575 3106 Pindaricis
595 3043 692 3109 tertio
711 3044 870 3110 volumini
889 3045 1040 3110 editionis
1059 3046 1249 3131 Heynianae
1267 3070 1294 3111 a
1319 3046 1401 3111 1817
1422 3045 1566 3130 insertis,

282 3147 427 3216 Censura
450 3149 601 3215 editionis
620 3151 832 3216 Dissenianae
852 3149 975 3239 (Opusc
998 3172 1035 3217 vl
1052 3156 1072 3219 3
1087 3151 1158 3240 ss),
1177 3152 1468 3217 Emendationibus
1488 3152 1564 3216 Pin-

281 3255 399 3320 daricis
432 3253 564 3342 (Opusc.
588 3275 637 3320 vn
664 3259 725 3323 129
736 3281 777 3323 88.
805 3276 869 3322 vm
895 3257 1025 3347 11088.)
1059 3260 1204 3326 omnium
1237 3258 1450 3323 subtilissime
1482 3258 1565 3322 diffi-

282 3363 419 3429 cultates
443 3361 633 3430 Pindaricae
663 3366 821 3430 orationis
850 3366 1026 3451 expedivit,
1054 3364 1246 3431 Friderici
1275 3364 1477 3450 Thiersch,
1507 3365 1563 3449 qui

282 3473 315 3534 et
341 3468 377 3533 in
404 3469 496 3535 Actis
524 3471 635 3556 philol.
660 3471 966 3538 Μο000.1127088.
995 3479 1029 3539 et
1055 3475 1091 3538 in
1119 3473 1265 3538 versione
1293 3472 1426 3536 Pindari
1455 3471 1563 3537 Germ.

283 3572 401 3663 (1820)
438 3578 653 3662 grammatica
689 3581 815 3665 aliquot
851 3581 967 3645 menda
1007 3581 1147 3646 feliciter
1188 3580 1335 3664 sustulit,
1375 3579 1563 3644 Iohannis

215 3717 219 3736 ·
282 3682 475 3770 Hartung,
508 3706 571 3768 quo
599 3687 694 3770 pauci
723 3687 887 3773 sagacius,
919 3709 1015 3752 nemo
1047 3688 1200 3752 audacius
1231 3686 1330 3752 crisin
1357 3685 1563 3750 Pindaricam

283 3789 426 3855 exercuit
454 3789 584 3880 (1855),
617 3792 810 3878 Tychonis
843 3793 1067 3879 Mommsen,
1100 3794 1155 3878 qui
1185 3817 1259 3859 cum
1290 3793 1416 3879 primus
1444 3793 1561 3858 lectam

282 3895 515 3982 supellectilem
544 3899 689 3965 criticam
718 3906 940 3986 comparasset
966 3898 1126 3987 (Berolini
1152 3899 1252 3988 1864)
1279 3900 1437 3964 00000110
1463 3900 1563 3964 etiam

282 4004 469 4069 coniectura
488 4006 628 4090 sanavit,
641 4007 833 4072 Theodori
849 4007 991 4093 Bergk,
1010 4007 1063 4072 cui
1082 4013 1197 4092 quater
1211 4007 1387 4072 Pindarum
1400 4006 1437 4070 in
1452 4005 1562 4071 Poetis

281 4111 394 4196 lyricis
418 4113 542 4197 graecis
567 4114 675 4178 edenti
698 4112 809 4201 (1842.
837 4115 930 4180 1853.
957 4115 1051 4180 1804.
1077 4113 1177 4202 1878)
1199 4137 1286 4180 nova
1308 4113 1444 4179 subinde
1468 4135 1561 4199 seges

280 4217 483 4284 feracissima
506 4220 764 4287 coniecturarum
786 4223 1031 4308 ingeniosarum
1054 4222 1221 4288 succrevit.
1261 4223 1432 4287 Praeterea
1450 4221 1490 4285 ab
1509 4220 1561 4286 his

282 4325 461 4392 editoribus
494 4332 528 4391 et
558 4327 792 4414 interpretibus
828 4330 865 4394 in
896 4351 991 4394 usum
1022 4329 1089 4394 iam
1122 4334 1256 4395 vocatae
1288 4333 1366 4393 sunt
1396 4327 1561 4412 Kayseri

281 4430 452 4498 Lectiones
489 4432 678 4502 Pindarieae
715 4434 858 4524 (1840),
898 4436 1222 4502 Rauchensteinii
1259 4433 1561 4502 Commentationes

280 4539 470 4605 Pindaricae
497 4537 694 4630 (1844-5),
717 4543 885 4608 Heckori
908 4543 1048 4629 epistola
1071 4544 1182 4610 critica
1206 4544 1466 4609 coniecturarum
1489 4542 1561 4606 feli-

280 4645 483 4714 cissimarum
518 4649 612 4732 plena
639 4648 811 4736 (Philolog.
837 4651 873 4736 5,
905 4651 969 4717 438
985 4649 1056 4737 ss),
1092 4649 1377 4716 Schneidewini
1413 4650 1562 4714 lucubra-

281 4753 387 4824 tiones
410 4755 446 4819 in
467 4755 567 4820 Beitr.
591 4779 615 4822 z.
640 4757 751 4824 Kritik
774 4757 803 4822 d.
829 4756 920 4824 PLG.
945 4761 1029 4824 1844
1056 4763 1089 4826 et
1112 4759 1147 4824 10
1170 4757 1311 4824 editione
1334 4756 1560 4822 Bibliothecae
