3417 5434
828 334 976 386 PINDARI
995 333 1160 387 EPINIClA.

540 515 556 562 s
576 499 786 574 Πυθιόνικος
808 495 881 562 ἔνθ’
909 537 923 546 -
946 495 1111 580 ὀλβίοισιν
1129 494 1337 581 Ἐμμενίδαις

574 607 717 691 ποταμίᾳ
739 602 769 668 τ’
792 602 987 689 Ἀκράγαντι
1010 602 1065 668 καλ
1088 605 1154 688 μάν
1178 602 1373 690 Ξενοκράτει

575 709 703 796 ἑτοῖμος
724 711 841 796 ὕμνων

574 819 746 903 θησαυρὸς
768 817 805 882 ἐν
826 818 1025 906 πολυχρύσῳ

569 924 777 1013 Ἀπολλωνίᾳ
798 929 991 1010 τετείχισται
1014 926 1115 1014 νάπᾷ·

1576 1121 1581 1138 Ι

1584 1171 1590 1185 Ι

523 1141 556 1188 10
575 1125 635 1188 τὸν
656 1124 733 1188 οὔτε
756 1123 936 1210 χει-με’ριος
959 1125 1082 1209 ὄμβρος
1105 1122 1243 1211 ἐπᾷκτὸς
1265 1123 1391 1206 ἐλθών,
1447 1128 1530 1206 Στρ.
1552 1125 1571 1205 β

576 1229 755 1316 ἐριβρόμου
776 1229 918 1314 νεφέλας

577 1338 716 1422 στρατὸς
737 1335 921 1421 ἀμείλιχος,
944 1335 1015 1403 οὔτ’
1042 1339 1160 1422 άνεμος
1184 1335 1216 1413 ἐς
1238 1339 1364 1422 μυχοὺς

577 1443 656 1518 ἁλὸς
678 1441 800 1520 άξ-οισι
822 1446 987 1532 παμφόρῳ
1011 1441 1125 1527 χεράδι

578 1552 791 1634 τυπτόμενον.
838 1550 915 1634 φάει
939 1592 952 1600 -
976 1548 1013 1615 di
1035 1553 1214 1636 sodomaeos
1237 1549 1274 1614 ἐν
1296 1557 1434 1638 καθαρῷ

527 1676 558 1722 15
577 1656 677 1744 πατρὶ
700 1666 777 1745 τεᾷ,
803 1659 1035 1742 Θρασύβουλε,
1059 1658 1175 1723 κοινάν
1198 1681 1232 1724 τε
1255 1667 1351 1744 γενεᾷ

579 1768 706 1847 λόγοισι
728 1770 866 1830 θνατῶν

579 1871 717 1950 εὔδοξον
740 1871 860 1958 ἅρματι
882 1875 980 1936 νίκαν

582 1982 755 2066 Κρισαίαις
779 1976 828 2042 ε’νλ
850 1991 990 2063 πτυχαῖς
1013 1978 1197 2062 άπαγγελεῐ.

438 2161 479 2209 10.
508 2155 571 2209 οὔτε
593 2155 620 2209 V
640 2158 670 2208 et
695 2153 813 2209 scholia:
845 2154 878 2208 ot
901 2155 969 2208 BD
983 2155 1022 2223 Ε,
1051 2155 1112 2224 οὐχὶ
1134 2153 1216 2208 Τιίολ.
1244 2185 1274 2194 -—
1301 2153 1420 2229 ἐπᾷπτὸς
1443 2156 1512 2210 coni.
1534 2153 1623 2222 Bergk:

366 2226 486 2285 ἐπακτὸς
504 2227 584 2282 codd.
603 2257 639 2266 -
658 2231 699 2280 12.
726 2225 829 2295 ἄνεμος
847 2225 926 2280 BD:
954 2225 1052 2296 άνεμοι
1071 2227 1101 2280 Ε
1122 2227 1151 2279 et
1170 2225 1255 2280 schol.
1275 2257 1308 2266 —-·
1330 2232 1370 2281 13.
1396 2227 1461 2281 fort.
1481 2227 1583 2292 ἄξοισι,
1600 2232 1622 2276 at
1657 2223 1658 2274 l

365 2299 437 2352 conf.
457 2298 530 2353 P.1x
548 2315 583 2352 ss.
610 2317 628 2350 x
645 2314 680 2352 ss.
709 2315 747 2349 ru
766 2314 800 2351 ιε.
828 2297 862 2349 N.
882 2316 910 2349 ιι
928 2313 962 2352 ιι,
992 2297 1011 2351 Ι.
1028 2317 1055 2350 vr
1073 2314 1099 2352 sa
1122 2329 1157 2338 -
1177 2303 1217 2352 14.
1241 2296 1415 2367 τυπτόμενον
1438 2298 1508 2354 coni
1527 2298 1621 2350 Dares:
1657 2299 1658 2362 t

366 2367 534 2438 τυπτόμενοι
551 2369 657 2424 BDE
668 2371 698 2423 et
711 2367 806 2437 schol,
821 2367 1036 2438 coardpsvoel',
1073 2367 1167 2437 εράδει
1187 2367 1313 2424 σταδίων
1332 2373 1382 2424 aut
1400 2370 1472 2440 legit
1490 2372 1538 2424 aut
1554 2368 1622 2420 inter-

366 2444 494 2512 pretatur
507 2441 551 2496 Et.
566 2441 603 2495 M.
618 2457 667 2509 aas,
681 2457 716 2509 ss,
731 2440 826 2505 ἄξοντο
840 2437 990 2510 παμφόρος
1004 2443 1033 2495 et
1048 2390 1205 2495 λινοποάέιον
1220 2439 1290 2494 coni.
1301 2440 1479 2496 Bornemann
1493 2438 1584 2495 Philol.
1596 2455 1622 2492 a.

367 2530 415 2582 sse,
431 2511 619 2581 τυπτομένους
633 2511 703 2566 coni.
718 2511 839 2566 Leutsch
855 2544 886 2551 -
905 2517 945 2565 18.
966 2509 1136 2580 κρισαίαιοιν
1151 2511 1192 2566 ivl
1206 2531 1259 2566 πτο
1278 2521 1354 2567 αῖσιν
1368 2513 1438 2583 BD,
1454 2529 1520 2568 corr.
1535 2509 1622 2564 lloscb

367 2615 401 2624 -
420 2585 572 2654 ἀπαγγελεῖ
589 2583 672 2655 Βγτ.ε
694 2580 775 2637 -ἑλλει
793 2583 829 2651 Β,
849 2582 917 2637 -ίλει
937 2583 972 2652 D,
992 2584 1157 2652 ἀπαγγελεῖς
1175 2583 1245 2638 coni.
1290 2600 1359 2652 ayne
1378 2617 1414 2624 —

367 2725 519 2797 imaginem
542 2726 618 2780 vocis
642 2724 719 2779 chori
747 2757 778 2764 —
806 2731 829 2780 6.
852 2723 1043 2796 Ἐμμενίδαις,
1069 2726 1147 2793 genti
1170 2725 1336 2780 Xenocratis
1359 2729 1388 2780 et
1407 2726 1539 2782 Theronis
1556 2723 1620 2794 Agri·
1658 2702 1659 2796 l

368 2797 516 2868 gentines,
539 2797 574 2852 de
593 2814 649 2865 qua
667 2796 732 2850 ride
752 2795 783 2850 Ο.
798 2816 829 2849 ιιι
843 2814 869 2851 ss
888 2798 918 2850 et
936 2796 967 2853 0.
982 2816 1003 2850 ιι
1021 2815 1080 2866 arg.
1099 2829 1134 2837 -
1154 2805 1176 2852 6.
1197 2799 1245 2852 καὶ
1263 2796 1320 2868 μὰν
1344 2797 1525 2866 Ξενοκράτει·
1549 2797 1620 2849 lenc·
1658 2813 1659 2818 ¹

366 2869 438 2923 crati
460 2869 535 2938 patri
554 2866 738 2936 Thrasybuli,
762 2867 811 2936 qui
834 2867 925 2921 victor
946 2868 1123 2922 renuntiatus
1147 2872 1208 2924 erat
1230 2901 1265 2909 —
1289 2875 1313 2924 8.
1337 2867 1494 2939 θησαυρός·
1517 2867 1619 2924 carmina

368 2958 429 2995 eom
451 2939 715 3008 arantnrthesauro,
726 2938 824 3008 quales
838 2939 943 2992 multas
959 2940 1089 2994 civitates
1104 2941 1141 2995 ad
1155 2940 1316 3011 recipienda
1330 2941 1405 2995 dona
1419 2944 1449 2996 et
1462 2943 1620 2997 monumenta

367 2960 482 3082 Delphis
507 3014 536 3065 et
554 3010 701 3081 Olympiae
725 3010 889 3065 aedificatos
912 3011 1045 3066 habuisse
1069 3014 1191 3078 const&
1218 3015 1303 3081 atque
1325 3012 1420 3067 nescio
1445 3031 1482 3068 an
1504 3012 1620 3067 Pindarus

371 3081 547 3151 Thrasybulo
566 3082 656 3136 amico
675 3085 773 3136 auctor
791 3081 878 3136 fuerit
896 3082 1018 3136 carmine
1038 3100 1140 3138 canoro
1158 3083 1252 3153 potius
1271 3101 1357 3152 quam
1376 3083 1491 3156 lapideo
1510 3085 1619 3138 thesauro

369 3153 488 3225 gloriam
507 3153 599 3223 gentis
618 3153 787 3207 illustrandi.
812 3153 1060 3224 Agrigentinorum
1082 3154 1196 3223 quidem
1218 3155 1381 3209 thesaurum
1403 3155 1547 3224 Pythicum
1564 3153 1619 3206 Pau·

369 3225 463 3278 sanias
481 3224 562 3278 novit
581 3223 689 3278 nullum
709 3258 741 3265 —
760 3225 934 3295 πολυχρύσω·
955 3225 989 3279 cf.
1011 3225 1046 3280 So
1066 3226 1093 3280 h.
1115 3225 1170 3281 oa.
1188 3243 1223 3281 ιιι
1243 3235 1292 3289 τᾶς
1310 3227 1486 3297 πολυχρύσου
1504 3230 1620 3282 Πυθῶνος

370 3330 402 3336 -
419 3302 460 3350 10.
475 3295 613 3366 χειμέριος
627 3295 740 3368 ὄμβρος·
755 3296 884 3350 imitatus
900 3283 943 3350 est
956 3296 1030 3350 hunc
1044 3245 1137 3352 licum
1146 3297 1280 3352 Horatius
1290 3296 1318 3353 C.
1328 3317 1360 3352 m
1374 3315 1408 3368 so,
1420 3317 1444 3356 ιι
1459 3302 1533 3371 caepi
1545 3312 1619 3352 mors·

368 3376 486 3422 ruentum
501 3412 595 3422 .....
610 3369 682 3437 qaod
704 3385 761 3422 που
786 3371 870 3422 imber·
895 3371 977 3438 αλαα,
1003 3387 1060 3424 κου
1082 3371 1185 3439 Αφιιιλο
1210 3372 1342 3439 impotens
1364 3373 1453 3439 possit
1478 3373 1576 3426 άίιιιττι
1595 3397 1618 3404 -

372 3446 412 3492 11.
432 3439 522 3493 imber
540 3438 694 3493 hibernalis
717 3439 824 3493 irruens
850 3439 965 3509 pulchre
985 3440 1088 3494 dicitur
1106 3439 1244 3495 exercitus
1263 3457 1345 3511 asper
1362 3441 1489 3495 tonantis
1507 3439 1579 3496 nubis
1594 3467 1619 3476 ν

369 3517 409 3565 13.
431 3511 534 3577 άξοιοι·
553 3510 657 3580 plurali
671 3514 756 3582 poeta
769 3511 867 3578 utitur,
886 3513 961 3580 quod
976 3511 1131 3566 coniunctis
1146 3512 1253 3566 viribus
1266 3511 1365 3566 imbris
1380 3515 1409 3567 et
1422 3513 1500 3568 venti
1514 3511 1619 3637 lapidas

370 3582 518 3636 thesaurus
542 3582 708 3652 destruitur3
732 3585 854 3637 ceterum
879 3581 999 3637 similem
1019 3586 1187 3638 structuram
1206 3583 1293 3637 habes
1313 3583 1377 3638 Eur.
1393 3583 1452 3639 Alc.
1468 3602 1515 3640 sco.
1556 3599 1586 3636 or.
1599 3581 1619 3630 λ’.

369 3671 428 3722 ιιι,
442 3672 455 3709 s
468 3685 504 3694 -
522 3654 631 3723 χεράδι·
653 3654 772 3709 colluvie
792 3653 882 3708 omnis
901 3656 1021 3724 generis,
1040 3655 1138 3725 glarea
1156 3655 1223 3708 limo
1242 3653 1358 3725 lapillis,
1378 3654 1481 3724 quibus
1497 3656 1619 3710 thesaurus

368 3724 397 3779 vi
416 3725 493 3779 venti
512 3725 637 3780 deiectus
657 3729 686 3779 et
704 3725 801 3779 imbris
820 3726 927 3796 impetu
947 3727 1058 3781 delatus
1077 3725 1154 3781 feriri
1168 3725 1283 3795 fingitur
1299 3759 1329 3766 —
1347 3732 1389 3780 14.
1409 3727 1479 3795 φάει
1497 3726 1620 3796 πρόσωπον

370 3796 400 3851 ἐν
424 3801 555 3870 καθαρῷ·
576 3796 738 3850 accusativo
756 3796 902 3851 relationis
923 3803 991 3866 (acc.
1006 3798 1056 3852 der
1074 3797 1240 3922 λιειίολιιιιιχ)
1258 3794 1410 3866 πρόσωπον
1427 3801 1513 3868 poeta
1530 3793 1620 3852 msclitr

369 3886 435 3922 usus
450 3873 501 3934 est,
516 3872 662 3936 tamquam
676 3865 763 3938 ὕμνος
776 3869 900 3936 φαεινὸς
918 3886 968 3939 pro
983 3867 1070 3938 ὕμνος
1084 3869 1114 3924 ἐν
1128 3869 1197 3938 φάει
1230 3869 1329 3923 ixisset
1345 3901 1376 3909 —
1393 3875 1434 3923 15.
1453 3869 1619 3940 &accideris

368 3943 462 3993 utrum
480 3940 540 4009 ipse
560 3956 645 4008 equos
664 3939 694 3992 in
712 3939 762 3992 illo
778 3940 929 3994 certamine
944 3940 1056 4009 rexisse,
1072 3958 1108 3994 an
1123 3941 1213 3995 solnm
1227 3940 1316 4010 petris
1333 3939 1475 4009 equilibus
1490 3937 1620 4012 praefuisse

368 4011 560 4080 Thrasybulus
583 4011 726 4091 putandus
750 4014 836 4076 esset,
855 4011 913 4064 iam
932 4015 1040 4066 veteres
1059 4012 1257 4082 grammaticos
1277 4011 1450 4082 quaesivisse
1470 4011 1569 4066 scholia
1583 4007 1619 4060 do-

369 4086 445 4148 cent;
465 4085 597 4136 commoti
621 4083 715 4135 autem
735 4083 783 4135 isti
802 4100 862 4137 esse
877 4083 1008 4138 videntur
1022 4083 1084 4138 loco
1098 4085 1118 4138 I.
1133 4103 1154 4137 11
1168 4101 1201 4152 ss,
1217 4101 1271 4153 quo
1287 4085 1458 4138 Xenocrates
1473 4078 1619 4138 Nicomacho

371 4154 470 4222 auriga
485 4154 603 4207 Athenis
623 4156 651 4207 et
666 4153 813 4223 Olympiae
832 4172 898 4208 nsus
918 4172 978 4210 esse
998 4155 1107 4209 dicitur.
1136 4157 1174 4208 At
1187 4155 1258 4209 mira
1277 4159 1352 4210 esset
1369 4155 1540 4226 comparatio
1553 4153 1619 4207 Tha·

372 4223 465 4293 sybuli
484 4243 547 4278 cum
562 4223 721 4292 Antilocho,
741 4225 764 4278 si
783 4243 818 4280 ne
836 4243 922 4294 equos
942 4227 1057 4295 regendi
1077 4225 1189 4295 quidem
1208 4226 1362 4296 periculum
1380 4227 1442 4297 ipse
1466 4221 1620 4301 sustinuisset

370 4329 402 4336 -
418 4296 517 4350 κοινάν
531 4315 561 4350 τε
576 4302 672 4370 γενεᾷ·
688 4314 834 4351 commune
848 4296 934 4352 fuisse
949 4301 1091 4352 certamen
1105 4297 1269 4352 Xenocratis
1284 4301 1313 4353 et
1327 4297 1423 4352 fratris
1438 4298 1498 4352 sius
1508 4299 1619 4352 Therona

370 4386 402 4422 er
421 4368 543 4422 Pindaro
563 4368 624 4439 ipso
644 4368 675 4423 Ο.
690 4387 712 4421 ιι
729 4385 756 4423 ει
775 4369 972 4439 comperimus;
992 4369 1078 4438 quid?
1096 4368 1171 4437 quod
1190 4385 1224 4422 ex
1243 4369 1328 4424 schol.
1343 4370 1379 4423 ed
1396 4370 1427 4424 Ο.
1442 4389 1462 4423 ιι
1481 4387 1505 4424 ετ
1524 4367 1620 4423 efficitur

369 4439 548 4494 Aristotelem
567 4440 597 4493 in
616 4439 775 4510 catalogum
791 4440 929 4494 victorum
947 4458 1003 4495 non
1017 4441 1210 4506 Xenocratem,
1230 4441 1279 4494 sed
1294 4441 1450 4496 Theronem
1469 4441 1580 4496 relatum
1591 4438 1618 4489 in·

370 4511 481 4564 venisse
497 4530 573 4564 -τε
593 4529 656 4565 cum
675 4511 711 4565 ad
730 4514 820 4565 totam
838 4511 1008 4566 locutionem
1027 4511 1126 4567 κοινὰν
1145 4517 1228 4587 γενεᾷ
1247 4512 1370 4584 positum
1390 4513 1435 4580 sit,
1454 4513 1560 4584 proprie
1575 4524 1619 4580 per·

369 4583 441 4636 tinet
459 4583 497 4635 ad
514 4588 605 4655 γενεᾷ,
625 4599 682 4636 non
700 4583 736 4636 ad
755 4581 868 4639 κοινάνι
888 4580 972 4638 νίκαν
986 4583 1085 4638 κοινάν
1103 4584 1188 4652 πατρὶ
1206 4590 1259 4657 τεᾷ
1278 4591 1360 4659 γενεᾷ
1380 4605 1409 4640 τε
1422 4584 1585 4655 Ἐμμενιιλῶν
1597 4609 1616 4618 --

370 4657 411 4708 18.
436 4651 584 4721 Κρισαίαις
608 4654 649 4707 ar
672 4663 790 4723 πτυχαῖς
812 4654 896 4723 iunge
922 4671 985 4709 cum
1011 4658 1094 4710 νίκαν
1119 4655 1212 4725 potius
1238 4673 1322 4724 quam
1348 4674 1412 4710 oum
1435 4658 1579 4726 ἀπαγγελεῖ
1596 4680 1617 4690 ν

369 4725 532 4794 ἀπαγγελεῖ,
559 4725 721 4779 mortalium
740 4726 914 4780 sermonibus
934 4727 1124 4796 denuntiabit,
1145 4727 1164 4782 i.
1184 4744 1206 4783 e.
1227 4726 1401 4798 hominibus,
1420 4731 1453 4782 ut
1471 4725 1619 4782 sermonibus

370 4795 518 4850 victoriam
537 4796 694 4865 celebrent;
718 4797 752 4852 cf.
771 4797 801 4851 P.
820 4817 830 4850 1
848 4814 882 4852 ss.
