3417 5434
373 304 434 367 148
838 306 986 357 emnam
1005 307 1169 360 amaron.

371 474 424 533 sed
453 473 562 533 eximia
592 472 723 550 quadam
753 476 818 533 arte
847 473 979 550 primum
1009 472 1040 532 in
1070 472 1182 533 medias
1212 492 1260 533 res
1289 492 1344 535 nos
1373 474 1458 535 ducit
1485 466 1644 555 (το-1110),

371 574 525 641 loc-1643
544 563 581 623 cf.
601 562 635 624 Ο.
650 582 707 621 xm
727 574 760 622 76
780 555 841 643 ss),
861 562 965 623 deinde
985 564 1023 622 ad
1042 583 1086 639 ea,
1103 582 1181 641 quae
1200 566 1270 625 ante
1289 566 1375 643 gesta
1393 568 1491 641 erant,
1510 563 1642 639 deinceps

370 653 505 713 oratione
530 653 669 712 revoluta
691 644 863 734 (101-119)
887 655 1018 713 extremo
1042 654 1106 713 loco
1131 653 1324 713 concubitum
1346 654 1596 732 Argonautarum
1617 668 1640 709 (1

371 742 565 801 Lemniarum
588 743 769 801 feminarum
791 742 879 818 ponit
902 735 1081 824 (ata-256),
1104 742 1182 801 uude
1202 743 1240 801 ud
1258 744 1450 820 Euphemum
1469 746 1501 802 et
1519 742 1643 818 cyrena

371 832 490 891 rediret
535 831 636 908 Atque
666 832 740 891 hacc
770 832 857 907 quasi
888 850 996 909 corpus
1026 832 1166 891 carminis
1194 832 1343 910 efficiuut;
1371 832 1402 891 in
1430 832 1550 911 epilogo
1578 852 1641 889 vero

372 912 543 1001 (aaa-299)
566 924 657 998 poeta
681 921 883 998 pulcherrimo
909 921 1078 1000 aenigmate
1104 940 1178 981 usus
1203 940 1331 997 quercus
1354 922 1447 981 etiam
1470 924 1540 998 post
1561 940 1642 979 casus

370 1014 585 1087 tempestatum
609 1010 738 1087 speciem
762 1010 854 1087 prisci
879 1010 994 1071 roboris
1020 1010 1198 1089 exhibentis,
1224 1011 1439 1088 Demophilum
1462 1013 1641 1086 Cyrenaeum

372 1100 488 1159 exulem
511 1100 687 1160 clementiae
709 1100 789 1178 regis
812 1099 1016 1176 commendat;
1040 1119 1102 1161 esse
1126 1101 1205 1159 enim
1227 1120 1297 1161 eum
1320 1120 1339 1159 a
1360 1100 1530 1160 factionum
1552 1100 1642 1158 turbis

371 1189 511 1267 alienum,
526 1189 700 1249 liberalibus
715 1189 830 1247 artibus
844 1189 980 1249 deditum
993 1190 1184 1267 musicaeque
1198 1190 1344 1249 facultate
1359 1192 1511 1267 ornatum,
1520 1190 1639 1265 denique¹

368 1298 464 1355 nuper
486 1279 544 1338 sibi
566 1278 675 1338 Thebis
698 1279 846 1355 hospitem
869 1279 993 1339 factum.

456 1368 638 1444 Rhapsodici
669 1368 809 1427 carminis
840 1368 955 1428 indoles
987 1388 1086 1427 secum
1119 1370 1189 1445 fert,
1222 1371 1271 1446 ut,
1303 1368 1422 1428 etiamsi
1455 1368 1494 1427 ab
1525 1368 1638 1444 ineptiis

369 1477 485 1535 eorum,
513 1458 566 1534 qui
588 1460 695 1534 poetae
718 1458 852 1517 carmina
875 1460 1031 1533 tamquam
1055 1458 1208 1535 scriptoris
1231 1458 1372 1517 historias
1396 1458 1558 1534 dissecant,
1580 1459 1637 1516 lon-

367 1547 489 1625 gissime
512 1547 738 1623 abhorreamus,
764 1550 867 1607 tamen
889 1547 968 1605 unde
991 1550 1081 1624 poeta
1103 1547 1238 1607 fabulam
1261 1548 1408 1625 hauserit,
1441 1567 1518 1625 quae
1542 1566 1560 1606 a
1582 1566 1637 1605 ma-

368 1636 482 1696 ioribus
505 1636 663 1713 accepisse,
686 1655 763 1712 quae
786 1636 850 1713 ipse
873 1636 991 1696 finxisse
1015 1637 1154 1697 videatur
1172 1656 1360 1714 quaeramus.
1398 1636 1542 1707 Quamvis
1565 1637 1637 1695 enim

368 1726 516 1785 Pindarus
548 1745 627 1785 nova
657 1726 721 1802 ipse
753 1726 886 1785 invenire
919 1729 949 1785 et
981 1726 1164 1786 comminisci
1196 1726 1316 1786 minime
1350 1729 1515 1803 sperneret,
1543 1728 1635 1784 tamen

368 1816 497 1893 vestigia
520 1815 727 1891 antiquiorum
754 1817 913 1875 auctorum
940 1818 977 1873 ut
1003 1816 1034 1874 in
1062 1816 1130 1875 aliis
1157 1815 1282 1893 fabulis,
1311 1816 1353 1877 sic
1382 1816 1413 1875 in
1440 1818 1496 1875 hac
1524 1834 1635 1892 quoque

368 1904 575 1983 Argonautica
597 1924 668 1963 eum
687 1908 824 1964 secutum
847 1924 919 1981 esse,
942 1904 1008 1981 ipsa
1031 1924 1131 1965 rerum
1153 1908 1263 1964 natura
1286 1905 1507 1981 comprobatur.
1543 1906 1635 1980 Atque

368 1995 492 2054 Homeri
515 1994 637 2070 quidem
658 1994 843 2070 temporibus
867 2014 986 2053 carmen
1009 1994 1044 2053 dc
1068 1994 1253 2073 Argonautis
1276 1994 1393 2055 exstitit
1416 1986 1467 2076 (cf.
1492 1993 1635 2070 011μῖυ

365 2077 458 2163 Ἀργὼ
487 2092 559 2143 πᾶσι
588 2076 742 2165 μέλουσα),
773 2084 825 2143 sed
855 2084 939 2143 illius
971 2084 1110 2143 carminis
1142 2104 1202 2143 non
1232 2084 1330 2143 solum
1359 2084 1475 2143 nullam
1505 2083 1634 2143 notitiam

368 2172 557 2251 grammatici
579 2172 774 2233 Alexandrini
801 2173 1041 2249 scholiastaeque
1068 2173 1231 2251 habebant,
1260 2174 1375 2244 sed,ne
1403 2173 1551 2232 Pindarus
1576 2172 1634 2249 qui-

368 2264 435 2321 dem
462 2262 602 2322 habuisse
629 2263 755 2322 videtur.
800 2261 844 2321 At
870 2262 1021 2322 habebant
1047 2264 1153 2339 procul
1182 2262 1273 2322 dubio
1297 2265 1328 2322 et
1350 2262 1513 2341 Hesiodus,
1537 2262 1633 2339 quiin

369 2353 458 2411 tertio
488 2352 563 2410 libro
588 2351 727 2429 catalogi
756 2351 792 2411 de
819 2352 1006 2431 Argonautis
1036 2352 1176 2429 exposuit
1198 2342 1304 2433 (schol.
1323 2351 1423 2428 Apoll.
1442 2352 1499 2411 Rh.
1521 2370 1543 2409 u
1567 2343 1633 2429 1111),

367 2444 399 2500 et
428 2442 482 2518 qui
510 2442 634 2501 Hesiodi
658 2441 788 2519 vestigia
816 2441 958 2520 legebant
980 2444 1086 2518 poetae
1110 2441 1305 2519 genealogici.
1350 2441 1469 2501 Homm
1491 2441 1632 2519 igiturex
1682 2498 1683 2525 ,

367 2530 549 2590 carminibus
567 2531 750 2591 lineamenta
767 2530 888 2589 fabulae
908 2530 1037 2590 Pindaro
1056 2530 1293 2590 reconcinnanda
1316 2534 1415 2605 erant;
1439 2550 1517 2607 quae
1540 2529 1632 2607 qualia

367 2621 507 2697 fuissent,
535 2621 590 2681 hoc
618 2621 683 2680 loco
710 2620 850 2699 colligere
879 2620 951 2680 olim
979 2620 1010 2679 in
1039 2620 1138 2680 animo
1167 2620 1235 2679 fuit.
1282 2620 1341 2679 Sed
1362 2624 1524 2697 postquam
1547 2624 1631 2679 totam

366 2710 442 2768 hanc
466 2710 621 2769 materiem
644 2710 675 2767 in
698 2710 982 2787 Prolegomcnorum
1006 2710 1112 2786 quinto
1140 2710 1217 2768 libro
1245 2709 1419 2769 adumbrari
1446 2710 1553 2769 melius
1578 2727 1631 2766 esse

367 2800 519 2876 duximus,
547 2800 672 2859 lectores
699 2798 738 2857 ad
768 2800 848 2858 hunc
877 2799 988 2857 librum
1016 2802 1047 2858 et
1073 2798 1210 2875 inprimis
1237 2818 1265 2875 p,
1291 2816 1372 2858 cxxv
1395 2818 1438 2875 sq.
1463 2798 1630 2877 delegamus.

366 2889 424 2947 Hic
452 2889 550 2948 solum
576 2906 744 2966 munemne,
773 2889 853 2965 quod
881 2888 913 2946 in
940 2888 996 2947 hoo
1018 2888 1149 2947 carmine
1172 2889 1365 2966 Argonautas
1388 2887 1559 2965 redeunteS,
1580 2906 1629 2945 nou
1681 2893 1682 2920 ¹

262 2978 268 2991 '
367 2978 398 3035 in
429 2976 600 3038 Colchidem
629 2978 797 3055 tendentes,
829 2978 941 3037 Lemno
970 2977 1121 3054 appulisse
1149 2977 1290 3056 legimus,
1318 2977 1374 3037 hoc
1402 2978 1575 3055 Pindamm,
1601 2978 1629 3033 ut

368 3066 556 3127 oeconomiae
585 3066 725 3126 carminis
752 3067 933 3143 consuleret,
964 3086 1088 3127 novasse
1116 3066 1223 3144 videri,
1256 3067 1383 3127 cundem
1416 3070 1531 3144 autem,
1562 3063 1630 3142 qnod

367 3157 523 3233 pauciores
556 3175 648 3232 quam
675 3156 854 3233 Apollonius
886 3156 976 3215 duces
1003 3156 1227 3234 Argonauticae
1260 3156 1457 3233 expeditionis
1485 3156 1630 3233 participes

366 3247 459 3305 fuisse
482 3249 598 3323 narrat,
623 3245 660 3304 ad
683 3245 846 3324 genuinam
868 3246 996 3305 formam
1018 3246 1128 3305 veteris
1149 3246 1247 3305 famae
1270 3246 1394 3322 propius
1413 3266 1506 3323 quam
1523 3247 1629 3323 poetam
1680 3300 1681 3303 ,

366 3335 604 3395 Alexandrinum
622 3336 768 3395 accedere.
797 3336 1003 3413 Argonautica
1022 3334 1101 3395 enim
1120 3335 1269 3411 expeditio
1289 3335 1460 3412 antiquitus
1478 3335 1568 3396 solius
1581 3332 1630 3391 fuit
1680 3328 1681 3350 ¹

367 3424 469 3501 stirpis
488 3424 690 3502 Aeolidarum,
713 3428 750 3483 ut
768 3424 910 3484 Thebana
928 3426 1008 3485 bella
1026 3424 1264 3484 Labdacidarum
1283 3427 1314 3483 et
1331 3424 1523 3504 Argivorum,
1542 3422 1629 3482 Troia·

366 3534 439 3573 num
456 3514 570 3573 bellum
588 3514 687 3591 gentis
701 3514 877 3573 Atridarum
896 3517 927 3574 et
945 3513 1196 3574 Dardanidarum.
1232 3514 1334 3590 Atque
1354 3515 1411 3574 hoc
1432 3514 1494 3573 iam
1514 3534 1548 3573 ex
1564 3511 1628 3572 anti-

366 3603 522 3680 quioribus
537 3603 711 3663 auctoribus
724 3603 873 3662 Pindarus
888 3604 1049 3681 sumpsisse
1063 3603 1191 3681 videtur,
1206 3603 1287 3679 quod
1305 3623 1365 3663 non
1384 3604 1483 3664 solum
1498 3602 1627 3672 Aeolida,

366 3694 419 3770 qui
442 3694 474 3751 in
498 3692 669 3753 Thessalico
693 3712 765 3771 agro
788 3693 969 3772 regnabant,
993 3694 1043 3753 sed
1069 3693 1161 3752 etism
1186 3711 1250 3771 eos,
1274 3692 1382 3769 quiin
1406 3694 1627 3771 Peloponnesum

365 3784 581 3862 migraverant,
603 3786 754 3841 consortes
782 3783 980 3859 expeditionis
1007 3783 1086 3843 fecit.
1133 3782 1234 3841 Unum
1257 3785 1358 3842 tamen
1386 3784 1487 3843 nescio
1515 3802 1552 3843 an
1576 3782 1626 3856 ipse

364 3874 488 3933 Hesiodi
514 3872 679 3950 personati,
707 3872 761 3948 qui
787 3872 819 3930 in
846 3870 969 3948 Κήυκος
996 3872 1079 3956 γάμῳ
1106 3872 1266 3931 Herculem
1295 3872 1332 3931 ab
1356 3872 1542 3951 Argonautis
1564 3872 1627 3930 circa

364 3962 549 4043 Magnesiam
576 3962 716 4022 relictum
744 3980 807 4021 esse
834 3962 995 4022 rettulerat
1025 3956 1129 4041 (schol.
1149 3960 1279 4037 Apoll.1
1300 3972 1359 4039 128,
1379 3954 1424 4043 9),
1448 3961 1574 4040 vestigia
1592 3978 1625 4016 se·

364 4057 453 4113 cutus
476 4052 641 4129 novaverit,
666 4052 746 4127 quod
768 4070 831 4109 una
854 4070 923 4111 cum
941 4051 1039 4111 Ledae
1060 4050 1130 4109 filiis
1154 4051 1247 4109 etiam
1264 4051 1426 4112 Alcmenae
1450 4051 1546 4109 filium
1566 4049 1625 4109 Hor·

364 4142 461 4201 culem
485 4141 610 4202 Colchos
639 4142 833 4219 navigantem
861 4141 941 4200 fecit.
987 4140 1016 4199 Is
1044 4141 1124 4199 enim
1146 4160 1207 4199 non
1230 4139 1328 4199 solum
1351 4142 1436 4199 nulla
1460 4160 1528 4200 cum
1550 4140 1625 4197 'lhos-

364 4232 456 4290 saliae
479 4232 584 4307 priscis
606 4231 729 4309 regibus
752 4230 901 4290 affinitate
925 4230 1102 4289 coniunctus
1126 4232 1199 4307 erat,
1219 4229 1270 4288 sed
1288 4229 1381 4289 etiam
1398 4234 1468 4307 post
1487 4230 1624 4307 Argonau-

363 4321 455 4379 ticam
478 4320 697 4397 expeditionem
719 4320 854 4380 floruisse
879 4320 951 4379 olim
970 4320 1157 4396 credebatur,
1181 4322 1216 4377 ut
1239 4318 1366 4379 maxime
1390 4338 1426 4379 ex
1450 4339 1485 4379 eo
1508 4329 1624 4395 apparet.

364 4410 444 4485 quod
466 4410 629 4486 Megaram,
652 4409 746 4468 tiliam
770 4410 914 4488 Creontis,
938 4430 1062 4469 uxorem
1084 4408 1203 4468 duxisse
1227 4408 1386 4467 serebatur.
1433 4409 1517 4468 Nihil
1539 4410 1623 4465 auten

363 4498 432 4557 miri
454 4499 553 4576 habet,
577 4499 658 4574 quod
681 4500 837 4576 Pindarus,
862 4520 921 4576 quo
942 4499 1041 4559 studio
1060 4498 1238 4557 Doricorum
1257 4498 1468 4557 institutorum
1487 4495 1623 4575 flagrabat,

362 4591 516 4646 auctorem
548 4588 674 4647 Doricae
706 4589 805 4667 gentis
838 4589 998 4648 Herculem
1029 4608 1048 4648 a
1077 4588 1242 4647 clarissimo
1275 4591 1364 4647 coetu
1395 4588 1621 4666 Argonautamxu

362 4678 464 4736 abesse
483 4677 588 4737 uoluit.
628 4676 766 4736 Ceterum
786 4679 887 4738 confer
908 4679 943 4737 de
968 4680 1072 4737 Iasone
1092 4681 1122 4736 et
1141 4678 1327 4754 Argonautis
1351 4677 1491 4756 Scaliger,
1510 4674 1621 4735 ltoscher

362 4768 418 4825 lex,
438 4768 531 4843 myth.
551 4786 573 4824 11
593 4777 626 4825 63
647 4786 682 4825 ss
707 4786 718 4824 1
736 4780 788 4825 soa
807 4786 844 4828 ss
