3417 5434
625 375 852 427 FRAGMENTA.

719 533 765 587 Ill.

609 640 875 708 ΠΑΙΑΝΕΣ.

512 786 572 836 nin
592 785 799 836 inonnsinl
816 784 971 838 τινοιοα.

669 901 709 958 52
736 892 815 978 [24].

469 1133 703 1262 ’ἀμφιπόλοισι
725 1133 936 1264 μαρνάμενον

474 1293 609 1372 μοιριᾶν
631 1283 707 1370 περί
729 1294 843 1370 τι-μῦν
867 1281 1081 1352 ἀπολωλέναι.

472 1683 490 1706 υ
517 1702 534 1708 ..
612 1700 617 1709 .
656 1701 661 1710 ,
701 1699 705 1710 .
739 1701 756 1709 ..
783 1687 802 1710 .·,
827 1681 846 1710 V
872 1700 889 1709 -

473 1749 616 1833 Χρύσεαι
640 1746 671 1812 δ’
698 1747 850 1833 ἐξύπερθ’
878 1750 990 1814 αἰετοῦ

473 1856 587 1920 ἀειδον
611 1857 809 1939 Κηληδόνες.

190 2113 277 2171 Pnus.
301 2129 321 2169 x
346 2123 392 2188 16,
415 2123 445 2170 ει
472 2108 523 2170 τὸν
551 2107 583 2170 δὲ
611 2107 669 2170 ὑπὸ
693 2112 819 2189 Δελφῶν
845 2110 1030 2189 καλούμενον
1054 2107 1190 2189 ὀμφαλὸν
1212 2111 1302 2172 λίθου
1324 2134 1375 2174 πε-

97 2198 265 2280 ποιημένον
292 2204 415 2278 λευκοῦ,
442 2207 528 2260 τοῦτο
556 2192 632 2259 εἰναι
658 2198 691 2260 τὸ
719 2197 751 2260 ἕν
779 2197 855 2284 μέσῳ
883 2208 937 2281 γης
960 2199 1056 2278 πάσης
1079 2199 1167 2261 αὐτοί
1187 2223 1217 2262 τε
1240 2199 1376 2282 λέγουσιν

97 2291 131 2350 οἰ
152 2291 280 2368 Δελφοί,
309 2287 359 2350 καί
388 2287 421 2350 ἕν
451 2283 514 2374 ρίδη
543 2312 602 2349 τινι
629 2288 783 2369 Πίνδαρος
812 2285 1013 2370 ὁμολογοῦντά
1042 2306 1144 2367 σφισιν
1170 2287 1308 2370 ἐποίησεν
1331 2325 1375 2334 -

98 2379 199 2439 Strab.
222 2399 254 2439 1x
276 2399 304 2456 p.
328 2391 394 2438 419:
424 2376 473 2438 καί
495 2375 635 2438 ἐκάλεσαν
658 2387 711 2457 τῆς
732 2387 788 2459 γῆς
811 2375 963 2458 ὀμφαλόν,
985 2379 1224 2458 προσπελάσαντες
1246 2379 1297 2441 καί
1319 2389 1374 2460 μῦ-

96 2474 176 2548 θον,
204 2467 239 2530 ὅν
267 2485 342 2546 φησι
369 2468 536 2548 Πίνδαρος,
564 2467 608 2528 ὅτι
635 2465 812 2546 συμπίσοιεν
840 2466 974 2529 ἐνταῦθα
996 2469 1028 2528 οί
1047 2461 1139 2530 αἰετοί
1161 2469 1194 2530 οί
1212 2467 1374 2547 ἀφεθέντες

98 2557 168 2618 ῦπδ
183 2566 235 2618 τοῦ
254 2557 337 2636 Διός,
360 2553 376 2617 δ
400 2553 454 2636 μὲν
476 2554 535 2618 ἀπὸ
558 2565 610 2636 τῆς
633 2557 755 2636 δύσεως,
778 2554 795 2616 δ
819 2550 847 2617 δ’
869 2555 927 2618 ἀπὸ
950 2565 1002 2636 τῆς
1020 2555 1173 2637 ἀνατολῆς.
1196 2558 1240 2619 cf.
1254 2561 1287 2618 P.
1301 2578 1334 2620 Ν
1347 2572 1373 2620 4.

663 2721 704 2778 55
731 2716 809 2794 [ιω.

190 2825 285 2887 Schol.
308 2799 413 2886 llesoh.
436 2827 523 2886 Eum.
548 2837 577 2886 2:
606 2823 759 2905 Πίνδαρός
786 2841 861 2904 φησι
887 2823 962 2904 πρὸς
984 2825 1055 2904 βίαν
1077 2833 1219 2905 κρατῆσαι
1241 2829 1373 2898 Πυθοῦς

97 2914 150 2976 τὸν
171 2908 354 2993 Ἀπόλλωνα,
378 2912 423 2974 διὸ
446 2913 496 2976 καί
518 2923 698 2994 ταρταρῶσαι
720 2913 811 2975 αὐτὸν
835 2911 927 2992 ἐζήτει
948 2910 968 2992 ἡ
991 2917 1044 2994 Γῆ.

189 3183 300 3243 Himer.
320 3202 361 3243 or.
380 3201 415 3241 111
436 3194 464 3242 1:
483 3185 575 3262 Χαῖρε
594 3182 683 3260 φίλον
706 3182 798 3259 φάος
820 3182 978 3262 χαρίεντι
1001 3181 1163 3261 μειδιόων
1185 3183 1372 3270 προσώπῳ·

98 3271 185 3354 μέλος
203 3272 259 3352 γάρ
276 3293 305 3332 τι
322 3269 421 3350 λαβὼν
439 3269 471 3331 ἐκ
489 3280 542 3349 τῆς
560 3271 650 3351 λύρας
669 3270 711 3343 εἰς
729 3269 784 3348 τὴν
803 3269 861 3348 σὴν
878 3269 1038 3350 ἐπιδημίαν
1061 3267 1257 3356 προσᾴσομαι,
1279 3269 1373 3349 ἡδέως

97 3359 153 3442 μὲν
175 3359 214 3421 διν
237 3360 339 3432 πείσας
361 3359 412 3420 καί
434 3359 543 3432 αὐτοὺς
573 3353 655 3442 (fort.
675 3355 777 3442 αὐτός)
805 3360 876 3433 τοὺς
903 3360 1009 3442 λόγους
1036 3362 1129 3442 λύραν
1157 3384 1208 3441 μοι
1233 3361 1374 3442 γενέσθαι

95 3451 148 3513 ιιαί
166 3451 297 3528 ποίησιν,
320 3450 370 3510 λ’να
392 3471 420 3510 τι
442 3448 515 3510 κατὰ
538 3458 592 3510 σοῦ
616 3450 840 3530 νεανιεύσωμαι,
864 3447 968 3523 δποῑος
986 3451 1159 3529 Σιμωνίδης
1182 3449 1373 3531 ἢΠίνδαρος

96 3539 172 3602 κατὰ
196 3539 355 3600 Διωνύσου
382 3537 432 3599 καὶ
456 3532 648 3612 Ἀπόλλωνος.
672 3571 714 3581 -—
738 3541 821 3600 Idem
844 3560 885 3600 or.
909 3559 965 3599 xm
989 3553 1017 3600 ’λι
1045 3539 1079 3600 τά
1107 3537 1139 3600 δὲ
1161 3538 1199 3600 σά
1221 3549 1280 3601 νῦν
1303 3539 1373 3602 δίον

97 3629 149 3692 ιιαλ
172 3628 251 3714 αὐτῷ
275 3633 315 3712 τῷ
335 3625 516 3714 Μουσηγέτῃ
540 3628 718 3708 εἰκάζεσθαι,
740 3622 805 3689 οίον
829 3627 920 3690 αὐτὸν
942 3627 992 3690 καί
1009 3627 1129 3708 Σαπφὼ
1150 3628 1201 3689 καί
1219 3629 1372 3711 Πίνδαρος

168 3836 212 3890 Fr.
233 3841 337 3890 52-56
356 3834 473 3906 paeanii
493 3834 632 3905 Apollinis
650 3834 746 3906 Pythii
765 3838 831 3890 sunl
849 3835 966 3906 Delphis
985 3834 1062 3903 laeli,
1083 3834 1161 3889 euius
1181 3834 1267 3889 etiam
1284 3836 1318 3889 fr.
1333 3852 1372 3892 εεε

69 3948 73 3956 -
97 3926 158 3964 esso
178 3906 274 3962 docuit
291 3907 432 3961 Luebbert
451 3907 485 3960 de
504 3906 578 3960 ludin
597 3905 708 3975 Pythiis
727 3906 865 3976 Sicyoniis
884 3927 909 3978 p.
925 3925 944 3962 ε.

167 3979 211 4032 Fr.
232 3983 273 4034 52.
312 3977 403 4033 Schol.
422 3977 502 4032 Pind.
521 3978 555 4033 N.
573 3997 612 4031 vn
630 3995 667 4033 νει
687 3980 891 4047 ἀπολογεῖσθαι
910 3979 1039 4051 βούλεται
1057 3974 1220 4048 (Πίνδαρος)
1238 3978 1370 4047 περὶτοῦ

96 4048 295 4118 Νεοπτολέμου
313 4049 444 4104 θανάτου
462 4049 532 4118 πρὸς
549 4051 615 4114 τοῦς
633 4049 791 4120 Αἰγινήτας·
819 4049 922 4103 ἐκεῖνον
939 4049 993 4119 γὰρ
1012 4047 1129 4119 ᾐτιῶντο
1147 4048 1198 4103 τδν
1217 4046 1370 4119 Πίνδαρον,

96 4121 138 4177 ὅτι
152 4121 403 4192 γράφωνΔελφολς
415 4120 464 4174 τὸν
478 4130 587 4175 παιᾶνα
603 4119 669 4190 ἔφη’
689 4118 917 4190 ἀμφιπόλοισι
932 4164 937 4174 .
954 4164 959 4174 .
976 4164 981 4174 .
997 4117 1218 4175 ἀπολωλέναι.
1244 4120 1371 4191 Respicit

96 4193 183 4249 schol.
199 4191 233 4247 N.
248 4211 286 4245 vn
306 4209 344 4248 τεο
363 4225 396 4232 -
416 4199 529 4262 μοιριᾶν
547 4191 672 4260 Boeckh,
693 4193 795 4260 μυρίαν
813 4191 899 4263 vulgo
919 4224 954 4232 -
975 4194 1053 4246 reeta
1071 4191 1198 4246 oratione
1216 4191 1295 4246 hnud'
1312 4192 1370 4246 τοίο

96 4283 132 4320 an
151 4267 236 4336 poeta
255 4263 315 4334 ipse
333 4281 400 4317 usus
420 4263 469 4330 sil3
489 4267 611 4318 celerum
630 4263 701 4318 conf.
721 4264 755 4318 N.
770 4283 809 4317 ττι
827 4281 887 4333 arg.

167 4336 210 4389 Fr.
231 4341 272 4391 53.
309 4335 390 4388 Paus.
410 4354 427 4387 x
446 4351 467 4404 5,
487 4351 525 4390 εει
550 4335 585 4388 τὰ
605 4335 632 4400 ἐς
649 4335 699 4397 τὰς
717 4333 807 4398 εἰδοὺς
829 4334 880 4398 τὰς
902 4343 1017 4405 χρυσᾶς,
1044 4333 1063 4387 δι
1086 4334 1121 4403 δὴ
1140 4331 1284 4402 Πίνδαρος
1303 4330 1370 4406 ᾖσεν

95 4407 140 4463 ἐπ’
164 4402 261 4480 ἰτείνφ
283 4411 321 4479 τῷ
345 4411 403 4478 ναῷ
427 4406 591 4476 (Delphico).
629 4391 770 4476 χρύσεαι
793 4411 848 4462 κτλ.
869 4406 959 4460 Galen
976 4409 997 4460 t.
1016 4424 1096 4473 xvm,
1122 4422 1188 4475 pars
1207 4423 1231 4474 1,
1250 4423 1315 4495 pag.
1330 4423 1369 4462 519

94 4481 137 4534 ed.
153 4478 266 4532 Kiihne:
286 4478 335 4532 καὶ
348 4478 363 4531 δ
378 4473 521 4546 Πίνδαρός
539 4496 627 4547 φησιν
646 4477 676 4532 ἰν
694 4486 751 4541 τοίς
769 4487 870 4532 παιᾶσι
884 4481 954 4548 (ταῖς
969 4476 1103 4531 Πλειάσιν
1116 4477 1225 4546 vulgo)·
1245 4495 1369 4547 χρυσεα

94 4550 123 4606 δ’
145 4550 316 4617 δξύπτερα
334 4549 450 4603 αἰετοῦ
470 4549 588 4603 ἄειδον
606 4552 781 4619 κληδόνες·
801 4549 916 4619 respicii
929 4550 1030 4605 Athen.
1043 4567 1080 4602 vn
1094 4551 1169 4604 290E
1183 4580 1216 4587 -
1232 4546 1368 4617 ἐξύπερθ’

94 4623 190 4677 αἰετοῦ
208 4620 314 4690 Bergk:
334 4620 362 4686 ἐξ
382 4618 516 4688 ὑπερέτου
531 4624 581 4674 aut
596 4621 624 4686 ἐξ
638 4619 778 4689 ῦπαρίτου
792 4621 883 4688 Paua,
902 4620 1041 4688 ὀξύπτερα
1055 4620 1150 4674 αἰετοῦ
1164 4618 1236 4686 Gal„
1256 4618 1284 4685 ἓξ
1298 4619 1368 4689 ὑπὲρ

93 4694 190 4749 αἰετοῦ
209 4691 405 4748 Schneidewin
422 4690 522 4744 Philol.
537 4711 555 4745 v
571 4708 617 4746 εεε.
636 4707 676 4746 ιεε
691 4709 711 4746 s.
731 4723 764 4732 -
785 4689 944 4761 Κηληδύνες
962 4691 1055 4763 Bergk
1074 4691 1177 4746 collato
1195 4692 1261 4748 Ath.
1276 4709 1316 4746 τοο
1330 4695 1367 4747 E:

94 4765 249 4835 τηλήμονες
267 4763 362 4831 Paua,
382 4760 513 4832 κληδόνες
532 4763 607 4831 (δελ,
630 4780 687 4818 non
705 4763 817 4834 integra
834 4764 921 4818 verba
939 4766 1040 4834 poetae
1058 4763 1150 4818 relata
1168 4779 1229 4818 eise
1247 4766 1368 4818 metrum

91 4835 259 4908 paeonicum
279 4835 423 4888 turbatum
442 4833 542 4905 arguit.
