3417 5434
818 338 968 389 PINDARI
986 338 1154 391 EPINlClA.

509 497 686 584 Ἡρακλέα.
731 500 858 575 πύκτας
881 498 910 563 δ’
939 498 975 564 ἐν
994 498 1191 584 Ὀλυμπιάδι
1214 512 1319 564 νικῶν

498 607 571 694 Ἴλᾳ
593 606 720 693 φερέτω
744 608 841 693 χάριν

502 714 737 799 Ἁγησίδαμος,
761 714 806 791 ὡς

501 822 625 907 Ἀχιλεῖ
645 823 851 906 Πάτροκλος·

429 950 462 995 νο
508 930 628 1013 θήξαις
651 928 692 994 δέ
711 952 748 994 κε
770 928 868 1013 φύντ’
897 928 996 1017 άρετᾷ
1019 928 1093 995 ποτὶ

506 1039 672 1123 πελώριον
695 1037 838 1123 ὁρμάσαι
914 1114 921 1128 ,

559 1144 654 1220 κλέος
676 1144 761 1229 άνήρ
785 1149 869 1209 θεοῦ
893 1146 957 1209 σὺν
980 1145 1122 1231 παλάμᾳ.

506 1361 634 1424 άπονον
657 1356 687 1422 δ’
715 1360 836 1441 ἔλαβον
858 1358 967 1444 χάρμα
990 1362 1116 1443 παῦροί
1136 1381 1238 1441 τινες,
1331 1363 1402 1443 Στρ
1424 1358 1465 1441 β’.

505 1470 612 1552 ἔργων
634 1467 699 1550 πρὸ
721 1466 858 1531 πάντων
880 1468 981 1555 βιότῳ
1006 1466 1100 1550 φάος.

505 1573 619 1657 άχῶνα
642 1572 672 1636 δ’
700 1571 866 1659 ἐξαίρετον
890 1573 997 1638 ἀεῖσαι

556 1679 691 1764 θέμιτες
714 1675 828 1765 ὦρσαν
850 1682 951 1763 Διός,
975 1678 1015 1744 ὃν
1039 1679 1096 1765 άρ-

558 1791 641 1874 χαίῳ
665 1785 786 1871 σάματι
810 1808 878 1873 παρ
902 1786 1056 1864 Πέλοπος

426 1913 460 1960 25
506 1898 628 1979 βωμῶν
651 1891 833 1979 ἑξάριθμον
857 1894 1045 1976 ἐκτίσσατο,

507 1999 576 2066 ἐπεὶ
599 2000 825 2066 Ποσειδάνιον

506 2108 611 2193 πέφνε
635 2107 784 2194 Κτέατον
807 2108 961 2194 ἀμύμονα

346 2322 446 2360 mann:
469 2299 597 2359 Κνκνεία
619 2304 703 2375 Byr,
728 2300 835 2358 κνκνέα
862 2303 923 2358 ΑΒ
930 2302 985 2358 01)
1013 2336 1046 2344 —
1076 2310 1118 2359 16.
1148 2304 1299 2376 ὀλυμπιάδι
1326 2315 1413 2361 νικῶν
1439 2304 1478 2359 D:
1505 2298 1618 2373 divanio

346 2387 433 2432 νικῶν
452 2376 532 2444 3¹0,
556 2374 763 2445 δλομπιονικῶν
781 2376 808 2429 Α
828 2408 861 2415 -
883 2381 924 2429 17.
948 2374 994 2449 ap
1013 2376 1088 2431 BD:
1116 2373 1179 2430 ίόλα
1197 2378 1259 2433 AO
1274 2410 1307 2417 —
1328 2382 1370 2433 19.
1391 2376 1501 2449 ’Λχιλλεῖ
1517 2376 1572 2431 OD
1589 2406 1616 2413 -

346 2455 389 2503 20.
414 2448 481 2516 θήξ.
500 2447 634 2503 ABOD:
660 2446 727 2514 θάξ.
746 2446 855 2501 Ahrens
874 2445 948 2501 Dial.
966 2465 1008 2516 gr.
1028 2466 1049 2499 11
1068 2464 1107 2502 1⁴0
1130 2480 1164 2488 -
1188 2468 1219 2503 κε
1243 2450 1318 2505 BD:
1344 2449 1393 2503 acl
1411 2448 1468 2503 AO
1488 2480 1520 2488 -
1539 2444 1616 2517 φύντ’

346 2521 455 2576 ABD:
483 2516 554 2589 φῶτ’
582 2519 605 2574 0
626 2551 659 2559 -
681 2516 750 2573 ποτὲ
773 2520 801 2574 Α
825 2550 859 2558 -
883 2524 925 2573 21.
950 2517 1095 2589 παλάμαις
1116 2520 1176 2575 AG
1196 2552 1229 2561 -
1253 2526 1295 2576 22.
1320 2518 1395 2583 τινές
1418 2528 1518 2589 παῦροι
1541 2518 1569 2572 D
1588 2548 1617 2555 -
1670 2518 1671 2563 l

345 2598 388 2647 23.
409 2590 498 2662 ἔργων
516 2590 571 2659 πρὸ
594 2589 710 2645 πάντων
735 2590 831 2645 codd:
858 2589 941 2644 ἐτέων
960 2590 1130 2658 προπάντων
1149 2592 1254 2647 schol?
1274 2623 1307 2632 —
1327 2590 1411 2665 βιότω
1431 2596 1474 2659 (ον
1492 2588 1619 2661 supra)C

346 2696 381 2704 -
401 2669 443 2718 24.
464 2662 591 2731 ἑξήριτον
609 2680 643 2717 ex
662 2661 748 2717 schol.
763 2664 796 2733 (l)
811 2661 909 2715 elicuit
927 2661 1071 2716 Hermann
1090 2695 1125 2703 —
1144 2668 1186 2719 25.
1207 2666 1307 2736 βωμῶν
1326 2665 1353 2719 Α
1373 2665 1403 2717 et
1421 2662 1516 2717 schol:
1535 2660 1618 2734 βωμὸν

347 2737 381 2805 0,
405 2737 487 2807 βωμοὶ
507 2735 581 2801 BD,
605 2733 640 2787 τὰ
662 2732 757 2801 πρῶθ’
779 2732 850 2788 coni.
871 2732 1092 2803 Rauehenstein,
1117 2734 1178 2804 ipse
1202 2732 1298 2791 πόνων
1323 2735 1435 2790 tentavi
1453 2767 1486 2775 —
1505 2732 1617 2788 ἐκτίσατο

347 2812 373 2861 Α
393 2810 423 2861 et
442 2790 541 2860 solsol:
562 2804 698 2873 ἐκτήσαθ’
716 2803 869 2874 Ἡρακλέης
889 2805 917 2873 G,
936 2804 1074 2875 ἡρακλέης
1092 2804 1191 2861 ἐκτίσσ.
1210 2808 1281 2875 BD,
1301 2804 1348 2880 βίη
1364 2802 1513 2879 Ἡρακλέος
1531 2802 1618 2859 ἐκτίσο.

345 2881 457 2951 (βωμῶν
476 2875 633 2947 ἑξάριθμον
651 2876 774 2947 omissis)
793 2878 863 2948 Βμτ.
883 2908 919 2917 -
938 2882 980 2931 26.
998 2876 1199 2933 ποοειδάνειον
1217 2880 1244 2933 Β
1263 2910 1297 2919 -

346 3025 376 3077 et
394 3019 503 3075 musica
521 3021 582 3073 arte
601 3018 743 3072 excellunt
763 3020 793 3073 et
814 3034 902 3073 aeneo
920 3018 1021 3089 Marte,
1035 3020 1110 3089 quod
1125 3038 1214 3092 nuper
1228 3022 1449 3093 comprobarunt
1463 3020 1617 3076 Anaxilanm
1669 3054 1670 3057 η

346 3097 498 3163 tyrannum
551 3089 749 3160 tentissimum,
768 3092 801 3143 ut
815 3090 923 3159 Cycnus
943 3090 1011 3145 olim
1029 3091 1173 3163 ingentem
1188 3093 1346 3163 Herculem,
1365 3094 1452 3148 armis
1471 3093 1615 3155 reicientes;
1669 3080 1670 3163 l

348 3166 386 3219 ad
404 3164 504 3218 fortitu
525 3163 601 3216 inem
619 3165 703 3216 natus
722 3179 796 3216 nunc
814 3161 902 3216 etiam
916 3162 1104 3232 Agesidamus
1119 3168 1154 3235 (v.
1172 3168 1207 3233 ao)
1222 3165 1336 3237 insuper
1353 3164 1506 3237 disciplina
1523 3164 1615 3233 aliptae
1669 3166 1670 3173 ’

347 3236 453 3307 optime
471 3234 620 3288 institutus
640 3236 696 3302 est,
723 3233 824 3288 merito
847 3232 936 3305 igitur
954 3236 983 3287 et
1000 3232 1062 3304 ipse
1080 3236 1237 3305 praemium
1255 3236 1359 3292 meruit
1377 3240 1406 3291 et
1425 3237 1549 3291 debitam
1564 3250 1616 3305 gra·

346 3311 418 3363 tiam
437 3307 544 3377 aliptae
563 3322 614 3360 suo
633 3305 692 3360 Ilae
711 3306 770 3361 sive
789 3304 867 3359 Iolao
886 3305 989 3360 referet
1009 3338 1045 3346 -
1069 3313 1110 3362 16.
1137 3318 1223 3363 νικῶν
1242 3308 1354 3379 propria
1373 3324 1450 3379 eum,
1476 3308 1524 3379 qui
1540 3307 1615 3361 rictor

347 3385 403 3449 est,
427 3379 583 3449 significat,
606 3377 681 3431 unde
699 3377 743 3432 vis
761 3376 906 3448 participii
924 3378 1081 3447 praesentis
1105 3388 1239 3443 νικῶντος
1261 3398 1318 3435 non
1341 3380 1426 3451 longe
1451 3379 1539 3435 distat
1560 3395 1574 3430 a
1594 3375 1616 3429 ri

346 3452 446 3507 coristi
460 3450 635 3519 νικήσαντος,
650 3450 684 3505 cf.
701 3449 732 3505 0.
747 3466 836 3505 11112.
851 3468 901 3502 xm
915 3466 949 3505 co.
969 3450 1003 3505 N.
1019 3469 1057 3504 vn
1073 3466 1106 3506 νο.
1125 3452 1145 3505 I.
1162 3471 1201 3505 vn
1216 3468 1226 3507 r
1243 3484 1276 3492 -
1292 3457 1333 3507 19.
1345 3448 1445 3523 Ἀχιλεῖ
1457 3450 1615 3519 Πάτροκλος

346 3524 426 3579 Hom.
445 3523 477 3578 ll.
492 3540 539 3575 xrr
554 3538 579 3578 so
594 3540 630 3577 ss.
649 3525 735 3593 poeta
757 3521 886 3592 respicit,
910 3538 965 3591 quo
989 3522 1050 3576 loco
1074 3521 1212 3591 Achilles,
1237 3541 1301 3579 cum
1324 3523 1488 3577 Patroclum
1511 3519 1614 3577 Achaeis

346 3594 452 3650 auxilio
478 3593 617 3664 mitteret,
641 3594 730 3649 aciem
753 3593 870 3648 instruit
895 3594 924 3646 at
949 3593 986 3647 ad
1009 3610 1068 3647 rem
1094 3594 1205 3649 fortiter
1230 3595 1383 3665 gerendam
1410 3594 1614 3649 adhortatur-
1668 3626 1669 3664 ,

347 3674 389 3723 κθ.
409 3666 621 3738 Agesidamnm,
640 3667 690 3736 qui
704 3682 787 3749 aegre
802 3681 893 3733 neque
908 3664 968 3718 sine
982 3664 1146 3720 vulneribus
1161 3667 1262 3721 vicisse
1276 3666 1396 3733 videtur,
1412 3683 1445 3721 eo
1460 3665 1612 3729 consolatur,

347 3740 422 3809 quod
438 3739 497 3793 sine
512 3738 609 3794 labore
623 3738 706 3810 pauci
723 3736 860 3793 victoriae
896 3736 1014 3789 audium
1030 3736 1232 3820 adipiscantur,
1249 3756 1303 3809 quo
1319 3754 1415 3793 omnes
1432 3742 1518 3793 antea
1532 3737 1613 3792 erant

346 3813 420 3866 latos
439 3811 551 3866 labores
570 3813 799 3880 recompensante
817 3808 883 3878 pulc
905 3808 1037 3863 errimum
1055 3812 1131 3864 vitae
1151 3811 1235 3865 decus
1246 3813 1382 3937 paratum
1403 3809 1437 3865 cf.
1458 3809 1490 3866 Ο.
1509 3828 1572 3865 1100
1587 3838 1612 3847 -

347 3891 389 3939 20.
412 3883 529 3951 θήξαις·
559 3900 674 3951 acuens,
697 3882 771 3935 unde
794 3881 815 3935 Ι.
834 3900 863 3934 vr
882 3896 907 3936 rs
927 3880 1047 3951 aliptam
1070 3879 1184 3947 Ναξίαν
1207 3884 1244 3937 da

347 3955 459 4009 Cara
483 3970 601 4011 ιαοιι.

367 3974 385 4025 y
419 3999 504 4081 24'ss.
524 3997 662 4096 eiiginem
680 4023 811 4078 ludorum
830 4022 1041 4095 Olympicorum
1059 4024 1145 4079 refert
1159 4056 1192 4065 -
1208 4030 1250 4080 24.
1270 4024 1384 4095 θέμιτες
1401 4022 1479 4096 Διός,
1497 4024 1612 4079 instituta
1667 4032 1668 4087 ξ

350 4101 380 4152 et
397 4098 475 4180 leges
494 4097 581 4165 lovis,
601 4095 703 4166 quibus
722 4095 878 4151 certamina
897 4096 1027 4151 ludorum
1046 4095 1258 4168 Olympicorum
1276 4099 1305 4151 et
1322 4096 1475 4167 praeconia
1493 4097 1614 4152 victorum
1667 4092 1668 4154 l

347 4172 503 4224 constituta
522 4172 655 4224 erant-
675 4164 779 4238 σάματι
797 4187 855 4236 παρ
875 4166 1014 4231 Πέλοπος·
1035 4168 1069 4223 cf.
1085 4169 1116 4224 0.
1131 4186 1189 4225 roo.
1222 4168 1402 4223 Recentiores
1421 4168 1575 4240 scriptores,
1590 4166 1615 4219 ut

346 4241 429 4296 Paus.
443 4260 461 4295 v
475 4257 510 4310 ra,
524 4256 545 4305 a,
563 4240 711 4295 Herculem
726 4256 744 4293 a
757 4240 861 4310 Pelope
876 4243 977 4309 quarto
991 4240 1205 4312 propagationis
1224 4240 1315 4312 gradu
1332 4240 1502 4295 descendere
1518 4238 1611 4295 fabula·

345 4314 451 4367 bantur
470 4344 504 4353 -
522 4318 565 4367 25.
589 4314 689 4386 βωμῶν
713 4310 880 4381 ἑξάριθμον·
905 4312 940 4365 de
959 4328 1008 4366 sex
1026 4312 1083 4366 aris
1103 4312 1251 4382 Olympiae
1271 4311 1335 4367 vide
1355 4312 1392 4365 ad
1411 4311 1443 4366 0.
1457 4331 1490 4365 111
1504 4330 1538 4369 rs.
1571 4309 1612 4366 Sed

347 4402 410 4439 cum
430 4387 529 4458 βωμῶν
547 4384 665 4439 metrico
683 4383 753 4437 vitio
772 4382 884 4437 laboret
903 4386 931 4437 et
950 4399 1015 4437 arae
1034 4382 1107 4437 nihil
1125 4385 1162 4439 ad
1181 4386 1324 4439 certamen
1342 4384 1460 4455 (ἀγῶνα)
1479 4385 1612 4446 attineant,
1666 4416 1667 4433 ι

347 4459 447 4529 βωμῶν
471 4474 505 4511 ex
523 4454 619 4512 πόνων
637 4458 798 4526 corruptum
821 4472 883 4509 esse
902 4454 987 4524 duco,
1011 4457 1044 4509 ut
1062 4472 1134 4524 quae
1152 4456 1228 4509 infra
1246 4472 1294 4509 sex
1311 4472 1417 4526 genera
1435 4458 1612 4521 certaminum,
1666 4456 1667 4487 λ

347 4547 429 4584 cursu
440 4529 519 4584 lucta
532 4528 663 4600 pugilatu
673 4527 773 4596 quadri
795 4526 818 4579 is
833 4526 926 4581 iaculo
937 4526 1023 4593 disco,
1033 4527 1200 4597 referuntur,
1210 4528 1269 4581 iarn
1283 4528 1336 4581 hoc
1349 4526 1412 4581 loco
1425 4526 1612 4599 significentur.

346 4601 468 4656 Duritiei
482 4604 577 4655 autem
591 4600 661 4654 vitio
676 4599 766 4654 oratio
774 4546 907 4667 laborat,
922 4599 998 4668 quod
1012 4598 1169 4654 subiectum
1183 4598 1263 4653 verbi
1277 4596 1420 4653 ἐκτίσσατο
1435 4600 1548 4655 demum
1561 4614 1611 4653 τοι

346 4674 471 4743 positum
490 4675 545 4741 est;
566 4672 600 4727 cf.
612 4672 642 4727 0.
653 4690 682 4724 rx
692 4688 718 4727 ιο
733 4703 766 4711 -
781 4676 815 4724 26
825 4689 861 4726 ss.
876 4668 1010 4724 Hercules
1025 4687 1089 4724 cum
1101 4674 1144 4725 Au
1182 4688 1225 4740 ae,
1236 4670 1298 4742 regi
1311 4670 1410 4740 Elidis,
1427 4676 1543 4743 propter
1556 4688 1611 4726 ner-

347 4746 445 4799 cedem
463 4762 513 4815 pro
533 4743 646 4798 stabulo
664 4745 785 4814 purgato
806 4745 941 4813 negatam
965 4741 1070 4796 bellum
1089 4742 1151 4797 intu
1165 4742 1245 4813 sset,
1269 4741 1390 4813 primum
1409 4744 1446 4797 ab
1465 4742 1612 4799 Molionidis
1665 4802 1666 4817 ,

348 4815 447 4872 Cteato
462 4819 491 4869 et
504 4816 619 4886 Euryto,
634 4815 683 4885 qui
699 4814 834 4869 exercitui
852 4814 914 4867 eius
932 4812 1051 4868 insidias
1071 4816 1238 4887 struxerant,
1257 4814 1368 4870 cladem
1387 4816 1507 4887 accepit,
1527 4814 1611 4873 dende
1665 4818 1666 4825 ’

1263 3902 1317 3937 ναν
1340 3881 1425 3950 dixin
1449 3880 1485 3937 cf.
1504 3880 1612 3951 Xenopl.
