3417 5434
626 1158 781 1212 ΠΤΘΙΟΝ.
801 1156 860 1213 IA'.

383 1320 787 1406 ΘΡΑΣΤΔΑΙΩι
827 1320 1108 1406 ΘΗΒΑΙΩι

605 1516 707 1567 ΠΑΙΔΙ
726 1517 878 1567 ΣΤΑΔΙΕΙ.

692 1681 794 1688 μ.-

651 1799 828 1870 Strophas.

618 3161 858 3242 Argumentum.

189 3289 415 3365 Thrasydaeum
428 3289 588 3366 Pythonioi
601 3290 697 3350 filium
711 3291 887 3350 Thebanum
903 3292 1051 3368 Pythiade
1067 3294 1108 3352 28
1123 3311 1251 3369 puerum
1270 3292 1377 3371 stadio,

92 3378 248 3455 Pythiade
263 3381 304 3439 33
319 3379 419 3439 uirum
432 3379 534 3439 dianio
548 3381 654 3440 uicisse
669 3381 781 3440 soholia
795 3381 927 3440 tradunt.
952 3381 1089 3458 Namque
1105 3382 1187 3457 quod
1204 3382 1236 3440 in
1255 3381 1376 3442 scholiis

94 3470 135 3528 ad
159 3469 249 3527 inser.
273 3472 343 3545 post
365 3468 489 3530 δίαυλον
512 3470 658 3546 seriptum
681 3473 726 3529 est
748 3466 769 3547 ἢ
792 3469 922 3548 στάδιον,
944 3471 1000 3531 hoo
1023 3471 1061 3530 ab
1085 3471 1135 3548 iis,
1159 3471 1213 3547 qui
1234 3471 1291 3530 hoo
1314 3490 1376 3530 oer-

92 3559 178 3617 mine
198 3558 326 3618 alteram
344 3558 501 3619 vintoniam
520 3559 668 3618 illustrari
684 3559 842 3637 putabant,
862 3581 897 3619 ex
915 3579 1004 3620 versu
1022 3572 1057 3619 49
1076 3560 1293 3637 interpolatum
1313 3579 1375 3621 esse

92 3647 162 3707 ueri
189 3646 287 3708 simile
314 3651 367 3706 est
412 3648 459 3706 Ex
486 3649 616 3708 carmine
643 3648 766 3708 Pindari
793 3649 859 3725 ipso
887 3650 1028 3710 discimus
1050 3653 1168 3726 patrem
1192 3649 1375 3726 Thrasydaei

92 3736 299 3813 Pythonioum
328 3736 470 3814 Olympia
498 3757 588 3798 ourru
615 3739 719 3800 uisisee
750 3731 792 3819 (u.
816 3731 874 3820 46).
925 3740 1064 3816 Namque
1098 3739 1192 3798 alium
1226 3740 1375 3815 quendam

93 3847 131 3885 ex
149 3826 316 3886 maioribus
335 3827 520 3903 Thrasydaei
539 3826 727 3905 Olympiosm
744 3828 834 3887 istam
852 3829 1010 3889 victoriam
1028 3832 1196 3905 reportasse
1216 3827 1375 3904 quominus

93 3935 166 3974 oum
185 3915 336 3976 Boeokhio
355 3917 441 3992 Epr.
460 3937 489 3993 p.
509 3929 560 3976 337
580 3921 758 3995 statuamus,
776 3935 881 3977 versus
905 3919 1119 3995 antecedentes
1139 3917 1192 3994 qui
1215 3917 1374 3993 Pythonioi

94 4009 126 4063 et
150 4005 336 4082 'Pbrasydaei
363 4006 496 4065 solonmn
524 4007 705 4066 mentionem
734 4007 863 4084 faciunt,
891 4007 1103 4084 impedimento
1127 4010 1205 4066 sunt.
1251 4007 1316 4065 Iam
1339 4027 1374 4065 ex

94 4094 215 4154 duabus
237 4094 421 4172 Thrasydaei
439 4095 574 4156 nistoriis
596 4099 667 4156 utra
689 4099 795 4173 poetae
818 4097 875 4156 hoo
898 4115 1016 4156 onumen
1039 4095 1168 4156 faciendi
1192 4095 1308 4171 sopiam
1332 4097 1373 4155 fe·

94 4183 184 4261 oerit,
212 4184 298 4244 nobis
326 4186 529 4262 quaerendum
553 4189 605 4245 est
644 4185 728 4245 -Oum
751 4186 832 4245 enim
854 4205 964 4246 corona
986 4186 1042 4246 hoo
1065 4185 1196 4245 oermine
1219 4185 1373 4245 illustrata

94 4293 122 4332 u.
144 4285 178 4332 14
201 4274 292 4333 tertia
319 4274 425 4334 domne
448 4274 580 4334 vistriois
603 4294 665 4335 esse
693 4274 823 4353 dinatum,
850 4279 1012 4351 utrumque
1035 4273 1100 4334 fieri
1122 4276 1236 4352 potest,
1259 4278 1296 4333 ut
1319 4279 1373 4333 aut

94 4381 158 4422 nna
180 4362 307 4424 uictoria
329 4363 385 4422 filii
408 4364 485 4424 duae
507 4365 616 4444 patuis,
644 4368 700 4424 aut
726 4365 803 4424 duas
826 4363 882 4423 filii
904 4384 965 4423 una
986 4364 1082 4440 patris
1105 4363 1226 4423 fusuint.
1272 4364 1371 4441 Atque

94 4455 132 4510 nt
159 4453 287 4512 alteram
313 4453 472 4514 uictoriam
498 4454 682 4530 Thrasydaei
709 4455 858 4531 Pythiede
887 4457 927 4514 33
953 4479 994 4501 =
1019 4456 1082 4514 458
1111 4472 1137 4512 a.
1162 4453 1229 4513 Chr.
1253 4456 1372 4530 partam

95 4542 151 4601 hoo
174 4543 306 4602 carmine
328 4543 475 4602 illustrari
497 4547 649 4623 putarem,
680 4543 811 4620 politicis
833 4543 1001 4604 rationibus
1023 4545 1054 4602 et
1076 4543 1217 4602 interiore
1241 4543 1372 4619 quadam

96 4630 301 4711 similitudine,
326 4651 403 4708 quae
425 4633 504 4692 inter
521 4633 657 4693 fabulam
680 4634 770 4692 huius
788 4633 929 4692 oarminis
947 4633 979 4692 et
997 4630 1146 4692 Orestism
1165 4632 1371 4710 Aeschyleam,

97 4740 122 4779 a.
138 4723 202 4781 458
226 4721 258 4779 in
282 4739 400 4780 soonam
422 4723 608 4801 productam,
627 4723 793 4799 intersedit,
813 4722 885 4782 olim
908 4725 1074 4782 commotus
1098 4739 1164 4780 sum
1184 4715 1277 4804 (snb.
1297 4723 1324 4780 d.
1342 4722 1370 4782 b.

97 4811 151 4870 An.
174 4812 259 4870 1889
284 4831 311 4886 p.
332 4823 365 4869 13
385 4803 446 4894 ss).
486 4813 607 4871 Etenim
630 4817 661 4872 et
683 4811 848 4872 similitudo
873 4813 932 4871 ista
955 4831 990 4870 ee
1013 4815 1066 4890 est,
1090 4815 1126 4870 nt
1148 4815 1237 4888 poeta
1260 4811 1372 4888 lyricus
