3417 5434
580 345 730 397 menum
748 347 814 398 v111
832 344 917 416 [vm.

191 505 316 592 Αἰγίνᾳ
338 507 492 592 Χαρίτων
514 507 638 572 ἀω-τον
660 506 851 594 προνέμειν,

191 612 315 699 πατρὸς
337 612 457 679 οὕνεκα
481 615 618 699 δίδυμαι
641 612 693 697 γέ-

235 742 335 784 νοντο
357 721 520 808 θύγατρες
537 719 748 787 Ἀ-σοιπίδων
882 782 884 786 ,

105 835 167 902 (20)
190 825 382 912 ὁπλόταται,
407 830 494 910 Ζηνί
513 849 548 892 τε
570 829 676 894 ίάδον
698 867 712 878 -
735 828 874 918 βασιλέι.

191 931 209 998 ὃ
232 933 293 998 τάν
315 929 376 1017 μὲν
398 933 487 1020 παρὰ
509 935 674 1023 καλλιρόῳ

115 1057 154 1105 20
189 1043 299 1127 Δίρκᾳ
322 1041 531 1127 φίλαρμάτου
554 1081 568 1090 -
591 1044 706 1119 πόλιος
728 1041 771 1130 ᾤ-

234 1163 348 1212 κισσεν
371 1146 529 1232 ἁγεμόνα·

189 1322 227 1391 σὲ
250 1324 279 1390 δ’
308 1324 341 1402 ές
363 1335 467 1391 νᾶσον
492 1328 657 1392 Οἰνοπίαν
680 1326 822 1411 ἐνεγκὼν
1160 1336 1242 1418 Στρ.
1265 1331 1305 1415 γ’.
1350 1350 1385 1398 45

189 1443 339 1518 κοιμᾶτο,
364 1434 439 1498 δῖον
462 1435 546 1499 ἔνθα
570 1433 658 1510 τέκες

190 1541 318 1606 Αἰακὸν
340 1540 590 1628 βαρυσφαράγῳ

234 1645 333 1735 πατρὶ
356 1649 555 1713 κεδνότατον
578 1645 795 1732 ἐπιχθονίων·
818 1648 836 1714 δ
859 1647 915 1715 καί

102 1767 164 1830 (25)
189 1756 381 1841 δαιμόνεσσι
404 1756 499 1832 δίκας
523 1754 606 1820 όπεί-

233 1882 340 1948 ραινε·
363 1870 423 1927 τοῦ
445 1858 506 1947 μὲν
529 1861 679 1928 ἀντίθεοι

111 1987 150 2034 25
188 1969 364 2054 ἀρίστευον
386 1967 473 2047 υίέες
494 1970 546 2034 υί-

231 2077 295 2166 έῳν
318 2099 337 2141 τ
374 2075 545 2161 ἀρηίφιλοι
569 2118 582 2125 -
605 2077 721 2153 παῖδες
743 2075 865 2164 ἀνορέᾳ

230 2185 369 2268 χάλκεον
391 2181 556 2249 στονόεντ’
585 2223 598 2232 -
622 2181 785 2268 ἀμφέπειν
808 2183 947 2269 ὅμαδον·

230 2291 403 2375 σώφρονές
425 2288 454 2356 τ’
483 2289 636 2374 ἐγένοντο
659 2293 811 2356 πιυυ-τοί
831 2314 867 2356 τε
889 2295 1009 2376 θυμόν.

185 2407 288 2464 ταῦτα
311 2396 546 2484 καὶμακάριον
570 2395 755 2482 ἐμέμναντ’
783 2397 916 2484 ἀγοραί,

99 2515 160 2581 (30)
187 2508 270 2582 Ζεὺς
294 2503 341 2570 ὅτ’
370 2501 454 2588 ἀμφί
479 2502 595 2582 Θέτιος
617 2503 715 2587 ἀγλα-
1347 2527 1381 2576 οδ

230 2615 266 2689 ός
288 2609 316 2676 τ’
344 2614 458 2696 ἔρισαν
481 2612 667 2676 Ποσει-δάν
690 2611 797 2700 γάμῳ,

177 2809 217 2859 17.
233 2805 373 2875 θύγατρες
387 2804 483 2860 Triclz
502 2800 656 2874 θυγατέρες
670 2805 700 2859 D
715 2802 915 2861 -Ἀσωπίδων
929 2805 963 2860 θ’
980 2805 1039 2861 δπλ.
1056 2807 1145 2877 codd,
1161 2805 1195 2862 θ’
1212 2807 1279 2863 eiec.
1295 2809 1381 2864 Pauw

100 2895 195 2946 neque
214 2875 316 2946 legisse
336 2875 468 2930 videntur
486 2875 571 2931 schol.
592 2907 625 2916 -
647 2880 687 2931 18.
707 2873 860 2930 ὁπλόταται
873 2876 970 2932 Tricl:
990 2876 1130 2932 δειλότατα
1145 2880 1174 2933 D
1188 2911 1223 2919 —
1237 2886 1279 2934 20.
1299 2880 1380 2935 ὤκισ-

100 2967 152 3003 σεν
171 2947 268 3004 Triel.:
288 2946 389 3021 ᾤκισεν
403 2948 433 3002 D
451 2980 484 2988 —
505 2954 547 3003 21.
568 2946 661 3017 ἔνεγκε
678 2952 762 3021 κοιμρῖ
777 2967 805 3002 τε
822 2947 892 3002 coni.
907 2949 1050 3004 Hermann
1064 2982 1099 2990 -
1114 2956 1156 3004 23.
1175 2950 1381 3025 βαρυσμαράγῳ

100 3019 175 3074 coni.
195 3019 364 3074 Herwerden
388 3051 420 3060 -
445 3025 487 3074 δέ.
513 3019 652 3086 ἐπείραινε
676 3018 772 3074 Trici:
798 3015 928 3087 ἐπέραινε
952 3021 982 3075 D
1000 3053 1033 3060 —
1058 3027 1100 3077 25.
1121 3019 1261 3077 στονόεντ’
1282 3023 1380 3079 Trici:

99 3089 253 3146 στονόεντα
271 3090 300 3144 τ’
322 3092 352 3146 D
371 3122 404 3131 —
424 3097 466 3145 27.
487 3090 581 3160 ἔρισαν
601 3107 634 3145 ex
653 3089 768 3144 scholiis
786 3090 971 3147 Benedictus:
992 3092 1085 3160 ἔρισας
1103 3092 1133 3146 D
1152 3125 1184 3133 —

176 3241 217 3288 17.
237 3232 352 3302 πατρός·
373 3237 482 3302 patrem
501 3235 634 3304 Asopum,
653 3233 770 3288 fluvium
788 3233 932 3304 Boeotiae,
951 3234 1039 3289 fuisse
1078 3234 1251 3305 atronymioo
1266 3235 1380 3291 nomine

99 3307 224 3360 filiarum
241 3302 397 3360 Ἀσωπίδων
416 3307 500 3375 poeta
519 3305 664 3360 indicavit.
702 3305 789 3375 Asopi
813 3304 936 3375 quinque
955 3306 1028 3360 filias
1079 3306 1135 3360 isse
1152 3305 1243 3360 tradit
1260 3307 1343 3363 Paus.
1362 3327 1380 3360 ν

98 3394 135 3448 ιε,
151 3395 172 3447 e,
190 3377 308 3432 Pindari
326 3375 438 3446 quidem
458 3375 507 3430 ille
526 3375 687 3432 testimonio
706 3393 781 3447 usus,
801 3394 898 3431 verum
916 3395 973 3432 non
990 3378 1052 3446 hoe,
1072 3377 1122 3432 sed
1139 3377 1264 3448 pleniore
1283 3377 1379 3448 aliquo

103 3450 134 3505 lr.
150 3465 198 3504 sao.
232 3449 313 3502 Hunc
331 3447 423 3518 ipsum
441 3447 534 3503 locum
552 3447 667 3518 respicit
691 3447 760 3503 civis
783 3449 878 3504 nescio
902 3449 965 3518 quis
984 3449 1147 3517 Thebanus,
1171 3466 1254 3518 quem
1276 3449 1380 3506 Herod.

98 3541 117 3575 v
136 3536 163 3575 so
183 3520 223 3574 sic
242 3520 450 3574 contionantem
469 3519 551 3574 facit:
573 3518 693 3574 Ἀσωποῦ
711 3517 839 3589 λέγονται
858 3519 993 3590 γενέσθαι
1010 3518 1164 3589 θυγατέρες
1185 3520 1245 3594 &rip
1282 3540 1312 3575 τε
1331 3522 1380 3576 καί

99 3592 200 3661 Αίγινα
227 3595 294 3659 κτλ,
322 3607 494 3660 quemquam
520 3590 691 3659 Herodotus,
718 3609 782 3645 curn
805 3609 864 3647 rem
890 3595 956 3647 ante
979 3593 1054 3647 hanc
1077 3592 1224 3647 victoriam
1246 3541 1380 3646 llleandri

119 3666 211 3718 estam
229 3661 280 3717 illo
299 3661 361 3717 loco
381 3665 516 3732 exponat,
538 3661 580 3716 ita
598 3661 732 3732 loquitur,
751 3668 898 3732 tamquam
917 3667 1011 3718 orator
1029 3663 1084 3718 iste
1101 3666 1196 3718 vetere
1213 3662 1303 3731 fama,
1322 3681 1380 3718 non

98 3683 228 3788 Thebani
248 3733 323 3787 vatis
342 3732 503 3788 testimonio
527 3732 642 3788 nitatur.
680 3735 822 3788 Immerito
846 3737 941 3789 autem
964 3733 1096 3802 Phliasii,
1120 3737 1153 3788 ut
1177 3751 1245 3789 suae
1266 3735 1378 3816 patriae

98 3807 215 3860 laudem
233 3807 377 3876 augerent,
396 3804 523 3859 Thebam
542 3808 571 3859 et
587 3805 726 3876 Aeginam
743 3805 816 3859 filias
835 3805 923 3861 fuisse
941 3805 1088 3861 iactabant
1105 3823 1162 3860 non
1175 3805 1310 3875 Boeot1oi‚
1329 3807 1378 3861 sed

98 3877 144 3932 sui
163 3876 242 3931 fluvii
261 3876 357 3947 Asopi,
376 3893 433 3946 qua
452 3876 486 3930 de
505 3893 534 3930 re
553 3895 578 3930 v.
594 3877 676 3931 Paus.
692 3896 712 3929 11
726 3891 747 3946 ε,
766 3893 778 3930 s
799 3909 830 3917 -
851 3882 892 3931 17.
913 3875 1036 3947 δίδυμαι,
1055 3876 1193 3946 geminae,
1212 3894 1269 3931 non
1287 3877 1378 3931 solum

98 3950 187 4016 duae,
212 3965 267 4017 quo
292 3947 410 4002 arctiore
428 3947 542 4002 vinculo
562 3947 689 4002 Thebani
708 3950 737 4003 et
755 3948 910 4018 Aeginetae
929 3949 1018 4002 teneri
1035 3947 1198 4002 viderentur
1215 3981 1251 3988 —
1269 3953 1312 4003 20.
1332 3969 1377 4018 φι-

98 4019 242 4090 λαρμάτου
261 4017 367 4082 πόλιος·
395 4018 555 4073 Thebarum
574 4018 717 4073 curulibus
736 4019 837 4072 studiis
857 4019 1023 4089 insignium;
1047 4022 1132 4088 atque
1151 4019 1234 4073 multi
1251 4019 1377 4090 profecto

99 4091 236 4160 Thebani,
257 4091 411 4163 Aeginetae
428 4089 500 4144 nulli
520 4089 665 4160 quadrigis
679 4089 780 4144 vicisse
798 4090 926 4144 feruntur
946 4122 975 4130 -
997 4097 1039 4145 21.
1060 4108 1101 4145 σε·
1122 4091 1276 4160 Aeginam
1294 4109 1377 4146 voca·

99 4163 198 4232 tivum,
213 4157 234 4218 ὦ
249 4161 356 4287 Αίρινα,
377 4162 506 4232 supplere
521 4160 701 4216 audientibus
717 4163 746 4215 et
760 4161 918 4230 legentibus
934 4179 966 4216 eo
980 4161 1093 4216 facilius
1111 4162 1275 4232 permittere
1292 4166 1377 4233 poeta

98 4234 200 4306 potuit,
220 4250 275 4316 guo
314 4251 416 4289 nomen
435 4233 545 4287 insulae
564 4233 705 4303 poeticum
722 4231 863 4288 Οἰνοπίαν
881 4232 987 4287 adiecit
1006 4233 1139 4288 etheaei
1159 4236 1279 4287 matrem
1292 4234 1376 4304 Aegi-

97 4323 165 4360 nam
191 4305 278 4360 fursse
303 4305 442 4359 neminem
468 4304 630 4358 latebat-
652 4305 804 4360 Οἰνοπίαν
830 4304 914 4359 metri
940 4321 1025 4358 eausa
1047 4307 1183 4359 novatum
1205 4320 1308 4359 nomen
1325 4323 1376 4375 pro

101 4379 233 4432 Οἰνώναν
248 4409 281 4418 -
297 4383 338 4431 23.
354 4375 563 4450 βαρυσφαράγῳ
576 4373 674 4444 πατρί·
689 4375 757 4444 Iovi,
772 4374 821 4446 qui
835 4377 955 4431 Homero
970 4379 1014 4430 est
1029 4375 1194 4445 ἐρίγδουπος
1208 4378 1237 4430 et
1252 4376 1377 4444 εόρόοπα

100 4481 132 4490 -
153 4454 195 4502 24.
216 4446 378 4518 δαιμόνεσσι
397 4450 478 4511 δίκας
497 4447 650 4516 ἐπείραινε
670 4449 766 4502 lictum
785 4448 838 4503 hoc
853 4465 913 4502 esse
927 4447 1039 4502 videtur
1054 4464 1086 4500 ex
1101 4463 1143 4514 eo,
1162 4447 1237 4516 quod
1252 4448 1376 4502 Aeacum

97 4520 221 4574 indicem
248 4520 324 4590 apud
348 4519 452 4574 inferos
477 4535 537 4573 esse
556 4519 743 4589 perhibebant
765 4522 801 4587 (v.
821 4519 894 4574 Plat.
914 4519 994 4589 Apol.
1013 4535 1067 4587 ιιι,
1093 4517 1175 4588 Gorg.
1194 4521 1275 4588 εεει);
1301 4522 1376 4574 certe

99 4609 170 4661 quas
189 4591 255 4645 lites
274 4591 329 4645 diis
349 4590 555 4660 diiudicarent,
573 4589 646 4644 nihil
660 4589 810 4644 memoriae
825 4590 968 4661 proditum
982 4592 1073 4645 est-
1088 4595 1130 4645 25.
1151 4591 1298 4657 ἀρίστευον
1312 4607 1377 4644 cum

99 4663 174 4717 idem
198 4663 274 4732 quod
298 4663 387 4717 darual
409 4656 481 4732 ἦσαν
500 4661 608 4732 valeat,
634 4678 698 4716 eum
716 4660 855 4716 infinitivo
874 4661 1016 4732 ἀμφέπειν
1033 4661 1162 4716 iunctum
1180 4663 1224 4716 est
1242 4693 1275 4702 —
1294 4661 1375 4730 υἱέες,

99 4734 200 4789 Peleus
219 4734 354 4788 Telamon
376 4733 498 4804 Phocus,
522 4732 606 4789 υἱέων
628 4735 739 4797 παῖδες,
759 4732 885 4787 Achilles
902 4732 975 4787 Aiax
993 4732 1099 4787 Teucer
1120 4765 1151 4773 —
1176 4739 1218 4788 26.
1241 4731 1376 4802 μακάρων

98 4803 211 4877 ἀγοραί·
233 4805 274 4859 dii
292 4805 465 4860 immortales
484 4804 514 4860 in
533 4804 663 4860 contione
681 4804 871 4860 deliberantes
891 4837 925 4845 —
944 4810 986 4859 27.
1006 4804 1080 4875 ἀμφὶ
1101 4804 1198 4869 Θέτιος
1216 4803 1295 4880 γάμῳ
1316 4838 1348 4845 -
