3417 5434
614 311 769 365 OLYMPIA
789 311 836 365 IX.

296 477 468 560 μανίαισιν
489 472 674 559 ὑποκρέκει.
1048 470 1135 538 Ἀντ.
1159 471 1203 557 β’.

217 599 254 647 40
296 582 341 667 μὴ
363 590 429 647 νῦν
450 584 585 665 λαλάγει
608 583 648 646 τά
671 604 737 646 τοι·
1204 597 1238 645 60

344 688 432 754 αὕτ’·
456 692 493 755 ἔα
515 692 661 774 πόλεμον
682 690 792 773 μάχαν
814 712 848 753 τε
871 696 981 753 πᾶσαν

297 795 398 882 χωρίς
420 796 613 862 ἀθανάτων·
637 794 753 883 φέροις
776 793 813 862 δὲ
836 800 1087 881 Πρωτογενείας

297 906 388 970 άστει
410 910 580 989 γλῶσσαν,
603 903 646 970 ἵν’
674 906 894 991 αἰολοβρόντα
917 904 1002 980 Διὸς
1024 909 1102 989 αίσᾳ
1206 920 1239 967 65

298 1013 419 1100 Πύρρα
441 1015 639 1079 Δευκαλίων
660 1036 695 1077 τε
719 1018 902 1099 Παρνασοῦ
925 1010 1107 1096 καταβάντε

298 1121 403 1205 δόμον
425 1123 544 1186 ἔθεντο
565 1131 714 1207 πρῶτον,
737 1121 814 1204 άτερ
838 1117 868 1183 δ’
896 1118 995 1195 εὐνᾶς
1018 1118 1188 1203 ὁμόδαμον

219 1243 253 1290 45
297 1228 506 1294 κτισσάσθαν
527 1230 664 1293 λίθινον
687 1229 804 1310 μόνον·
1208 1241 1240 1290 70

299 1332 384 1399 Λαοί
408 1333 438 1399 d'
465 1335 667 1419 ὀνύμασθεν.

300 1440 397 1526 ἔγειρ’
425 1440 531 1507 ἐντέων
553 1458 636 1526 σφιν
659 1436 781 1526 οί-μον
804 1442 918 1524 λιγύν,

298 1554 383 1613 αἴνει
407 1545 444 1613 dl
466 1554 583 1614 παλαι·
607 1550 646 1614 ὸν
668 1544 730 1633 μὲν
752 1543 861 1632 οἶνον,
885 1551 992 1615 άνθεα
1015 1548 1044 1613 δ’
1072 1548 1188 1632 ὕμνων

297 1745 477 1832 νεωτέρων.
523 1744 654 1829 λέγοντι
677 1746 744 1830 μάν
1033 1744 1103 1811 Ἐκ.
1126 1744 1169 1829 β’.
1207 1762 1240 1810 75

216 1871 251 1917 σο
297 1856 406 1937 χθόνα
428 1850 489 1938 μὲν
510 1855 713 1919 κατακλύσαι
736 1852 898 1938 μέλαιναν

296 1960 419 2037 ὑδατος
441 1959 578 2045 σθένος,
600 1959 684 2026 άλλδι

156 2160 200 2209 42.
225 2158 364 2223 pinosus:
387 2158 502 2209 Μοῖσαν
525 2154 596 2209 coni.
616 2154 726 2209 Heclrer
744 2152 807 2207 coll.
827 2152 862 2207 N.
877 2172 909 2205 111
923 2169 949 2207 ss
969 2186 1001 2193 -
1027 2159 1068 2207 4³.
1094 2157 1237 2221 Παρνασσ.
1259 2154 1316 2209 ΑΟ
1332 2187 1364 2194 -
1415 2160 1416 2163 ’

91 2225 261 2350 νατερςάντες
274 2228 302 2281 A
321 2257 355 2265 -
374 2231 416 2280 45.
437 2222 612 2281 ντίσσασθαν
624 2226 791 2280 Mommsen:
807 2223 967 2279 κτισάσθαν
982 2226 1017 2293 Α,
1032 2224 1314 2351 κτησάσθανὲ-σθην
1333 2226 1367 2294 O)

92 2298 156 2421 fil}
175 2330 228 2422 k-
246 2303 289 2351 46.
313 2295 390 2367 όνὺμ.
410 2297 518 2367 ΑΒΠ,
541 2298 627 2368 ὠνύμ.
648 2297 672 2353 0
691 2328 725 2337 -
749 2302 792 2352 47.
817 2293 990 2365 opinando
1011 2330 1043 2337 -
1068 2292 1164 2367 οἴμους
1189 2318 1204 2352 ο
1224 2317 1275 2367 ρον
1294 2297 1365 2353 coni.

105 2386 264 2423 eme—

157 2498 199 2547 39.
211 2491 371 2563 ὑποκρέκει·
385 2494 471 2549 schol.
482 2502 634 2564 συμφωνεῖ,
644 2490 705 2548 olon
716 2489 863 2563 ἐνδόσιμόν
874 2492 959 2546 ἐστιν·
975 2490 1112 2561 πρότερον
1121 2493 1175 2564 γὰρ
1185 2500 1234 2563 τῆς
1243 2494 1367 2564 κιθάρας

96 2564 268 2635 ίκαφόμενσι
281 2565 476 2635 ὑκοκρίκουσι,
491 2566 587 2620 ἔπειτα
603 2563 635 2619 δὲ
650 2563 743 2620 τέλεον
757 2560 962 2633 κιθαρίζουσιν,
977 2566 1009 2617 ut
1023 2564 1113 2618 fastus
1129 2564 1264 2619 orationis
1279 2566 1367 2620 furori

95 2636 192 2691 mentis
210 2637 375 2708 praeludere
394 2636 512 2691 dicatur.
550 2637 644 2691 Minus
662 2637 735 2691 hene
752 2635 898 2691 Disaenius
918 2635 953 2690 de
972 2634 1082 2690 cithara
1100 2636 1162 2691 roci
1181 2638 1367 2708 respondente

98 2708 290 2790 interpretatur
304 2708 416 2763 collatis
430 2708 523 2763 verbis
542 2708 672 2782 ὑπᾴδειν,
691 2708 836 2774 ὑπαυλελν,
855 2708 974 2777 ὑπηχεῖν
993 2738 1027 2747 -
1046 2713 1089 2763 41.
1108 2709 1191 2777 χωρίς
1207 2725 1270 2763 cum
1285 2726 1302 2762 a
1317 2725 1367 2763 eno

97 2796 201 2834 nomme
220 2779 377 2835 ἀθανάτων
394 2779 443 2833 vix
461 2779 561 2834 divelli
577 2779 676 2850 possit,
696 2778 879 2849 interpretor:
899 2795 1010 2833 remove
1029 2796 1139 2849 pugnas
1154 2797 1172 2834 a
1187 2779 1241 2834 diis
1256 2779 1367 2834 immor-

98 2850 204 2905 talibus.
240 2851 318 2905 Haec
342 2854 436 2906 autem
460 2869 479 2906 a
501 2851 624 2905 Pindaro
648 2851 747 2905 contra
768 2850 940 2920 Aeschylum
964 2851 1079 2905 deorum
1101 2851 1178 2905 rixas
1201 2850 1231 2905 in
1255 2868 1367 2907 socnam

97 2921 1367 3049 beleth?lttlttzldffpissllltlhl·lile⁸⁷⁰³tt⁰ttt⁸¹¹2pitl⁸

136 3037 141 3046 .
806 3037 811 3047 .
937 3036 942 3047 ι
1017 3036 1023 3047 ι
1056 3022 1061 3048 l
1110 3019 1116 3050 :
1355 3028 1367 3036 ·

99 3066 166 3118 δειον
184 3067 217 3121 rt
236 3064 374 3134 ταράττον
394 3068 431 3128 ὡς
451 3066 518 3120 θεοί
537 3012 792 3135 θεοῑςΡπολεμοῦσί
807 3084 837 3119 τε
857 3066 905 3119 καλ
916 3012 1136 3137 Ιίττιβύὺλεὺουσι
1155 3067 1204 3120 καί
1222 3016 1366 3136 ὑάχοντοίι.

160 3144 191 3191 41
208 3155 243 3193 ss.
264 3137 392 3193 fabulam
411 3137 598 3208 Protogeniae
616 3136 786 3191 narrandam
805 3136 861 3190 sibi
879 3136 1010 3207 proponit
1036 3168 1069 3177 -
1095 3142 1138 3192 40.
1159 3136 1369 3209 Πρωτογενείας

100 3206 178 3261 ἄστει·
193 3208 379 3278 Protogeniae
393 3208 553 3275 maiorisue,
567 3207 643 3263 filiae
653 3206 833 3263 Deucalionis
848 3210 878 3263 et
892 3207 1015 3276 Pyrrhae
1033 3211 1068 3273 (ν.
1080 3208 1165 3264 schol.
1176 3209 1212 3272 ad
1223 3228 1267 3264 vv.
1278 3226 1312 3263 ss.
1324 3214 1367 3279 es),

103 3294 132 3330 au
145 3279 265 3347 minoris,
279 3280 356 3335 filias
370 3280 491 3351 Opuntis
504 3279 588 3350 regis,
603 3279 661 3334 iarn
674 3282 784 3334 veteres
798 3278 978 3349 grammatici
992 3278 1177 3350 ambigebant
1196 3313 1228 3320 -
1249 3287 1291 3335 42.
1306 3279 1367 3335 ίνα·

101 3348 190 3405 Strabo
207 3372 236 3405 11
254 3371 280 3422 p.
295 3368 343 3421 sas,
363 3350 566 3421 Apollodorum
589 3354 624 3420 (v.
641 3350 727 3406 schol.
742 3352 779 3404 ad
797 3370 824 3406 v.
839 3354 875 3420 os)
895 3354 1021 3419 secutus,
1047 3368 1103 3407 uon
1121 3352 1150 3405 in
1169 3351 1237 3406 urbe
1257 3352 1369 3420 Opunte

100 3419 161 3488 ipss,
170 3424 219 3477 sed
232 3423 262 3476 in
276 3423 337 3477 sius
387 3426 434 3477 rtu
443 3423 528 3496 Κάνῳ
536 3422 738 3478 Deucalionem
748 3422 893 3476 habitasse
908 3426 938 3477 et
951 3422 1110 3493 sepulcrum
1118 3423 1242 3492 Pyr'rhae
1257 3424 1367 3478 ostendi

101 3494 218 3547 tradit—
228 3494 425 3566 αίολοβραντα·
441 3498 597 3549 memoratu
606 3494 724 3564 dignum
733 3497 777 3547 est
785 3493 894 3549 fulmen
904 3494 1016 3565 signum
1030 3494 1108 3549 urbis
1120 3495 1271 3550 Locrorum
1281 3495 1368 3550 fuisse

103 3594 128 3601 —
145 3570 183 3621 46.
208 3563 292 3621 Λαοί·
322 3566 357 3621 de
384 3565 439 3621 hac
465 3583 534 3621 voce
561 3564 661 3621 fabula
686 3565 833 3619 hominum
861 3582 894 3619 ex
922 3566 1065 3636 lapidibus
1095 3584 1112 3620 a
1140 3566 1311 3622 Deucalione
1340 3570 1368 3623 et

103 3633 198 3702 Pyrrha
215 3638 354 3693 factorum
373 3640 443 3693 nata
461 3640 516 3704 est3
536 3640 580 3692 est
597 3637 673 3706 euim
689 3636 888 3708 proculdubio
903 3638 1001 3691 fabula
1016 3638 1205 3709 etymologica
1220 3655 1254 3693 ex
1269 3638 1367 3694 simili-

103 3706 186 3763 tudine
203 3708 405 3764 rocabrdorum
423 3710 486 3765 λαοί
504 3712 534 3765 et
552 3714 616 3772 λᾰες
634 3711 704 3764 orte.
735 3708 838 3763 Incerti
857 3709 980 3763 auctoris
999 3726 1095 3764 sersus
1115 3709 1144 3763 in
1163 3709 1278 3764 scholiis
1298 3710 1367 3764 cita-

103 3783 150 3832 tur:
167 3780 196 3833 ίν
214 3781 245 3835 δὲ
264 3778 356 3836 λίθων
374 3776 503 3850 ἐγίνοντο
521 3778 625 3855 βροτοί,
644 3781 707 3834 λαοί
726 3778 757 3833 δὲ
776 3784 911 3835 καλεῦντο
940 3814 973 3821 -
1002 3786 1044 3835 λθ.
1069 3780 1168 3837 schol:
1188 3783 1269 3836 donet
1285 3790 1367 3836 τοῦτο

105 3848 162 3914 πρὸς
177 3852 207 3906 rb
227 3850 414 3922 Σιμωνίδειον
434 3853 578 3921 είρῆσθαι·
598 3852 659 3907 ἐκεί
678 3851 784 3914 ἐκεῖνος
803 3852 971 3914 ἐλαττωθείς
990 3851 1045 3907 ὑπὸ
1063 3851 1211 3921 Πινδάρου
1226 3850 1367 3920 λοιδορίας

103 3918 194 3998 {rocoa
212 3924 285 3978 κατὰ
308 3932 359 3977 τοῦ
382 3926 532 3992 κρίναντος
555 3924 687 3995 [ἀγαθῶν
710 3922 816 3994 ddunt·
843 3922 903 3977 ἐπεὶ
928 3924 963 3992 δὴ
991 3923 1097 3987 ἐκεῖνος
1115 3919 1204 3978 εἶπεν·
1232 3922 1366 3994 ἐξελέγχει

105 3992 181 4056 evag
198 3990 282 4062 σίνος,
301 3996 336 4049 οὑ
349 3995 382 4049 τὸ
400 3992 500 4063 κέρνσι
518 3998 610 4061 δῶρον
626 3993 762 4064 άμκίλον·
783 3992 844 4049 ddi
860 3999 951 4063 μῦθος
965 3993 1013 4049 ὅδε
1028 3993 1202 4064 κενεόφρων·
1223 3995 1271 4049 διὰ
1284 4004 1367 4051 τοῦτο

107 4059 262 4134 lutosaque
281 4066 393 4121 ἐκαινετ
408 4068 530 4121 παλαιὸν
549 4063 636 4121 οἶνον.
665 4065 735 4120 Cum
752 4065 840 4135 igitur
859 4066 1016 4121 Simonides
1036 4068 1163 4136 ineptum
1181 4066 1299 4121 dixisset
1318 4066 1366 4136 qui

106 4150 165 4258 ἓρῐμ
174 4138 245 4263 ιμὲμο
263 4141 346 4193 vetus
364 4139 465 4264 rimnpJ
479 4138 567 4263 vincli).
579 4140 705 4263 pptarelp
729 4137 869 4262 {ippotae
888 4141 977 4263 scetppp1
989 4156 1017 4193 ee
1036 4138 1153 4229 laudare
1171 4138 1366 4264 viuumddppit,

36 4247 37 4252 ι
159 4224 175 4261 a
222 4227 269 4264 am
291 4226 402 4264 novam.
466 4228 514 4264 um
559 4228 589 4263 in
609 4227 658 4263 aro
694 4226 736 4262 ecr
800 4225 910 4263 omerus
979 4227 1085 4267 ‚roan
1113 4230 1165 4264 τν
1205 4230 1224 4263 α
1286 4230 1301 4264 ο
1352 4232 1368 4265 ν

36 4325 37 4328 ,
107 4280 193 4354 μαλλον
218 4278 387 4337 ἐκικλείοοσ’
413 4281 574 4349 ἄνθρωποι,
598 4285 602 4350 l
625 4280 684 4351 ἥτις
712 4277 894 4335 ἀκουόντεσσι
919 4280 1042 4351 νεωτάτη
1071 4230 1274 4351 ὑμφίπέίητίει,
1304 4230 1367 4335 culn

108 4344 232 4407 Simonide
250 4356 351 4407 auctor
367 4352 478 4423 prologi
493 4352 624 4409 Carinae:
644 4355 693 4422 qni
710 4359 829 4406 utuntur
845 4354 911 4407 vino
928 4360 1013 4407 vetere
1030 4356 1165 4421 sopientes
1179 4360 1258 4423 poto,
1276 4360 1301 4407 et
1320 4356 1368 4435 ραν

109 4418 210 4479 istem
225 4432 325 4479 vetera
341 4432 465 4494 νμαοίακλ
481 4426 600 4489 subustos.
629 4423 685 4479 Sed
703 4422 848 4491 quaeritur
865 4422 930 4488 iam,
945 4440 1030 4491 quarn
1044 4423 1173 4479 fabulam
1186 4441 1287 4478 novam
1303 4424 1366 4477 Prn-

108 4487 177 4545 δοται
196 4494 250 4549 hoc
274 4495 335 4550 loco
356 4494 519 4565 protulerit;
543 4500 628 4564 atque
652 4492 782 4562 equidem
805 4510 840 4547 ea
862 4493 1010 4563 intellego,
1030 4512 1103 4563 quae
1129 4494 1186 4548 iam
1205 4495 1239 4549 de
1259 4495 1365 4549 diluvio

108 4568 187 4618 snat
202 4568 313 4635 (ro-⁵³),
332 4584 404 4635 quae
418 4571 515 4622 vetera
533 4570 563 4621 et
580 4568 733 4621 decantata
752 4564 833 4619 nobis
851 4564 965 4633 quidem
985 4566 1076 4637 magis
1095 4584 1180 4635 quam
1199 4566 1366 4635 aequalibus

110 4628 202 4691 Pindari
224 4637 370 4706 ridentum
396 4641 524 4693 atcerte
551 4655 626 4693 nova
651 4639 730 4705 sunt,
759 4654 832 4706 quae
854 4654 873 4689 a
896 4636 1002 4692 diluvio
1029 4640 1058 4693 et
1083 4636 1255 4693 Deucalione
1281 4641 1366 4707 atque

111 4700 196 4768 Pyrrha
218 4707 363 4779 profectus
386 4710 420 4763 de
444 4710 552 4779 origiue
574 4709 670 4781 regiae
693 4706 787 4792 gentis
812 4709 962 4763 Locrorum
981 4712 1082 4778 (τι-το)
1101 4714 1130 4764 et
1150 4708 1297 4779 splendore
1315 4726 1365 4779 po-

112 4774 156 4839 puh'
170 4778 320 4835 locrorum
337 4780 373 4835 ab
392 4781 502 4851 Opunte
521 4798 588 4852 rege
605 4783 773 4837 reauacrtato
791 4780 898 4849 profert
917 4812 950 4821 —
