<?xml version="1.0" encoding="UTF-8"?>
<!DOCTYPE html PUBLIC "-//W3C//DTD XHTML 1.0 Transitional//EN"
    "http://www.w3.org/TR/xhtml1/DTD/xhtml1-transitional.dtd">
<html xmlns="http://www.w3.org/1999/xhtml" xml:lang="en" lang="en">
 <head>
  <title>
</title>
<meta http-equiv="Content-Type" content="text/html;charset=utf-8" />
  <meta name='ocr-system' content='tesseract 3.04.00' />
  <meta name='ocr-capabilities' content='ocr_page ocr_carea ocr_par ocr_line ocrx_word'/>
</head>
<body>
  <div class='ocr_page' id='page_1' title='image "./pindaricarminap01chrigoog_0220.png"; bbox 0 0 3417 5434; ppageno 0'>
   <div class='ocr_carea' id='block_1_1' title="bbox 822 340 1156 393">
    <p class='ocr_par' dir='ltr' id='par_1_1' title="bbox 822 340 1156 393">
     <span class='ocr_line' id='line_1_1' title="bbox 822 340 1156 393; baseline 0.003 -1"><span class='ocrx_word' id='word_1_1' title='bbox 822 342 971 393; x_wconf 81' lang='lat' dir='ltr'>PINDARI</span> <span class='ocrx_word' id='word_1_2' title='bbox 989 340 1156 393; x_wconf 82' lang='lat' dir='ltr'><strong>EPlNlCIA.</strong></span> 
     </span>
    </p>
   </div>
   <div class='ocr_carea' id='block_1_2' title="bbox 432 498 1492 1340">
    <p class='ocr_par' dir='ltr' id='par_1_2' title="bbox 432 498 1492 1340">
     <span class='ocr_line' id='line_1_2' title="bbox 515 498 1492 591; baseline -0.007 -21"><span class='ocrx_word' id='word_1_3' title='bbox 515 504 533 569; x_wconf 84' lang='grc' dir='ltr'>ὁ</span> <span class='ocrx_word' id='word_1_4' title='bbox 557 503 586 569; x_wconf 90' lang='grc' dir='ltr'><strong>δ’</strong></span> <span class='ocrx_word' id='word_1_5' title='bbox 615 503 665 588; x_wconf 73' lang='grc' dir='ltr'><strong><em>ἱέρ’</em></strong></span> <span class='ocrx_word' id='word_1_6' title='bbox 694 504 730 569; x_wconf 82' lang='grc' dir='ltr'><strong><em>ἐν</em></strong></span> <span class='ocrx_word' id='word_1_7' title='bbox 753 508 845 591; x_wconf 79' lang='grc' dir='ltr'><strong><em>Πίσα</em></strong></span> <span class='ocrx_word' id='word_1_8' title='bbox 870 506 981 579; x_wconf 86' lang='grc' dir='ltr'><strong><em>έλσαις</em></strong></span> <span class='ocrx_word' id='word_1_9' title='bbox 1004 504 1083 569; x_wconf 84' lang='grc' dir='ltr'><strong><em>ὅλον</em></strong></span> <span class='ocrx_word' id='word_1_10' title='bbox 1107 524 1140 566; x_wconf 94' lang='grc' dir='ltr'><strong>τε</strong></span> <span class='ocrx_word' id='word_1_11' title='bbox 1164 501 1307 587; x_wconf 90' lang='grc' dir='ltr'><strong><em>στρατὸν</em></strong></span> <span class='ocrx_word' id='word_1_12' title='bbox 1353 504 1430 585; x_wconf 88' lang='grc' dir='ltr'><strong><em>Στρ.</em></strong></span> <span class='ocrx_word' id='word_1_13' title='bbox 1453 498 1492 582; x_wconf 84' lang='grc' dir='ltr'><strong>γ’.</strong></span> 
     </span>
     <span class='ocr_line' id='line_1_3' title="bbox 513 612 1068 694; baseline -0.004 -18"><span class='ocrx_word' id='word_1_14' title='bbox 513 614 611 676; x_wconf 83' lang='grc' dir='ltr'><strong><em>λαίαν</em></strong></span> <span class='ocrx_word' id='word_1_15' title='bbox 633 634 668 676; x_wconf 86' lang='grc' dir='ltr'><strong>τε</strong></span> <span class='ocrx_word' id='word_1_16' title='bbox 690 619 802 676; x_wconf 89' lang='grc' dir='ltr'><strong><em>πᾶσαν</em></strong></span> <span class='ocrx_word' id='word_1_17' title='bbox 823 612 909 687; x_wconf 85' lang='grc' dir='ltr'><strong><em>Διὸς</em></strong></span> <span class='ocrx_word' id='word_1_18' title='bbox 932 612 1068 694; x_wconf 81' lang='grc' dir='ltr'><strong><em>ἄλκιμος</em></strong></span> 
     </span>
     <span class='ocr_line' id='line_1_4' title="bbox 432 718 1049 804; baseline 0 -22"><span class='ocrx_word' id='word_1_19' title='bbox 432 736 466 783; x_wconf 80' lang='lat'><strong>46</strong></span> <span class='ocrx_word' id='word_1_20' title='bbox 512 720 586 795; x_wconf 79' lang='grc' dir='ltr'><strong><em>υίὸς</em></strong></span> <span class='ocrx_word' id='word_1_21' title='bbox 610 726 781 804; x_wconf 78' lang='grc' dir='ltr'><strong><em>σταθμᾶτο</em></strong></span> <span class='ocrx_word' id='word_1_22' title='bbox 807 719 926 797; x_wconf 79' lang='grc' dir='ltr'><strong><em>ζάθεον</em></strong></span> <span class='ocrx_word' id='word_1_23' title='bbox 949 718 1049 793; x_wconf 86' lang='grc' dir='ltr'><strong><em>άλσος</em></strong></span> 
     </span>
     <span class='ocr_line' id='line_1_5' title="bbox 567 820 1108 913; baseline -0.004 -22"><span class='ocrx_word' id='word_1_24' title='bbox 567 824 667 911; x_wconf 81' lang='grc' dir='ltr'><strong><em>πατρὶ</em></strong></span> <span class='ocrx_word' id='word_1_25' title='bbox 690 828 842 913; x_wconf 79' lang='grc' dir='ltr'><strong><em>μεγίστῳ.</em></strong></span> <span class='ocrx_word' id='word_1_26' title='bbox 888 822 964 910; x_wconf 78' lang='grc' dir='ltr'><strong><em>περὶ</em></strong></span> <span class='ocrx_word' id='word_1_27' title='bbox 988 820 1024 889; x_wconf 67' lang='grc' dir='ltr'><strong>δὲ</strong></span> <span class='ocrx_word' id='word_1_28' title='bbox 1047 824 1108 889; x_wconf 89' lang='grc' dir='ltr'><strong>πά-</strong></span> 
     </span>
     <span class='ocr_line' id='line_1_6' title="bbox 566 929 1150 1019; baseline -0.003 -21"><span class='ocrx_word' id='word_1_29' title='bbox 566 930 767 1011; x_wconf 57' lang='lat' dir='ltr'><strong>torrueris</strong></span> <span class='ocrx_word' id='word_1_30' title='bbox 789 929 850 1017; x_wconf 77' lang='grc' dir='ltr'><strong><em>μὲν</em></strong></span> <span class='ocrx_word' id='word_1_31' title='bbox 874 930 923 1014; x_wconf 86' lang='grc' dir='ltr'><strong>ὅγ’</strong></span> <span class='ocrx_word' id='word_1_32' title='bbox 952 930 988 997; x_wconf 80' lang='grc' dir='ltr'><strong><em>ἐν</em></strong></span> <span class='ocrx_word' id='word_1_33' title='bbox 1011 937 1150 1019; x_wconf 75' lang='grc' dir='ltr'><strong><em>καθαρῷ</em></strong></span> 
     </span>
     <span class='ocr_line' id='line_1_7' title="bbox 515 1036 1058 1127; baseline -0.004 -22"><span class='ocrx_word' id='word_1_34' title='bbox 515 1038 676 1126; x_wconf 85' lang='grc' dir='ltr'><strong><em>διέκρινε,</em></strong></span> <span class='ocrx_word' id='word_1_35' title='bbox 700 1042 737 1105; x_wconf 91' lang='grc' dir='ltr'><strong>τὸ</strong></span> <span class='ocrx_word' id='word_1_36' title='bbox 762 1036 798 1105; x_wconf 76' lang='grc' dir='ltr'><strong>δὲ</strong></span> <span class='ocrx_word' id='word_1_37' title='bbox 821 1040 932 1127; x_wconf 88' lang='grc' dir='ltr'><strong><em>κύκλῳ</em></strong></span> <span class='ocrx_word' id='word_1_38' title='bbox 955 1038 1058 1104; x_wconf 85' lang='grc' dir='ltr'><strong><em>πέδον</em></strong></span> 
     </span>
     <span class='ocr_line' id='line_1_8' title="bbox 514 1147 902 1233; baseline -0.003 -21"><span class='ocrx_word' id='word_1_39' title='bbox 514 1151 614 1231; x_wconf 80' lang='grc' dir='ltr'><strong><em>ἔθηκε</em></strong></span> <span class='ocrx_word' id='word_1_40' title='bbox 637 1148 766 1233; x_wconf 91' lang='grc' dir='ltr'><strong><em>δόρπου</em></strong></span> <span class='ocrx_word' id='word_1_41' title='bbox 790 1147 902 1230; x_wconf 85' lang='grc' dir='ltr'><strong><em>λύσιν,</em></strong></span> 
     </span>
     <span class='ocr_line' id='line_1_9' title="bbox 514 1252 956 1340; baseline -0.002 -20"><span class='ocrx_word' id='word_1_42' title='bbox 514 1256 666 1339; x_wconf 82' lang='grc' dir='ltr'><strong><em>τιμάσαις</em></strong></span> <span class='ocrx_word' id='word_1_43' title='bbox 687 1257 794 1340; x_wconf 91' lang='grc' dir='ltr'><strong><em>πόρον</em></strong></span> <span class='ocrx_word' id='word_1_44' title='bbox 814 1252 956 1338; x_wconf 80' lang='grc' dir='ltr'><strong><em>Ἀλφεοῦ</em></strong></span> 
     </span>
    </p>
   </div>
   <div class='ocr_carea' id='block_1_3' title="bbox 435 1462 1535 1769">
    <p class='ocr_par' dir='ltr' id='par_1_3' title="bbox 435 1462 1535 1769">
     <span class='ocr_line' id='line_1_10' title="bbox 513 1462 1472 1554; baseline -0.006 -20"><span class='ocrx_word' id='word_1_45' title='bbox 513 1471 594 1554; x_wconf 86' lang='grc' dir='ltr'><strong><em>μετὰ</em></strong></span> <span class='ocrx_word' id='word_1_46' title='bbox 617 1466 735 1533; x_wconf 84' lang='grc' dir='ltr'><strong><em>δώδεκ’</em></strong></span> <span class='ocrx_word' id='word_1_47' title='bbox 761 1468 914 1534; x_wconf 80' lang='grc' dir='ltr'><strong><em>ἀνάκτων</em></strong></span> <span class='ocrx_word' id='word_1_48' title='bbox 936 1474 1042 1533; x_wconf 87' lang='grc' dir='ltr'><strong><em>θεῶν·</em></strong></span> <span class='ocrx_word' id='word_1_49' title='bbox 1065 1464 1120 1531; x_wconf 82' lang='grc' dir='ltr'><strong>καὶ</strong></span> <span class='ocrx_word' id='word_1_50' title='bbox 1142 1466 1251 1548; x_wconf 90' lang='grc' dir='ltr'><strong><em>πάγον</em></strong></span> <span class='ocrx_word' id='word_1_51' title='bbox 1326 1462 1409 1531; x_wconf 83' lang='grc' dir='ltr'><strong><em>Ἀντ.</em></strong></span> <span class='ocrx_word' id='word_1_52' title='bbox 1432 1462 1472 1547; x_wconf 90' lang='grc' dir='ltr'><strong>γ’.</strong></span> 
     </span>
     <span class='ocr_line' id='line_1_11' title="bbox 435 1573 1535 1662; baseline -0.006 -20"><span class='ocrx_word' id='word_1_53' title='bbox 435 1594 469 1641; x_wconf 81' lang='lat'><strong>50</strong></span> <span class='ocrx_word' id='word_1_54' title='bbox 515 1580 651 1662; x_wconf 86' lang='grc' dir='ltr'><strong><em>Κρόνου</em></strong></span> <span class='ocrx_word' id='word_1_55' title='bbox 673 1574 959 1661; x_wconf 86' lang='grc' dir='ltr'><strong><em>προσεφθέγξατο·</em></strong></span> <span class='ocrx_word' id='word_1_56' title='bbox 982 1576 1111 1657; x_wconf 78' lang='grc' dir='ltr'><strong><em>πρόσθε</em></strong></span> <span class='ocrx_word' id='word_1_57' title='bbox 1133 1573 1196 1659; x_wconf 82' lang='grc' dir='ltr'><strong><em>γάρ</em></strong></span> <span class='ocrx_word' id='word_1_58' title='bbox 1506 1588 1535 1635; x_wconf 82' lang='grc' dir='ltr'><strong>σο</strong></span> 
     </span>
     <span class='ocr_line' id='line_1_12' title="bbox 515 1677 1076 1769; baseline -0.005 -19"><span class='ocrx_word' id='word_1_59' title='bbox 515 1685 705 1769; x_wconf 79' lang='grc' dir='ltr'><strong><em>νώνυμνος,</em></strong></span> <span class='ocrx_word' id='word_1_60' title='bbox 730 1678 768 1760; x_wconf 89' lang='grc' dir='ltr'><strong><em>ἇς</em></strong></span> <span class='ocrx_word' id='word_1_61' title='bbox 792 1684 960 1767; x_wconf 81' lang='grc' dir='ltr'><strong><em>Οἰνόμαος</em></strong></span> <span class='ocrx_word' id='word_1_62' title='bbox 982 1677 1076 1768; x_wconf 84' lang='grc' dir='ltr'><strong><em>ἆρχε,</em></strong></span> 
     </span>
    </p>
   </div>
   <div class='ocr_carea' id='block_1_4' title="bbox 514 1790 1151 2303">
    <p class='ocr_par' dir='ltr' id='par_1_4' title="bbox 569 1790 1084 1877">
     <span class='ocr_line' id='line_1_13' title="bbox 569 1790 1084 1877; baseline -0.002 -22"><span class='ocrx_word' id='word_1_63' title='bbox 569 1790 703 1877; x_wconf 80' lang='grc' dir='ltr'><strong><em>βρέχετο</em></strong></span> <span class='ocrx_word' id='word_1_64' title='bbox 726 1796 833 1877; x_wconf 82' lang='grc' dir='ltr'><strong><em>πολλᾷ</em></strong></span> <span class='ocrx_word' id='word_1_65' title='bbox 854 1790 983 1875; x_wconf 90' lang='grc' dir='ltr'><strong><em>νιφάδι.</em></strong></span> <span class='ocrx_word' id='word_1_66' title='bbox 1006 1790 1084 1854; x_wconf 90' lang='grc' dir='ltr'><strong><em>ταύ-</em></strong></span> 
     </span>
    </p>

    <p class='ocr_par' dir='ltr' id='par_1_5' title="bbox 514 1896 1151 2303">
     <span class='ocr_line' id='line_1_14' title="bbox 567 1896 1087 1986; baseline -0.006 -23"><span class='ocrx_word' id='word_1_67' title='bbox 567 1923 609 1986; x_wconf 81' lang='grc' dir='ltr'><strong>τᾳ</strong></span> <span class='ocrx_word' id='word_1_68' title='bbox 632 1896 664 1962; x_wconf 89' lang='grc' dir='ltr'><strong>δ’</strong></span> <span class='ocrx_word' id='word_1_69' title='bbox 690 1898 727 1963; x_wconf 79' lang='grc' dir='ltr'><strong><em>ἐν</em></strong></span> <span class='ocrx_word' id='word_1_70' title='bbox 749 1900 951 1985; x_wconf 77' lang='grc' dir='ltr'><strong><em>πρωτογόνῳ</em></strong></span> <span class='ocrx_word' id='word_1_71' title='bbox 974 1902 1087 1984; x_wconf 77' lang='grc' dir='ltr'><strong><em>τελετᾷ</em></strong></span> 
     </span>
     <span class='ocr_line' id='line_1_15' title="bbox 515 2002 1151 2092; baseline -0.003 -21"><span class='ocrx_word' id='word_1_72' title='bbox 515 2004 684 2092; x_wconf 83' lang='grc' dir='ltr'><strong><em>παρέσταν</em></strong></span> <span class='ocrx_word' id='word_1_73' title='bbox 706 2002 767 2090; x_wconf 73' lang='grc' dir='ltr'><strong><em>μὲν</em></strong></span> <span class='ocrx_word' id='word_1_74' title='bbox 790 2007 855 2090; x_wconf 86' lang='grc' dir='ltr'><strong>άρα</strong></span> <span class='ocrx_word' id='word_1_75' title='bbox 878 2010 1007 2090; x_wconf 84' lang='grc' dir='ltr'><strong><em>Μοῖραι</em></strong></span> <span class='ocrx_word' id='word_1_76' title='bbox 1031 2005 1151 2088; x_wconf 83' lang='grc' dir='ltr'><strong><em>σχεδὸν</em></strong></span> 
     </span>
     <span class='ocr_line' id='line_1_16' title="bbox 514 2108 914 2195; baseline 0 -20"><span class='ocrx_word' id='word_1_77' title='bbox 514 2112 532 2175; x_wconf 84' lang='grc' dir='ltr'>ὅ</span> <span class='ocrx_word' id='word_1_78' title='bbox 556 2109 584 2176; x_wconf 86' lang='grc' dir='ltr'><strong>τ’</strong></span> <span class='ocrx_word' id='word_1_79' title='bbox 612 2108 789 2194; x_wconf 82' lang='grc' dir='ltr'><strong><em>ἐξελέγχων</em></strong></span> <span class='ocrx_word' id='word_1_80' title='bbox 811 2113 914 2195; x_wconf 89' lang='grc' dir='ltr'><strong><em>μόνος</em></strong></span> 
     </span>
     <span class='ocr_line' id='line_1_17' title="bbox 515 2217 864 2303; baseline -0.003 -19"><span class='ocrx_word' id='word_1_81' title='bbox 515 2219 678 2284; x_wconf 82' lang='grc' dir='ltr'><strong><em>ἀλάθειαν</em></strong></span> <span class='ocrx_word' id='word_1_82' title='bbox 700 2217 864 2303; x_wconf 81' lang='grc' dir='ltr'><strong><em>ἐτήτυμον</em></strong></span> 
     </span>
    </p>
   </div>
   <div class='ocr_carea' id='block_1_5' title="bbox 436 2429 1476 2731">
    <p class='ocr_par' dir='ltr' id='par_1_6' title="bbox 436 2429 1476 2731">
     <span class='ocr_line' id='line_1_18' title="bbox 436 2429 1476 2520; baseline -0.002 -21"><span class='ocrx_word' id='word_1_83' title='bbox 436 2452 470 2499; x_wconf 82' lang='lat'><strong>55</strong></span> <span class='ocrx_word' id='word_1_84' title='bbox 516 2436 652 2520; x_wconf 82' lang='grc' dir='ltr'><strong><em>Χρόνος.</em></strong></span> <span class='ocrx_word' id='word_1_85' title='bbox 697 2433 735 2497; x_wconf 89' lang='grc' dir='ltr'><strong>τὸ</strong></span> <span class='ocrx_word' id='word_1_86' title='bbox 759 2429 796 2497; x_wconf 69' lang='grc' dir='ltr'><strong>δὲ</strong></span> <span class='ocrx_word' id='word_1_87' title='bbox 819 2429 967 2518; x_wconf 75' lang='grc' dir='ltr'><strong><em>σαφανὲς</em></strong></span> <span class='ocrx_word' id='word_1_88' title='bbox 994 2433 1054 2497; x_wconf 87' lang='grc' dir='ltr'><strong><em>ι’ὼν</em></strong></span> <span class='ocrx_word' id='word_1_89' title='bbox 1341 2431 1409 2499; x_wconf 86' lang='grc' dir='ltr'><strong>Ἐπ.</strong></span> <span class='ocrx_word' id='word_1_90' title='bbox 1433 2432 1476 2516; x_wconf 80' lang='grc' dir='ltr'><strong>γ’.</strong></span> 
     </span>
     <span class='ocr_line' id='line_1_19' title="bbox 568 2536 1346 2625; baseline -0.004 -20"><span class='ocrx_word' id='word_1_91' title='bbox 568 2543 681 2625; x_wconf 88' lang='grc' dir='ltr'><strong><em>πόρσω</em></strong></span> <span class='ocrx_word' id='word_1_92' title='bbox 705 2536 927 2624; x_wconf 79' lang='grc' dir='ltr'><strong><em>κατέφρασεν,</em></strong></span> <span class='ocrx_word' id='word_1_93' title='bbox 1336 2566 1346 2579; x_wconf 73' lang='grc'><em>·</em></span> 
     </span>
     <span class='ocr_line' id='line_1_20' title="bbox 516 2644 964 2731; baseline -0.004 -18"><span class='ocrx_word' id='word_1_94' title='bbox 516 2649 580 2713; x_wconf 83' lang='grc' dir='ltr'><strong>ὄπα</strong></span> <span class='ocrx_word' id='word_1_95' title='bbox 602 2648 664 2712; x_wconf 85' lang='grc' dir='ltr'><strong>τὰν</strong></span> <span class='ocrx_word' id='word_1_96' title='bbox 686 2644 843 2731; x_wconf 88' lang='grc' dir='ltr'><strong><em>πολέμοιο</em></strong></span> <span class='ocrx_word' id='word_1_97' title='bbox 868 2646 964 2711; x_wconf 91' lang='grc' dir='ltr'><strong><em>δόσιν</em></strong></span> 
     </span>
    </p>
   </div>
   <div class='ocr_carea' id='block_1_6' title="bbox 405 2794 571 2801">
    <p class='ocr_par' dir='ltr' id='par_1_7' title="bbox 405 2794 571 2801">
     <span class='ocr_line' id='line_1_21' title="bbox 405 2794 571 2801; baseline -0.006 0"><span class='ocrx_word' id='word_1_98' title='bbox 405 2794 571 2801; x_wconf 68' lang='lat'>-—-——</span> 
     </span>
    </p>
   </div>
   <div class='ocr_carea' id='block_1_7' title="bbox 356 2870 1622 3362">
    <p class='ocr_par' dir='ltr' id='par_1_8' title="bbox 356 2870 1622 3362">
     <span class='ocr_line' id='line_1_22' title="bbox 427 2870 1622 2946; baseline -0.006 -14"><span class='ocrx_word' id='word_1_99' title='bbox 427 2884 469 2934; x_wconf 75' lang='lat'><strong>43.</strong></span> <span class='ocrx_word' id='word_1_100' title='bbox 491 2875 553 2946; x_wconf 75' lang='lat' dir='ltr'><strong>dp&#39;:</strong></span> <span class='ocrx_word' id='word_1_101' title='bbox 574 2874 611 2931; x_wconf 83' lang='grc' dir='ltr'><strong><em>διν</em></strong></span> <span class='ocrx_word' id='word_1_102' title='bbox 625 2878 652 2931; x_wconf 83' lang='grc' dir='ltr'><strong><em>Α</em></strong></span> <span class='ocrx_word' id='word_1_103' title='bbox 671 2907 705 2916; x_wconf 91' lang='lat'><em>-</em></span> <span class='ocrx_word' id='word_1_104' title='bbox 724 2873 811 2931; x_wconf 78' lang='grc' dir='ltr'><strong><em>νάσσα</em></strong></span> <span class='ocrx_word' id='word_1_105' title='bbox 830 2875 906 2930; x_wconf 81' lang='lat'><strong>0-</strong></span> <span class='ocrx_word' id='word_1_106' title='bbox 925 2873 1009 2937; x_wconf 79' lang='grc' dir='ltr'><strong><em>ἐάσας</em></strong></span> <span class='ocrx_word' id='word_1_107' title='bbox 1022 2878 1050 2930; x_wconf 83' lang='lat' dir='ltr'><strong><em>A</em></strong></span> <span class='ocrx_word' id='word_1_108' title='bbox 1069 2904 1102 2914; x_wconf 93' lang='lat'><em>-</em></span> <span class='ocrx_word' id='word_1_109' title='bbox 1121 2894 1151 2929; x_wconf 86' lang='grc' dir='ltr'><strong>τε</strong></span> <span class='ocrx_word' id='word_1_110' title='bbox 1170 2892 1224 2929; x_wconf 90' lang='lat' dir='ltr'><strong>om.</strong></span> <span class='ocrx_word' id='word_1_111' title='bbox 1241 2875 1264 2930; x_wconf 81' lang='lat'><strong><em>0</em></strong></span> <span class='ocrx_word' id='word_1_112' title='bbox 1279 2906 1314 2915; x_wconf 91' lang='lat'>-</span> <span class='ocrx_word' id='word_1_113' title='bbox 1333 2880 1375 2931; x_wconf 78' lang='lat'><strong>45.</strong></span> <span class='ocrx_word' id='word_1_114' title='bbox 1391 2870 1462 2931; x_wconf 78' lang='grc' dir='ltr'><strong><em>Ἀλιν</em></strong></span> <span class='ocrx_word' id='word_1_115' title='bbox 1476 2892 1500 2931; x_wconf 79' lang='grc' dir='ltr'><strong><em>τ.</em></strong></span> <span class='ocrx_word' id='word_1_116' title='bbox 1513 2874 1530 2929; x_wconf 93' lang='lat' dir='ltr'><strong>l.</strong></span> <span class='ocrx_word' id='word_1_117' title='bbox 1544 2872 1622 2929; x_wconf 70' lang='lat' dir='ltr'><strong>schol:</strong></span> 
     </span>
     <span class='ocr_line' id='line_1_23' title="bbox 357 2946 1618 3017; baseline -0.005 -14"><span class='ocrx_word' id='word_1_118' title='bbox 357 2982 391 2991; x_wconf 92' lang='lat'><em>-</em></span> <span class='ocrx_word' id='word_1_119' title='bbox 415 2956 458 3003; x_wconf 85' lang='grc'><strong>46.</strong></span> <span class='ocrx_word' id='word_1_120' title='bbox 482 2948 570 3003; x_wconf 86' lang='grc' dir='ltr'><strong><em>πέδον</em></strong></span> <span class='ocrx_word' id='word_1_121' title='bbox 594 2948 681 3016; x_wconf 78' lang='grc' dir='ltr'><strong><em>ἔθηκε</em></strong></span> <span class='ocrx_word' id='word_1_122' title='bbox 705 2946 801 3003; x_wconf 68' lang='lat' dir='ltr'><strong>Trici:</strong></span> <span class='ocrx_word' id='word_1_123' title='bbox 829 2946 955 3001; x_wconf 78' lang='grc' dir='ltr'><strong><em>δάπεδον</em></strong></span> <span class='ocrx_word' id='word_1_124' title='bbox 978 2949 1051 3016; x_wconf 83' lang='grc' dir='ltr'><strong><em>θῆκε</em></strong></span> <span class='ocrx_word' id='word_1_125' title='bbox 1075 2947 1136 3001; x_wconf 84' lang='lat' dir='ltr'><strong>AB</strong></span> <span class='ocrx_word' id='word_1_126' title='bbox 1144 2947 1199 3003; x_wconf 79' lang='lat'><strong>01)</strong></span> <span class='ocrx_word' id='word_1_127' title='bbox 1221 2978 1256 2987; x_wconf 87' lang='lat'><em>-</em></span> <span class='ocrx_word' id='word_1_128' title='bbox 1279 2952 1321 3002; x_wconf 80' lang='grc'><strong>48.</strong></span> <span class='ocrx_word' id='word_1_129' title='bbox 1345 2947 1486 3017; x_wconf 71' lang='grc' dir='ltr'><strong><em>τιμάσαιςε</em></strong></span> <span class='ocrx_word' id='word_1_130' title='bbox 1508 2947 1618 3017; x_wconf 80' lang='grc' dir='ltr'><strong><em>ἀγάλλων</em></strong></span> 
     </span>
     <span class='ocr_line' id='line_1_24' title="bbox 357 3015 1617 3085; baseline -0.002 -10"><span class='ocrx_word' id='word_1_131' title='bbox 357 3021 428 3076; x_wconf 85' lang='lat' dir='ltr'><strong>coni.</strong></span> <span class='ocrx_word' id='word_1_132' title='bbox 452 3021 608 3085; x_wconf 79' lang='lat' dir='ltr'><strong>Hermann3</strong></span> <span class='ocrx_word' id='word_1_133' title='bbox 634 3019 668 3073; x_wconf 85' lang='lat' dir='ltr'><strong>of.</strong></span> <span class='ocrx_word' id='word_1_134' title='bbox 688 3037 714 3074; x_wconf 88' lang='lat' dir='ltr'><strong>v.</strong></span> <span class='ocrx_word' id='word_1_135' title='bbox 733 3036 759 3073; x_wconf 85' lang='lat' dir='ltr'><strong>oo</strong></span> <span class='ocrx_word' id='word_1_136' title='bbox 781 3050 818 3058; x_wconf 93' lang='lat'><em>-</em></span> <span class='ocrx_word' id='word_1_137' title='bbox 840 3024 883 3073; x_wconf 81' lang='lat'><strong>49.</strong></span> <span class='ocrx_word' id='word_1_138' title='bbox 911 3020 1022 3072; x_wconf 81' lang='grc' dir='ltr'><strong><em>δώδεκα</em></strong></span> <span class='ocrx_word' id='word_1_139' title='bbox 1045 3015 1072 3072; x_wconf 90' lang='grc' dir='ltr'><strong>δ’</strong></span> <span class='ocrx_word' id='word_1_140' title='bbox 1094 3020 1125 3073; x_wconf 88' lang='lat' dir='ltr'><em>D</em></span> <span class='ocrx_word' id='word_1_141' title='bbox 1147 3048 1180 3057; x_wconf 89' lang='lat'>-</span> <span class='ocrx_word' id='word_1_142' title='bbox 1206 3017 1349 3074; x_wconf 75' lang='grc' dir='ltr'><strong><em>άνάκτωντ</em></strong></span> <span class='ocrx_word' id='word_1_143' title='bbox 1376 3018 1527 3073; x_wconf 77' lang='grc' dir='ltr'><strong><em>ἀθανάτων</em></strong></span> <span class='ocrx_word' id='word_1_144' title='bbox 1550 3020 1570 3073; x_wconf 82' lang='lat' dir='ltr'><em>O</em></span> <span class='ocrx_word' id='word_1_145' title='bbox 1590 3048 1617 3056; x_wconf 97' lang='lat'>-</span> 
     </span>
     <span class='ocr_line' id='line_1_25' title="bbox 357 3090 1615 3174; baseline -0.001 -28"><span class='ocrx_word' id='word_1_146' title='bbox 357 3101 399 3148; x_wconf 81' lang='lat' dir='ltr'><strong>bl.</strong></span> <span class='ocrx_word' id='word_1_147' title='bbox 419 3094 564 3161; x_wconf 82' lang='grc' dir='ltr'><strong><em>νώνυμνος</em></strong></span> <span class='ocrx_word' id='word_1_148' title='bbox 578 3093 662 3161; x_wconf 79' lang='grc' dir='ltr'><strong><em>Βμτ.;</em></strong></span> <span class='ocrx_word' id='word_1_149' title='bbox 680 3092 807 3160; x_wconf 79' lang='grc' dir='ltr'><strong><em>νώνυμος</em></strong></span> <span class='ocrx_word' id='word_1_150' title='bbox 823 3090 886 3157; x_wconf 78' lang='lat'><strong>01),</strong></span> <span class='ocrx_word' id='word_1_151' title='bbox 905 3092 1034 3161; x_wconf 82' lang='grc' dir='ltr'><strong><em>νώνυμον</em></strong></span> <span class='ocrx_word' id='word_1_152' title='bbox 1049 3090 1109 3144; x_wconf 88' lang='lat' dir='ltr'><strong>AB</strong></span> <span class='ocrx_word' id='word_1_153' title='bbox 1125 3120 1161 3129; x_wconf 90' lang='lat'><em>—</em></span> <span class='ocrx_word' id='word_1_154' title='bbox 1179 3094 1292 3174; x_wconf 81' lang='grc' dir='ltr'><strong><em>τελευτρλ</em></strong></span> <span class='ocrx_word' id='word_1_155' title='bbox 1309 3090 1377 3145; x_wconf 74' lang='lat' dir='ltr'><strong>eet</strong></span> <span class='ocrx_word' id='word_1_156' title='bbox 1395 3090 1498 3147; x_wconf 87' lang='lat' dir='ltr'><strong>lemma</strong></span> <span class='ocrx_word' id='word_1_157' title='bbox 1515 3091 1542 3144; x_wconf 90' lang='lat' dir='ltr'><strong>in</strong></span> <span class='ocrx_word' id='word_1_158' title='bbox 1555 3090 1578 3145; x_wconf 77' lang='lat' dir='ltr'><strong><em>A</em></strong></span> <span class='ocrx_word' id='word_1_159' title='bbox 1590 3118 1615 3129; x_wconf 89' lang='lat'><strong>·-</strong></span> 
     </span>
     <span class='ocr_line' id='line_1_26' title="bbox 357 3158 1616 3233; baseline -0.003 -16"><span class='ocrx_word' id='word_1_160' title='bbox 357 3170 399 3218; x_wconf 80' lang='lat'><strong>53.</strong></span> <span class='ocrx_word' id='word_1_161' title='bbox 418 3162 459 3219; x_wconf 77' lang='lat' dir='ltr'><strong>r&#39;:</strong></span> <span class='ocrx_word' id='word_1_162' title='bbox 480 3161 508 3217; x_wconf 92' lang='grc' dir='ltr'><strong>δ’</strong></span> <span class='ocrx_word' id='word_1_163' title='bbox 529 3165 558 3217; x_wconf 92' lang='lat' dir='ltr'><strong>et</strong></span> <span class='ocrx_word' id='word_1_164' title='bbox 576 3162 678 3216; x_wconf 88' lang='lat' dir='ltr'><strong>deinde</strong></span> <span class='ocrx_word' id='word_1_165' title='bbox 696 3160 796 3233; x_wconf 80' lang='grc' dir='ltr'><strong><em>χρόνος</em></strong></span> <span class='ocrx_word' id='word_1_166' title='bbox 813 3158 878 3216; x_wconf 87' lang='grc' dir='ltr'><strong><em>τόδε</em></strong></span> <span class='ocrx_word' id='word_1_167' title='bbox 893 3160 963 3216; x_wconf 84' lang='lat' dir='ltr'><strong>coni.</strong></span> <span class='ocrx_word' id='word_1_168' title='bbox 980 3162 1110 3231; x_wconf 88' lang='lat' dir='ltr'><strong>Hartung</strong></span> <span class='ocrx_word' id='word_1_169' title='bbox 1124 3164 1153 3215; x_wconf 92' lang='lat' dir='ltr'><strong>et</strong></span> <span class='ocrx_word' id='word_1_170' title='bbox 1166 3162 1299 3231; x_wconf 81' lang='lat' dir='ltr'><strong>probavit</strong></span> <span class='ocrx_word' id='word_1_171' title='bbox 1317 3162 1401 3232; x_wconf 88' lang='lat' dir='ltr'><strong>Leop.</strong></span> <span class='ocrx_word' id='word_1_172' title='bbox 1417 3162 1546 3231; x_wconf 84' lang='lat' dir='ltr'><strong>Schmidt,</strong></span> <span class='ocrx_word' id='word_1_173' title='bbox 1563 3160 1616 3215; x_wconf 82' lang='lat' dir='ltr'><strong>leb.</strong></span> 
     </span>
     <span class='ocr_line' id='line_1_27' title="bbox 356 3231 1618 3305; baseline -0.003 -17"><span class='ocrx_word' id='word_1_174' title='bbox 356 3235 437 3289; x_wconf 92' lang='lat' dir='ltr'><strong>Pind.</strong></span> <span class='ocrx_word' id='word_1_175' title='bbox 456 3254 483 3304; x_wconf 89' lang='lat' dir='ltr'><strong>p.</strong></span> <span class='ocrx_word' id='word_1_176' title='bbox 498 3251 537 3289; x_wconf 78' lang='lat' dir='ltr'><strong>loo</strong></span> <span class='ocrx_word' id='word_1_177' title='bbox 556 3265 590 3274; x_wconf 93' lang='lat'><em>-</em></span> <span class='ocrx_word' id='word_1_178' title='bbox 614 3240 657 3288; x_wconf 79' lang='lat' dir='ltr'><strong>bb.</strong></span> <span class='ocrx_word' id='word_1_179' title='bbox 684 3237 715 3288; x_wconf 87' lang='grc' dir='ltr'><strong>τὸ</strong></span> <span class='ocrx_word' id='word_1_180' title='bbox 742 3231 768 3288; x_wconf 81' lang='grc' dir='ltr'><strong>δ’</strong></span> <span class='ocrx_word' id='word_1_181' title='bbox 792 3232 821 3288; x_wconf 80' lang='grc' dir='ltr'><strong>ἐσ</strong></span> <span class='ocrx_word' id='word_1_182' title='bbox 839 3231 950 3303; x_wconf 76' lang='grc' dir='ltr'><strong><em>ἀφανὲς</em></strong></span> <span class='ocrx_word' id='word_1_183' title='bbox 972 3233 1027 3288; x_wconf 80' lang='grc'><strong>01)</strong></span> <span class='ocrx_word' id='word_1_184' title='bbox 1047 3266 1075 3273; x_wconf 91' lang='grc'>-</span> <span class='ocrx_word' id='word_1_185' title='bbox 1098 3238 1140 3287; x_wconf 81' lang='grc'><strong>56.</strong></span> <span class='ocrx_word' id='word_1_186' title='bbox 1159 3232 1292 3305; x_wconf 84' lang='grc' dir='ltr'><strong><em>πολέμοιο</em></strong></span> <span class='ocrx_word' id='word_1_187' title='bbox 1311 3250 1345 3288; x_wconf 85' lang='lat' dir='ltr'><strong>ax</strong></span> <span class='ocrx_word' id='word_1_188' title='bbox 1363 3251 1434 3291; x_wconf 86' lang='lat' dir='ltr'><strong>oorr.</strong></span> <span class='ocrx_word' id='word_1_189' title='bbox 1452 3238 1488 3304; x_wconf 80' lang='lat' dir='ltr'><strong>A,</strong></span> <span class='ocrx_word' id='word_1_190' title='bbox 1506 3232 1618 3303; x_wconf 84' lang='grc' dir='ltr'><strong><em>πολέμιος</em></strong></span> 
     </span>
     <span class='ocr_line' id='line_1_28' title="bbox 356 3308 496 3362; baseline 0.007 -21"><span class='ocrx_word' id='word_1_191' title='bbox 356 3308 438 3362; x_wconf 65' lang='lat' dir='ltr'><strong>AM?</strong></span> <span class='ocrx_word' id='word_1_192' title='bbox 460 3337 496 3347; x_wconf 82' lang='grc'><strong>-,,</strong></span> 
     </span>
    </p>
   </div>
   <div class='ocr_carea' id='block_1_8' title="bbox 356 3447 1662 4887">
    <p class='ocr_par' dir='ltr' id='par_1_9' title="bbox 356 3447 1662 4887">
     <span class='ocr_line' id='line_1_29' title="bbox 429 3447 1615 3519; baseline -0.003 -16"><span class='ocrx_word' id='word_1_193' title='bbox 429 3455 463 3504; x_wconf 80' lang='grc'><strong>43</strong></span> <span class='ocrx_word' id='word_1_194' title='bbox 479 3466 514 3505; x_wconf 86' lang='lat' dir='ltr'><strong>es.</strong></span> <span class='ocrx_word' id='word_1_195' title='bbox 533 3449 638 3519; x_wconf 90' lang='lat' dir='ltr'><strong>primos</strong></span> <span class='ocrx_word' id='word_1_196' title='bbox 657 3448 740 3502; x_wconf 86' lang='lat' dir='ltr'><strong>ludos</strong></span> <span class='ocrx_word' id='word_1_197' title='bbox 755 3447 916 3518; x_wconf 83' lang='lat' dir='ltr'><strong>Olympiooe</strong></span> <span class='ocrx_word' id='word_1_198' title='bbox 932 3448 968 3502; x_wconf 90' lang='lat' dir='ltr'><strong>ab</strong></span> <span class='ocrx_word' id='word_1_199' title='bbox 983 3448 1103 3503; x_wconf 83' lang='lat' dir='ltr'>Hercule</span> <span class='ocrx_word' id='word_1_200' title='bbox 1124 3448 1214 3503; x_wconf 83' lang='lat' dir='ltr'><strong>laetos</strong></span> <span class='ocrx_word' id='word_1_201' title='bbox 1233 3448 1401 3518; x_wconf 82' lang='lat' dir='ltr'><strong>exponit-</strong></span> <span class='ocrx_word' id='word_1_202' title='bbox 1422 3454 1457 3504; x_wconf 80' lang='lat'><strong>45</strong></span> <span class='ocrx_word' id='word_1_203' title='bbox 1473 3468 1507 3505; x_wconf 87' lang='lat' dir='ltr'><strong>ss.</strong></span> <span class='ocrx_word' id='word_1_204' title='bbox 1526 3464 1615 3503; x_wconf 84' lang='lat' dir='ltr'><strong>eaerum</strong></span> 
     </span>
     <span class='ocr_line' id='line_1_30' title="bbox 356 3518 1615 3591; baseline -0.004 -16"><span class='ocrx_word' id='word_1_205' title='bbox 356 3521 457 3589; x_wconf 87' lang='lat' dir='ltr'><strong>locum,</strong></span> <span class='ocrx_word' id='word_1_206' title='bbox 477 3537 561 3589; x_wconf 91' lang='lat' dir='ltr'><strong>quem</strong></span> <span class='ocrx_word' id='word_1_207' title='bbox 579 3520 712 3574; x_wconf 87' lang='lat' dir='ltr'><strong>Herculea</strong></span> <span class='ocrx_word' id='word_1_208' title='bbox 731 3520 792 3575; x_wconf 82' lang='lat' dir='ltr'><strong>lovi</strong></span> <span class='ocrx_word' id='word_1_209' title='bbox 807 3520 1009 3574; x_wconf 88' lang='lat' dir='ltr'><strong>dimetiebatur</strong></span> <span class='ocrx_word' id='word_1_210' title='bbox 1023 3522 1188 3589; x_wconf 85' lang='grc' dir='ltr'><strong><em>(σταθμᾶτο,</em></strong></span> <span class='ocrx_word' id='word_1_211' title='bbox 1203 3519 1238 3574; x_wconf 83' lang='lat' dir='ltr'><strong>ef.</strong></span> <span class='ocrx_word' id='word_1_212' title='bbox 1253 3518 1385 3591; x_wconf 81' lang='grc' dir='ltr'><strong><em>τέμενος),</em></strong></span> <span class='ocrx_word' id='word_1_213' title='bbox 1400 3522 1476 3591; x_wconf 89' lang='lat' dir='ltr'><strong>quod</strong></span> <span class='ocrx_word' id='word_1_214' title='bbox 1491 3520 1615 3576; x_wconf 71' lang='lat' dir='ltr'>arboribus</span> 
     </span>
     <span class='ocr_line' id='line_1_31' title="bbox 361 3591 1616 3662; baseline -0.004 -15"><span class='ocrx_word' id='word_1_215' title='bbox 361 3593 429 3648; x_wconf 90' lang='lat' dir='ltr'><strong>olim</strong></span> <span class='ocrx_word' id='word_1_216' title='bbox 448 3593 573 3647; x_wconf 83' lang='lat' dir='ltr'><strong>consitus</strong></span> <span class='ocrx_word' id='word_1_217' title='bbox 592 3595 661 3660; x_wconf 88' lang='lat' dir='ltr'><strong>erat,</strong></span> <span class='ocrx_word' id='word_1_218' title='bbox 685 3591 767 3654; x_wconf 78' lang='grc' dir='ltr'><strong><em>ἄλσος</em></strong></span> <span class='ocrx_word' id='word_1_219' title='bbox 785 3593 872 3662; x_wconf 85' lang='lat' dir='ltr'><strong>poeta</strong></span> <span class='ocrx_word' id='word_1_220' title='bbox 889 3591 974 3658; x_wconf 84' lang='lat' dir='ltr'><strong>dixit;</strong></span> <span class='ocrx_word' id='word_1_221' title='bbox 1001 3592 1060 3646; x_wconf 90' lang='lat' dir='ltr'><strong>eius</strong></span> <span class='ocrx_word' id='word_1_222' title='bbox 1080 3591 1150 3645; x_wconf 87' lang='lat' dir='ltr'><strong>duae</strong></span> <span class='ocrx_word' id='word_1_223' title='bbox 1169 3595 1264 3661; x_wconf 85' lang='lat' dir='ltr'><strong>partes</strong></span> <span class='ocrx_word' id='word_1_224' title='bbox 1283 3592 1427 3661; x_wconf 71' lang='lat' dir='ltr'><strong>distinxit,</strong></span> <span class='ocrx_word' id='word_1_225' title='bbox 1444 3592 1543 3660; x_wconf 72' lang='grc' dir='ltr'><strong><em>Ἄλτιν,</em></strong></span> <span class='ocrx_word' id='word_1_226' title='bbox 1559 3606 1616 3661; x_wconf 87' lang='lat' dir='ltr'><strong>quae</strong></span> 
     </span>
     <span class='ocr_line' id='line_1_32' title="bbox 356 3662 1615 3745; baseline -0.002 -27"><span class='ocrx_word' id='word_1_227' title='bbox 356 3664 471 3736; x_wconf 78' lang='lat' dir='ltr'>proprie</span> <span class='ocrx_word' id='word_1_228' title='bbox 495 3664 568 3718; x_wconf 83' lang='lat' dir='ltr'><strong>lovis</strong></span> <span class='ocrx_word' id='word_1_229' title='bbox 593 3664 762 3732; x_wconf 88' lang='lat' dir='ltr'><strong>deorumque</strong></span> <span class='ocrx_word' id='word_1_230' title='bbox 785 3679 867 3717; x_wconf 84' lang='lat' dir='ltr'><strong>saera</strong></span> <span class='ocrx_word' id='word_1_231' title='bbox 889 3662 963 3733; x_wconf 86' lang='lat' dir='ltr'><strong>palie</strong></span> <span class='ocrx_word' id='word_1_232' title='bbox 982 3680 1000 3717; x_wconf 89' lang='lat' dir='ltr'><strong>a</strong></span> <span class='ocrx_word' id='word_1_233' title='bbox 1019 3665 1113 3717; x_wconf 82' lang='lat' dir='ltr'><strong>cetera</strong></span> <span class='ocrx_word' id='word_1_234' title='bbox 1131 3662 1244 3745; x_wconf 79' lang='lat' dir='ltr'><strong>regione</strong></span> <span class='ocrx_word' id='word_1_235' title='bbox 1264 3664 1386 3719; x_wconf 84' lang='lat' dir='ltr'><strong>discreta</strong></span> <span class='ocrx_word' id='word_1_236' title='bbox 1405 3667 1476 3731; x_wconf 84' lang='lat' dir='ltr'><strong>erat,</strong></span> <span class='ocrx_word' id='word_1_237' title='bbox 1494 3669 1523 3719; x_wconf 90' lang='lat' dir='ltr'><strong>et</strong></span> <span class='ocrx_word' id='word_1_238' title='bbox 1539 3666 1615 3718; x_wconf 79' lang='lat' dir='ltr'><strong>dever-</strong></span> 
     </span>
     <span class='ocr_line' id='line_1_33' title="bbox 359 3733 1615 3806; baseline -0.005 -15"><span class='ocrx_word' id='word_1_239' title='bbox 359 3738 435 3791; x_wconf 85' lang='lat' dir='ltr'><strong>soria</strong></span> <span class='ocrx_word' id='word_1_240' title='bbox 454 3734 696 3804; x_wconf 82' lang='lat' dir='ltr'><strong>circumiacentia,</strong></span> <span class='ocrx_word' id='word_1_241' title='bbox 717 3751 790 3803; x_wconf 87' lang='lat' dir='ltr'><strong>quae</strong></span> <span class='ocrx_word' id='word_1_242' title='bbox 808 3733 1000 3789; x_wconf 83' lang='lat' dir='ltr'><strong>tabernaculis</strong></span> <span class='ocrx_word' id='word_1_243' title='bbox 1019 3738 1048 3790; x_wconf 90' lang='lat' dir='ltr'><strong>et</strong></span> <span class='ocrx_word' id='word_1_244' title='bbox 1065 3735 1196 3804; x_wconf 82' lang='lat' dir='ltr'><strong>hospitiis</strong></span> <span class='ocrx_word' id='word_1_245' title='bbox 1216 3734 1342 3790; x_wconf 90' lang='lat' dir='ltr'><strong>homines</strong></span> <span class='ocrx_word' id='word_1_246' title='bbox 1362 3736 1508 3806; x_wconf 79' lang='lat' dir='ltr'><strong>epulantes</strong></span> <span class='ocrx_word' id='word_1_247' title='bbox 1527 3740 1553 3791; x_wconf 91' lang='lat' dir='ltr'><strong>et</strong></span> <span class='ocrx_word' id='word_1_248' title='bbox 1568 3736 1615 3788; x_wconf 92' lang='lat' dir='ltr'><strong>dor-</strong></span> 
     </span>
     <span class='ocr_line' id='line_1_34' title="bbox 361 3806 1615 3877; baseline -0.002 -14"><span class='ocrx_word' id='word_1_249' title='bbox 361 3808 480 3863; x_wconf 89' lang='lat' dir='ltr'><strong>mientes</strong></span> <span class='ocrx_word' id='word_1_250' title='bbox 494 3807 677 3877; x_wconf 77' lang='lat' dir='ltr'><strong>recipiebant.</strong></span> <span class='ocrx_word' id='word_1_251' title='bbox 711 3806 773 3860; x_wconf 86' lang='lat' dir='ltr'><strong>Hae</strong></span> <span class='ocrx_word' id='word_1_252' title='bbox 795 3806 868 3859; x_wconf 87' lang='lat' dir='ltr'><strong>duae</strong></span> <span class='ocrx_word' id='word_1_253' title='bbox 886 3810 980 3877; x_wconf 82' lang='lat' dir='ltr'><strong>partes</strong></span> <span class='ocrx_word' id='word_1_254' title='bbox 995 3806 1024 3859; x_wconf 93' lang='lat' dir='ltr'><strong>in</strong></span> <span class='ocrx_word' id='word_1_255' title='bbox 1038 3806 1158 3877; x_wconf 79' lang='lat' dir='ltr'><strong>planitie</strong></span> <span class='ocrx_word' id='word_1_256' title='bbox 1177 3807 1214 3861; x_wconf 87' lang='lat' dir='ltr'><strong>ad</strong></span> <span class='ocrx_word' id='word_1_257' title='bbox 1232 3806 1324 3876; x_wconf 82' lang='lat' dir='ltr'><strong>ripam</strong></span> <span class='ocrx_word' id='word_1_258' title='bbox 1338 3808 1371 3861; x_wconf 81' lang='lat' dir='ltr'><strong>Al</strong></span> <span class='ocrx_word' id='word_1_259' title='bbox 1394 3808 1441 3862; x_wconf 89' lang='lat' dir='ltr'><strong>hei</strong></span> <span class='ocrx_word' id='word_1_260' title='bbox 1460 3809 1530 3863; x_wconf 85' lang='lat' dir='ltr'><strong>sitae</strong></span> <span class='ocrx_word' id='word_1_261' title='bbox 1548 3808 1615 3869; x_wconf 73' lang='lat' dir='ltr'><strong>erant</strong></span> 
     </span>
     <span class='ocr_line' id='line_1_35' title="bbox 358 3876 1616 3948; baseline -0.005 -13"><span class='ocrx_word' id='word_1_262' title='bbox 358 3881 433 3935; x_wconf 89' lang='lat' dir='ltr'><strong>unde</strong></span> <span class='ocrx_word' id='word_1_263' title='bbox 455 3896 504 3934; x_wconf 83' lang='lat' dir='ltr'><strong>eae</strong></span> <span class='ocrx_word' id='word_1_264' title='bbox 531 3879 674 3933; x_wconf 81' lang='lat' dir='ltr'><strong>dimensus</strong></span> <span class='ocrx_word' id='word_1_265' title='bbox 701 3876 848 3946; x_wconf 84' lang='lat' dir='ltr'><strong>Hercules,</strong></span> <span class='ocrx_word' id='word_1_266' title='bbox 875 3894 938 3931; x_wconf 88' lang='lat' dir='ltr'><strong>enm</strong></span> <span class='ocrx_word' id='word_1_267' title='bbox 966 3894 1046 3932; x_wconf 85' lang='lat' dir='ltr'><strong>sacra</strong></span> <span class='ocrx_word' id='word_1_268' title='bbox 1073 3877 1191 3947; x_wconf 86' lang='lat' dir='ltr'><strong>faceret,</strong></span> <span class='ocrx_word' id='word_1_269' title='bbox 1215 3878 1355 3948; x_wconf 83' lang='lat' dir='ltr'><strong>Alpheum</strong></span> <span class='ocrx_word' id='word_1_270' title='bbox 1402 3897 1488 3935; x_wconf 89' lang='lat' dir='ltr'><strong>onore</strong></span> <span class='ocrx_word' id='word_1_271' title='bbox 1511 3879 1616 3935; x_wconf 79' lang='lat' dir='ltr'><strong>affecisse</strong></span> 
     </span>
     <span class='ocr_line' id='line_1_36' title="bbox 357 3948 1616 4021; baseline -0.003 -14"><span class='ocrx_word' id='word_1_272' title='bbox 357 3952 461 4007; x_wconf 86' lang='lat' dir='ltr'><strong>dieitur</strong></span> <span class='ocrx_word' id='word_1_273' title='bbox 478 3954 514 4020; x_wconf 85' lang='lat' dir='ltr'><strong>(v.</strong></span> <span class='ocrx_word' id='word_1_274' title='bbox 529 3954 580 4021; x_wconf 77' lang='lat' dir='ltr'><strong>re);</strong></span> <span class='ocrx_word' id='word_1_275' title='bbox 599 3950 634 4003; x_wconf 87' lang='lat' dir='ltr'><strong>iis</strong></span> <span class='ocrx_word' id='word_1_276' title='bbox 654 3949 805 4021; x_wconf 89' lang='lat' dir='ltr'><strong>opponitur</strong></span> <span class='ocrx_word' id='word_1_277' title='bbox 823 3948 904 4004; x_wconf 89' lang='lat' dir='ltr'><strong>eollis</strong></span> <span class='ocrx_word' id='word_1_278' title='bbox 919 3949 1044 4019; x_wconf 84' lang='lat' dir='ltr'><strong>Cronius,</strong></span> <span class='ocrx_word' id='word_1_279' title='bbox 1064 3950 1112 4018; x_wconf 90' lang='lat' dir='ltr'><strong>qui</strong></span> <span class='ocrx_word' id='word_1_280' title='bbox 1127 3948 1250 4020; x_wconf 80' lang='lat' dir='ltr'><strong>Saturni,</strong></span> <span class='ocrx_word' id='word_1_281' title='bbox 1268 3950 1358 4021; x_wconf 85' lang='lat' dir='ltr'><strong>patris</strong></span> <span class='ocrx_word' id='word_1_282' title='bbox 1378 3951 1461 4019; x_wconf 85' lang='lat' dir='ltr'><strong>Iovis,</strong></span> <span class='ocrx_word' id='word_1_283' title='bbox 1481 3970 1555 4007; x_wconf 84' lang='lat' dir='ltr'><strong>sacer</strong></span> <span class='ocrx_word' id='word_1_284' title='bbox 1570 3952 1616 4005; x_wconf 82' lang='lat' dir='ltr'><strong>eret</strong></span> 
     </span>
     <span class='ocr_line' id='line_1_37' title="bbox 358 4019 1614 4093; baseline -0.002 -16"><span class='ocrx_word' id='word_1_285' title='bbox 358 4055 392 4064; x_wconf 84' lang='lat'>—</span> <span class='ocrx_word' id='word_1_286' title='bbox 411 4029 453 4078; x_wconf 84' lang='lat'><strong>49.</strong></span> <span class='ocrx_word' id='word_1_287' title='bbox 474 4022 543 4093; x_wconf 83' lang='grc' dir='ltr'><strong><em>μετὰ</em></strong></span> <span class='ocrx_word' id='word_1_288' title='bbox 562 4019 662 4076; x_wconf 82' lang='grc' dir='ltr'><strong><em>δώδεκ’</em></strong></span> <span class='ocrx_word' id='word_1_289' title='bbox 685 4022 815 4075; x_wconf 83' lang='grc' dir='ltr'><strong><em>ἀνάκτων</em></strong></span> <span class='ocrx_word' id='word_1_290' title='bbox 833 4025 922 4075; x_wconf 81' lang='grc' dir='ltr'><strong><em>θεῶν·</em></strong></span> <span class='ocrx_word' id='word_1_291' title='bbox 943 4039 1061 4090; x_wconf 89' lang='lat' dir='ltr'><strong>quorum</strong></span> <span class='ocrx_word' id='word_1_292' title='bbox 1080 4039 1151 4075; x_wconf 85' lang='lat' dir='ltr'><strong>unus</strong></span> <span class='ocrx_word' id='word_1_293' title='bbox 1170 4019 1295 4091; x_wconf 80' lang='lat' dir='ltr'><strong>Alpheus</strong></span> <span class='ocrx_word' id='word_1_294' title='bbox 1315 4024 1390 4089; x_wconf 85' lang='lat' dir='ltr'><strong>erat;</strong></span> <span class='ocrx_word' id='word_1_295' title='bbox 1410 4023 1475 4077; x_wconf 80' lang='lat' dir='ltr'><strong>ride</strong></span> <span class='ocrx_word' id='word_1_296' title='bbox 1495 4024 1526 4081; x_wconf 91' lang='grc' dir='ltr'><strong>Ο.</strong></span> <span class='ocrx_word' id='word_1_297' title='bbox 1540 4040 1575 4077; x_wconf 78' lang='lat' dir='ltr'><strong>vs</strong></span> <span class='ocrx_word' id='word_1_298' title='bbox 1591 4050 1614 4061; x_wconf 80' lang='lat'>-</span> 
     </span>
     <span class='ocr_line' id='line_1_38' title="bbox 358 4092 1616 4175; baseline -0.005 -26"><span class='ocrx_word' id='word_1_299' title='bbox 358 4102 400 4149; x_wconf 77' lang='lat'><strong>51.</strong></span> <span class='ocrx_word' id='word_1_300' title='bbox 415 4092 450 4157; x_wconf 86' lang='grc' dir='ltr'><strong><em>ἇς</em></strong></span> <span class='ocrx_word' id='word_1_301' title='bbox 463 4094 596 4149; x_wconf 86' lang='lat' dir='ltr'><strong>Doricum</strong></span> <span class='ocrx_word' id='word_1_302' title='bbox 609 4111 659 4165; x_wconf 92' lang='lat' dir='ltr'><strong>pro</strong></span> <span class='ocrx_word' id='word_1_303' title='bbox 675 4092 725 4156; x_wconf 81' lang='grc' dir='ltr'><strong><em>ἕως</em></strong></span> <span class='ocrx_word' id='word_1_304' title='bbox 742 4125 775 4132; x_wconf 91' lang='grc'>-</span> <span class='ocrx_word' id='word_1_305' title='bbox 788 4092 904 4175; x_wconf 70' lang='grc' dir='ltr'><strong><em>βρέχετο</em></strong></span> <span class='ocrx_word' id='word_1_306' title='bbox 918 4098 1007 4167; x_wconf 82' lang='grc' dir='ltr'><strong><em>πολλᾷ</em></strong></span> <span class='ocrx_word' id='word_1_307' title='bbox 1022 4094 1135 4162; x_wconf 83' lang='grc' dir='ltr'><strong><em>νιφάδι·</em></strong></span> <span class='ocrx_word' id='word_1_308' title='bbox 1150 4094 1253 4148; x_wconf 84' lang='lat' dir='ltr'><strong>audaoi</strong></span> <span class='ocrx_word' id='word_1_309' title='bbox 1267 4094 1433 4165; x_wconf 86' lang='lat' dir='ltr'><strong>metaphora</strong></span> <span class='ocrx_word' id='word_1_310' title='bbox 1447 4094 1539 4150; x_wconf 86' lang='lat' dir='ltr'><strong>locum</strong></span> <span class='ocrx_word' id='word_1_311' title='bbox 1552 4096 1616 4149; x_wconf 83' lang='lat' dir='ltr'><strong>antes</strong></span> 
     </span>
     <span class='ocr_line' id='line_1_39' title="bbox 358 4164 1615 4236; baseline -0.004 -16"><span class='ocrx_word' id='word_1_312' title='bbox 358 4166 518 4236; x_wconf 86' lang='lat' dir='ltr'><strong>neglectum</strong></span> <span class='ocrx_word' id='word_1_313' title='bbox 532 4166 597 4220; x_wconf 84' lang='lat' dir='ltr'><strong>nive</strong></span> <span class='ocrx_word' id='word_1_314' title='bbox 616 4165 747 4220; x_wconf 90' lang='lat' dir='ltr'><strong>obrutum</strong></span> <span class='ocrx_word' id='word_1_315' title='bbox 766 4165 850 4232; x_wconf 81' lang='lat' dir='ltr'><strong>dioit3</strong></span> <span class='ocrx_word' id='word_1_316' title='bbox 871 4164 915 4219; x_wconf 87' lang='lat' dir='ltr'><strong>hie</strong></span> <span class='ocrx_word' id='word_1_317' title='bbox 929 4168 1024 4219; x_wconf 90' lang='lat' dir='ltr'><strong>autem</strong></span> <span class='ocrx_word' id='word_1_318' title='bbox 1038 4164 1131 4220; x_wconf 84' lang='lat' dir='ltr'><strong>verbis</strong></span> <span class='ocrx_word' id='word_1_319' title='bbox 1145 4165 1293 4220; x_wconf 84' lang='lat' dir='ltr'><strong>mendacia</strong></span> <span class='ocrx_word' id='word_1_320' title='bbox 1307 4166 1438 4221; x_wconf 87' lang='lat' dir='ltr'><strong>Eleorum</strong></span> <span class='ocrx_word' id='word_1_321' title='bbox 1453 4168 1615 4227; x_wconf 83' lang='lat' dir='ltr'><strong>sacerdotum,</strong></span> 
     </span>
     <span class='ocr_line' id='line_1_40' title="bbox 358 4236 1614 4307; baseline -0.005 -15"><span class='ocrx_word' id='word_1_322' title='bbox 358 4240 407 4307; x_wconf 92' lang='lat' dir='ltr'><strong>qui</strong></span> <span class='ocrx_word' id='word_1_323' title='bbox 426 4238 540 4293; x_wconf 84' lang='lat' dir='ltr'><strong>Saturni</strong></span> <span class='ocrx_word' id='word_1_324' title='bbox 558 4237 695 4307; x_wconf 88' lang='lat' dir='ltr'><strong>templum</strong></span> <span class='ocrx_word' id='word_1_325' title='bbox 714 4237 772 4290; x_wconf 89' lang='lat' dir='ltr'><strong>iam</strong></span> <span class='ocrx_word' id='word_1_326' title='bbox 791 4253 876 4291; x_wconf 87' lang='lat' dir='ltr'><strong>aureo</strong></span> <span class='ocrx_word' id='word_1_327' title='bbox 896 4254 965 4292; x_wconf 85' lang='lat' dir='ltr'><strong>aevo</strong></span> <span class='ocrx_word' id='word_1_328' title='bbox 988 4236 1134 4291; x_wconf 86' lang='lat' dir='ltr'><strong>eonditum</strong></span> <span class='ocrx_word' id='word_1_329' title='bbox 1160 4253 1220 4291; x_wconf 87' lang='lat' dir='ltr'><strong>esee</strong></span> <span class='ocrx_word' id='word_1_330' title='bbox 1243 4236 1460 4307; x_wconf 88' lang='lat' dir='ltr'><strong>fabulabantur,</strong></span> <span class='ocrx_word' id='word_1_331' title='bbox 1480 4256 1499 4292; x_wconf 85' lang='lat' dir='ltr'><strong>o</strong></span> <span class='ocrx_word' id='word_1_332' title='bbox 1516 4237 1614 4293; x_wconf 83' lang='lat' dir='ltr'><strong>Pindaro</strong></span> 
     </span>
     <span class='ocr_line' id='line_1_41' title="bbox 358 4308 1662 4381; baseline -0.002 -18"><span class='ocrx_word' id='word_1_333' title='bbox 358 4309 519 4381; x_wconf 78' lang='lat' dir='ltr'><strong>impugnari</strong></span> <span class='ocrx_word' id='word_1_334' title='bbox 537 4312 621 4363; x_wconf 86' lang='lat' dir='ltr'><strong>acute</strong></span> <span class='ocrx_word' id='word_1_335' title='bbox 638 4308 749 4363; x_wconf 86' lang='lat' dir='ltr'><strong>monuit</strong></span> <span class='ocrx_word' id='word_1_336' title='bbox 766 4308 917 4377; x_wconf 88' lang='lat' dir='ltr'><strong>Lnebbert,</strong></span> <span class='ocrx_word' id='word_1_337' title='bbox 937 4308 977 4363; x_wconf 93' lang='lat' dir='ltr'><strong>De</strong></span> <span class='ocrx_word' id='word_1_338' title='bbox 996 4308 1077 4362; x_wconf 90' lang='lat' dir='ltr'><strong>Pind.</strong></span> <span class='ocrx_word' id='word_1_339' title='bbox 1092 4325 1175 4363; x_wconf 83' lang='lat' dir='ltr'><strong>earm.</strong></span> <span class='ocrx_word' id='word_1_340' title='bbox 1192 4310 1214 4362; x_wconf 87' lang='lat'>0</span> <span class='ocrx_word' id='word_1_341' title='bbox 1229 4327 1246 4361; x_wconf 90' lang='lat' dir='ltr'>x</span> <span class='ocrx_word' id='word_1_342' title='bbox 1261 4326 1287 4378; x_wconf 89' lang='lat' dir='ltr'><strong>p.</strong></span> <span class='ocrx_word' id='word_1_343' title='bbox 1303 4326 1365 4363; x_wconf 87' lang='lat' dir='ltr'><strong>o—</strong></span> <span class='ocrx_word' id='word_1_344' title='bbox 1381 4314 1424 4365; x_wconf 81' lang='lat'><strong>52.</strong></span> <span class='ocrx_word' id='word_1_345' title='bbox 1443 4313 1477 4364; x_wconf 92' lang='lat' dir='ltr'><strong>nt</strong></span> <span class='ocrx_word' id='word_1_346' title='bbox 1495 4310 1616 4365; x_wconf 85' lang='lat' dir='ltr'><strong>hominum</strong></span> <span class='ocrx_word' id='word_1_347' title='bbox 1661 4312 1662 4315; x_wconf 75' lang='grc'>’</span> 
     </span>
     <span class='ocr_line' id='line_1_42' title="bbox 358 4378 1615 4452; baseline -0.005 -17"><span class='ocrx_word' id='word_1_348' title='bbox 358 4382 453 4452; x_wconf 89' lang='lat' dir='ltr'><strong>partui</strong></span> <span class='ocrx_word' id='word_1_349' title='bbox 476 4385 512 4451; x_wconf 81' lang='lat' dir='ltr'><strong>(v.</strong></span> <span class='ocrx_word' id='word_1_350' title='bbox 528 4383 559 4436; x_wconf 85' lang='lat'><strong>0.</strong></span> <span class='ocrx_word' id='word_1_351' title='bbox 574 4400 602 4433; x_wconf 80' lang='lat' dir='ltr'><strong>vr</strong></span> <span class='ocrx_word' id='word_1_352' title='bbox 615 4386 666 4448; x_wconf 82' lang='grc' dir='ltr'><strong>ιι),</strong></span> <span class='ocrx_word' id='word_1_353' title='bbox 690 4380 730 4434; x_wconf 87' lang='lat' dir='ltr'><strong>sio</strong></span> <span class='ocrx_word' id='word_1_354' title='bbox 749 4397 891 4435; x_wconf 87' lang='lat' dir='ltr'><strong>sacrorum</strong></span> <span class='ocrx_word' id='word_1_355' title='bbox 910 4380 1012 4451; x_wconf 81' lang='lat' dir='ltr'><strong>origini</strong></span> <span class='ocrx_word' id='word_1_356' title='bbox 1031 4380 1136 4434; x_wconf 86' lang='lat' dir='ltr'><strong>Pareae</strong></span> <span class='ocrx_word' id='word_1_357' title='bbox 1161 4378 1289 4447; x_wconf 83' lang='lat' dir='ltr'><strong>adstant,</strong></span> <span class='ocrx_word' id='word_1_358' title='bbox 1312 4382 1437 4435; x_wconf 86' lang='lat' dir='ltr'><strong>futuram</strong></span> <span class='ocrx_word' id='word_1_359' title='bbox 1458 4386 1556 4437; x_wconf 89' lang='lat' dir='ltr'><strong>sortem</strong></span> <span class='ocrx_word' id='word_1_360' title='bbox 1572 4394 1615 4433; x_wconf 87' lang='lat' dir='ltr'><strong>cur·</strong></span> 
     </span>
     <span class='ocr_line' id='line_1_43' title="bbox 360 4450 1614 4522; baseline -0.002 -15"><span class='ocrx_word' id='word_1_361' title='bbox 360 4470 477 4522; x_wconf 87' lang='lat' dir='ltr'><strong>sumque</strong></span> <span class='ocrx_word' id='word_1_362' title='bbox 495 4452 607 4507; x_wconf 83' lang='lat' dir='ltr'><strong>felicem</strong></span> <span class='ocrx_word' id='word_1_363' title='bbox 626 4454 798 4522; x_wconf 82' lang='lat' dir='ltr'><strong>augurantes</strong></span> <span class='ocrx_word' id='word_1_364' title='bbox 816 4484 851 4492; x_wconf 95' lang='lat'><em>-</em></span> <span class='ocrx_word' id='word_1_365' title='bbox 871 4457 913 4507; x_wconf 79' lang='lat'><strong>53.</strong></span> <span class='ocrx_word' id='word_1_366' title='bbox 933 4452 963 4505; x_wconf 93' lang='lat' dir='ltr'><strong>in</strong></span> <span class='ocrx_word' id='word_1_367' title='bbox 980 4452 1159 4521; x_wconf 87' lang='lat' dir='ltr'><strong>proverbium</strong></span> <span class='ocrx_word' id='word_1_368' title='bbox 1175 4452 1247 4507; x_wconf 88' lang='lat' dir='ltr'><strong>abiit</strong></span> <span class='ocrx_word' id='word_1_369' title='bbox 1260 4452 1307 4506; x_wconf 88' lang='lat' dir='ltr'><strong>hio</strong></span> <span class='ocrx_word' id='word_1_370' title='bbox 1321 4452 1408 4521; x_wconf 86' lang='lat' dir='ltr'><strong>loeus,</strong></span> <span class='ocrx_word' id='word_1_371' title='bbox 1423 4455 1498 4509; x_wconf 90' lang='lat' dir='ltr'><strong>unde</strong></span> <span class='ocrx_word' id='word_1_372' title='bbox 1513 4450 1614 4520; x_wconf 85' lang='lat' dir='ltr'><strong>Xenopl.</strong></span> 
     </span>
     <span class='ocr_line' id='line_1_44' title="bbox 358 4522 1615 4598; baseline 0.004 -21"><span class='ocrx_word' id='word_1_373' title='bbox 358 4524 431 4579; x_wconf 79' lang='lat' dir='ltr'><strong>Heli.</strong></span> <span class='ocrx_word' id='word_1_374' title='bbox 446 4544 477 4577; x_wconf 89' lang='lat'><strong>111</strong></span> <span class='ocrx_word' id='word_1_375' title='bbox 496 4541 522 4591; x_wconf 81' lang='lat' dir='ltr'><strong>a,</strong></span> <span class='ocrx_word' id='word_1_376' title='bbox 537 4540 562 4580; x_wconf 77' lang='lat' dir='ltr'><strong>a:</strong></span> <span class='ocrx_word' id='word_1_377' title='bbox 581 4526 805 4593; x_wconf 81' lang='grc' dir='ltr'><strong><em>συνεμαρτύρησε</em></strong></span> <span class='ocrx_word' id='word_1_378' title='bbox 828 4532 916 4578; x_wconf 86' lang='grc' dir='ltr'><strong><em>ταῦτα</em></strong></span> <span class='ocrx_word' id='word_1_379' title='bbox 940 4524 1014 4597; x_wconf 81' lang='grc' dir='ltr'><strong><em>αὐτῷ</em></strong></span> <span class='ocrx_word' id='word_1_380' title='bbox 1038 4525 1086 4577; x_wconf 79' lang='grc' dir='ltr'><strong>καὶ</strong></span> <span class='ocrx_word' id='word_1_381' title='bbox 1110 4522 1124 4577; x_wconf 90' lang='grc' dir='ltr'><strong><em>δ</em></strong></span> <span class='ocrx_word' id='word_1_382' title='bbox 1148 4522 1340 4591; x_wconf 84' lang='grc' dir='ltr'><strong><em>ἀληθέστατος</em></strong></span> <span class='ocrx_word' id='word_1_383' title='bbox 1362 4522 1510 4596; x_wconf 84' lang='grc' dir='ltr'><strong><em>λεγόμενος</em></strong></span> <span class='ocrx_word' id='word_1_384' title='bbox 1533 4522 1615 4598; x_wconf 70' lang='grc' dir='ltr'><strong><em>χρόνος·</em></strong></span> 
     </span>
     <span class='ocr_line' id='line_1_45' title="bbox 359 4594 1614 4666; baseline -0.003 -17"><span class='ocrx_word' id='word_1_385' title='bbox 359 4596 481 4666; x_wconf 81' lang='lat' dir='ltr'><strong>Tempus</strong></span> <span class='ocrx_word' id='word_1_386' title='bbox 500 4598 596 4650; x_wconf 85' lang='lat' dir='ltr'><strong>autern</strong></span> <span class='ocrx_word' id='word_1_387' title='bbox 613 4599 643 4649; x_wconf 88' lang='lat' dir='ltr'><strong>et</strong></span> <span class='ocrx_word' id='word_1_388' title='bbox 661 4596 767 4649; x_wconf 86' lang='lat' dir='ltr'><strong>famam</strong></span> <span class='ocrx_word' id='word_1_389' title='bbox 785 4596 857 4649; x_wconf 88' lang='lat' dir='ltr'><strong>haee</strong></span> <span class='ocrx_word' id='word_1_390' title='bbox 876 4594 1028 4649; x_wconf 81' lang='lat' dir='ltr'><strong>tradidisse</strong></span> <span class='ocrx_word' id='word_1_391' title='bbox 1046 4598 1132 4665; x_wconf 88' lang='lat' dir='ltr'><strong>poeta</strong></span> <span class='ocrx_word' id='word_1_392' title='bbox 1152 4594 1237 4665; x_wconf 86' lang='lat' dir='ltr'><strong>dixit,</strong></span> <span class='ocrx_word' id='word_1_393' title='bbox 1258 4598 1291 4649; x_wconf 88' lang='lat' dir='ltr'><strong>ut</strong></span> <span class='ocrx_word' id='word_1_394' title='bbox 1311 4596 1340 4649; x_wconf 93' lang='lat' dir='ltr'><strong>in</strong></span> <span class='ocrx_word' id='word_1_395' title='bbox 1362 4595 1522 4651; x_wconf 85' lang='lat' dir='ltr'><strong>litterarum</strong></span> <span class='ocrx_word' id='word_1_396' title='bbox 1542 4610 1614 4652; x_wconf 90' lang='lat' dir='ltr'><strong>mono·</strong></span> 
     </span>
     <span class='ocr_line' id='line_1_46' title="bbox 359 4662 1661 4737; baseline -0.002 -17"><span class='ocrx_word' id='word_1_397' title='bbox 359 4668 461 4721; x_wconf 86' lang='lat' dir='ltr'><strong>mentis</strong></span> <span class='ocrx_word' id='word_1_398' title='bbox 476 4667 549 4721; x_wconf 91' lang='lat' dir='ltr'><strong>nihil</strong></span> <span class='ocrx_word' id='word_1_399' title='bbox 562 4666 621 4721; x_wconf 85' lang='lat' dir='ltr'><strong>tale</strong></span> <span class='ocrx_word' id='word_1_400' title='bbox 635 4669 745 4721; x_wconf 86' lang='lat' dir='ltr'><strong>exstare</strong></span> <span class='ocrx_word' id='word_1_401' title='bbox 760 4666 934 4736; x_wconf 83' lang='lat' dir='ltr'><strong>significaret</strong></span> <span class='ocrx_word' id='word_1_402' title='bbox 948 4673 1039 4723; x_wconf 80' lang='lat'>-.55.</span> <span class='ocrx_word' id='word_1_403' title='bbox 1058 4668 1089 4722; x_wconf 86' lang='grc' dir='ltr'><strong>τὸ</strong></span> <span class='ocrx_word' id='word_1_404' title='bbox 1105 4666 1136 4721; x_wconf 78' lang='grc' dir='ltr'><strong>δὲ</strong></span> <span class='ocrx_word' id='word_1_405' title='bbox 1156 4666 1225 4736; x_wconf 90' lang='lat' dir='ltr'><strong>quid</strong></span> <span class='ocrx_word' id='word_1_406' title='bbox 1244 4668 1289 4737; x_wconf 87' lang='lat' dir='ltr'><strong>sit,</strong></span> <span class='ocrx_word' id='word_1_407' title='bbox 1308 4668 1402 4723; x_wconf 81' lang='lat' dir='ltr'><strong>verbio</strong></span> <span class='ocrx_word' id='word_1_408' title='bbox 1423 4667 1480 4723; x_wconf 80' lang='grc' dir='ltr'><strong>ὅπα</strong></span> <span class='ocrx_word' id='word_1_409' title='bbox 1496 4715 1501 4725; x_wconf 95' lang='grc'><em>.</em></span> <span class='ocrx_word' id='word_1_410' title='bbox 1518 4715 1524 4727; x_wconf 90' lang='grc'><strong><em>,</em></strong></span> <span class='ocrx_word' id='word_1_411' title='bbox 1540 4684 1615 4726; x_wconf 65' lang='lat' dir='ltr'><strong>aso·</strong></span> <span class='ocrx_word' id='word_1_412' title='bbox 1660 4662 1661 4731; x_wconf 58' lang='grc' dir='ltr'>ξ</span> 
     </span>
     <span class='ocr_line' id='line_1_47' title="bbox 360 4735 1615 4809; baseline 0.001 -17"><span class='ocrx_word' id='word_1_413' title='bbox 360 4735 487 4808; x_wconf 80' lang='grc' dir='ltr'><strong><em>φσρλαισλ</em></strong></span> <span class='ocrx_word' id='word_1_414' title='bbox 505 4758 534 4793; x_wconf 88' lang='grc' dir='ltr'><strong>τε</strong></span> <span class='ocrx_word' id='word_1_415' title='bbox 554 4737 722 4808; x_wconf 81' lang='lat' dir='ltr'><strong>explicatur,</strong></span> <span class='ocrx_word' id='word_1_416' title='bbox 748 4737 874 4806; x_wconf 79' lang='grc' dir='ltr'><strong><em>σαφανὲς</em></strong></span> <span class='ocrx_word' id='word_1_417' title='bbox 893 4742 988 4793; x_wconf 89' lang='lat' dir='ltr'><strong>autem</strong></span> <span class='ocrx_word' id='word_1_418' title='bbox 1008 4740 1044 4793; x_wconf 89' lang='lat' dir='ltr'><strong>ad</strong></span> <span class='ocrx_word' id='word_1_419' title='bbox 1063 4739 1257 4809; x_wconf 83' lang='lat' dir='ltr'><strong>praedicatum</strong></span> <span class='ocrx_word' id='word_1_420' title='bbox 1275 4737 1453 4809; x_wconf 82' lang='grc' dir='ltr'><strong><em>κατέφρασεν</em></strong></span> <span class='ocrx_word' id='word_1_421' title='bbox 1471 4740 1615 4797; x_wconf 83' lang='lat' dir='ltr'><strong>trahendum</strong></span> 
     </span>
     <span class='ocr_line' id='line_1_48' title="bbox 359 4808 1614 4887; baseline -0.003 -22"><span class='ocrx_word' id='word_1_422' title='bbox 359 4812 416 4866; x_wconf 86' lang='lat' dir='ltr'><strong>est:</strong></span> <span class='ocrx_word' id='word_1_423' title='bbox 435 4808 507 4863; x_wconf 91' lang='lat' dir='ltr'><strong>illud</strong></span> <span class='ocrx_word' id='word_1_424' title='bbox 526 4812 630 4878; x_wconf 88' lang='lat' dir='ltr'><strong>autem,</strong></span> <span class='ocrx_word' id='word_1_425' title='bbox 649 4811 725 4878; x_wconf 84' lang='lat' dir='ltr'><strong>quod</strong></span> <span class='ocrx_word' id='word_1_426' title='bbox 743 4810 824 4863; x_wconf 87' lang='lat' dir='ltr'><strong>ludos</strong></span> <span class='ocrx_word' id='word_1_427' title='bbox 844 4810 978 4881; x_wconf 86' lang='lat' dir='ltr'><strong>instituit,</strong></span> <span class='ocrx_word' id='word_1_428' title='bbox 997 4812 1107 4881; x_wconf 86' lang='lat' dir='ltr'><strong>tempos</strong></span> <span class='ocrx_word' id='word_1_429' title='bbox 1126 4810 1307 4881; x_wconf 79' lang='lat' dir='ltr'><strong>progrediens</strong></span> <span class='ocrx_word' id='word_1_430' title='bbox 1323 4812 1353 4865; x_wconf 91' lang='lat' dir='ltr'><strong>in</strong></span> <span class='ocrx_word' id='word_1_431' title='bbox 1367 4812 1445 4866; x_wconf 86' lang='lat' dir='ltr'><strong>claro</strong></span> <span class='ocrx_word' id='word_1_432' title='bbox 1459 4812 1522 4869; x_wconf 89' lang='lat' dir='ltr'><strong>luee</strong></span> <span class='ocrx_word' id='word_1_433' title='bbox 1536 4808 1614 4887; x_wconf 85' lang='lat' dir='ltr'><strong>posuit.</strong></span> 
     </span>
    </p>
   </div>
   <div class='ocr_carea' id='block_1_9' title="bbox 0 0 1717 5434">
    <p class='ocr_par' dir='ltr' id='par_1_10' title="bbox 0 0 1717 5434">
     <span class='ocr_line' id='line_1_49' title="bbox 0 0 1717 5434; baseline 0 0"><span class='ocrx_word' id='word_1_434' title='bbox 0 0 1717 5434; x_wconf 95' lang='lat' dir='ltr'><strong> </strong></span> 
     </span>
    </p>
   </div>
  </div>
 </body>
</html>
