3417 5434
623 328 782 379 OLYMPlA
799 329 833 380 X.

251 487 331 573 ἐμὸν
353 493 551 574 καταίσχυνε
574 492 666 573 βαθὺ
689 489 794 574 χρέος.

250 596 339 680 ὅμως
362 593 399 660 δὲ
422 601 520 661 λῦσαι
545 598 687 673 δυνατὸς
709 595 790 675 ὀξεῖ-

301 727 344 768 αν
368 703 558 788 ἐπιμομφὰν
581 706 678 780 τόκος
701 704 821 791 ὁμαρτ-

301 811 379 895 {aaa
402 820 468 877 νῦν
490 821 606 895 ψᾶφον
629 810 845 896 ἑλισσομέναν

171 936 205 982 10
248 919 312 983 ὅπα
334 928 422 1003 κῦμα
445 918 663 983 κατακλύσσει
685 916 778 1005 ῥέον,

248 1025 312 1091 ὅπα
334 1048 370 1090 τε
392 1027 508 1091 κοινὸν
532 1028 634 1108 λόγον

249 1136 353 1217 φίλαν
375 1137 510 1218 τίσομεν
529 1133 562 1210 ές
584 1134 691 1219 χάριν.

248 1346 339 1431 νέμει
363 1349 426 1433 γὰρ
445 1346 612 1434 Ἀτρέκεια
634 1351 733 1412 πόλιν

303 1458 446 1539 Λοκρῶν
470 1457 663 1540 Ζεφυρίων,

248 1560 337 1647 μέλει
360 1560 400 1627 τέ
419 1578 515 1646 σφισι
539 1563 712 1626 Καλλιόπα

174 1687 204 1734 15
247 1668 303 1734 καὶ
326 1670 463 1753 χάλκεος
475 1667 591 1755 Ἄρης·
614 1669 716 1755 τράπε
740 1664 776 1733 δὲ
800 1670 889 1733 Κύκ-

301 1800 376 1841 νεια
398 1777 485 1861 μάχα
508 1773 564 1841 καὶ
585 1775 748 1861 ὑπέρβιον
1229 1796 1263 1843 20

165 2012 188 2061 8.
205 2007 374 2075 καταίσχυνε
393 2004 519 2061 Boeckh:
543 2004 724 2076 καταισχύνει
743 2004 803 2060 AB
810 2005 878 2073 01),
902 2006 1058 2077 κατῄσχυνε
1082 2008 1152 2079 Byr.
1173 2040 1204 2049 -
1225 2009 1313 2081 βραχύ
1333 2009 1370 2063 Αἰ

99 2110 130 2117 -
150 2082 172 2132 9,
190 2077 229 2131 ἔτι
246 2076 365 2148 μομφὰν
383 2076 453 2132 coni.
470 2076 601 2132 Grumme
617 2109 649 2116 —
663 2073 745 2139 τόκος
758 2074 903 2147 ὁμαρτέων
917 2076 1029 2148 scripsi:
1048 2076 1130 2144 τόκος
1144 2083 1260 2135 θνατῶν
1276 2081 1370 2136 ABD

101 2152 128 2202 et
146 2148 235 2218 schol,
253 2168 285 2217 χε
304 2147 386 2211 τόκος
403 2152 520 2203 θνατῶν
541 2149 569 2217 0,
589 2146 604 2201 ό
621 2146 703 2211 τόκος
721 2149 835 2217 ἀνδρῶν
852 2149 932 2219 Byr..
958 2155 1039 2213 τόκος
1058 2149 1188 2206 όπαθέισν
1206 2152 1370 2221 Mommsen,

98 2219 176 2283 τόκος
195 2219 304 2288 όνάτωρ
326 2220 483 2289 Hermann,
506 2216 588 2282 τόκος
606 2218 621 2273 d
639 2227 748 2274 ναυτᾶν
770 2219 877 2292 Bergk,
895 2218 989 2283 τόκος·
1009 2221 1087 2290 ὁρᾶτ’
1109 2217 1149 2278 ὦν
1168 2223 1371 2289 Schneidewin,

97 2290 182 2355 τόκος·
204 2294 340 2362 capanea
362 2290 547 2345 Wiskemann
562 2323 606 2346 .-
629 2297 671 2347 13.
695 2291 714 2345 dc
737 2301 854 2363 τραχεῖα
875 2290 956 2355 πόλις
978 2311 1004 2349 v.
1024 2293 1042 2349 l.
1063 2294 1149 2351 schol.
1170 2326 1202 2335 -
1228 2291 1308 2349 πόλιν
1333 2300 1371 2348 A·

98 2364 191 2420 Boc:
213 2364 293 2428 πόλις
316 2362 358 2418 Αἰ
376 2396 411 2404 -
431 2368 473 2419 14.
497 2360 573 2434 μέλει
591 2364 631 2419 A:
655 2359 746 2433 μέλλει
763 2364 855 2419 BCD
873 2395 907 2405 -
926 2381 977 2435 σφι
995 2365 1023 2419 Α
1042 2398 1075 2405 -
1096 2371 1137 2421 15.
1158 2366 1284 2422 Κύκνεια
1302 2366 1370 2420 Her-

97 2506 230 2577 proprium
255 2508 301 2561 est
324 2505 446 2560 hominis
471 2505 638 2560 remorantis
658 2537 691 2545 -
711 2511 736 2562 8.
760 2503 940 2577 καταίσχυνε·
967 2524 1054 2577 grave
1079 2510 1109 2563 et
1133 2511 1215 2580 turpe
1242 2509 1370 2564 debitum

98 2595 184 2632 meum
203 2576 364 2632 frustrando
392 2594 471 2631 mora
498 2577 638 2644 reddidit;
666 2576 700 2632 cf.
720 2576 794 2633 Plat.
814 2596 903 2648 symp.
923 2598 949 2649 p.
970 2595 1026 2635 rsus
1049 2581 1168 2645 πολλοὺς
1195 2579 1295 2651 λόγους
1321 2584 1370 2636 καλ

97 2648 249 2721 ὑποσχέσεις
258 2649 448 2721 καταισχύνας
458 2682 493 2690 -
503 2654 527 2703 9.
537 2646 630 2712 τόκος·
645 2651 755 2703 veteres
765 2648 945 2720 grammatici
956 2666 1067 2705 carmen
1078 2651 1109 2706 0.
1120 2670 1148 2705 x1
1161 2652 1369 2717 intellexerunt,

98 2726 234 2791 tamquam
261 2722 361 2777 foenus
386 2720 475 2791 capiti
500 2721 544 2791 (Ο,
565 2723 595 2791 x)
619 2720 762 2788 additum3
790 2738 864 2789 quae
889 2720 1086 2793 interpretatio
1111 2723 1178 2778 lerri
1203 2724 1315 2794 nequit,
1345 2726 1369 2779 si

99 2792 262 2848 Boeckhium
281 2796 393 2849 secutus
413 2809 526 2847 carmen
543 2791 616 2846 illud
630 2791 778 2863 Olympiae
796 2796 863 2862 post
880 2792 972 2863 ipsam
985 2794 1134 2850 victoriam
1148 2798 1295 2851 cantatum
1309 2814 1369 2851 esse

99 2867 212 2933 statuas3
231 2866 281 2919 sed
300 2864 325 2919 si
342 2882 435 2919 meam
456 2863 624 2919 sententiam
645 2864 683 2917 ad
705 2864 940 2934 θηρεύσαντα
961 2866 1139 2991 probaveris,
1162 2868 1234 2922 bene
1255 2871 1369 2937 poetam

101 2936 230 2991 dicentem
248 2936 345 3005 facies,
364 2935 471 2991 crimen
488 2952 614 2990 remorae
632 2952 661 2990 se
680 2935 795 2990 abluere
813 2953 868 2989 non
887 2939 948 2991 tam
978 2954 1050 3007 ongo
1070 2939 1200 3009 carmine,
1218 2939 1293 3008 quod
1312 2957 1370 2995 una

97 3023 157 3061 cum
174 3008 264 3079 capite
282 3008 382 3063 foenus
401 3007 509 3076 solvat,
528 3024 614 3076 quam
633 3007 742 3062 duobus
762 3007 946 3078 carminibus,
965 3026 1085 3077 quorum
1102 3028 1189 3064 unum
1208 3010 1304 3082 (le)
1323 3029 1368 3065 ca-

97 3079 172 3147 pitis,
195 3080 314 3134 alterum
332 3079 386 3150 (Ol.
401 3082 441 3149 τι)
460 3079 583 3133 foenoris
601 3078 663 3133 vice
685 3079 872 3149 fungatur-
894 3086 935 3135 10.
962 3078 1032 3149 ὄντα,
1058 3082 1134 3151 quod
1156 3100 1207 3153 pro
1231 3080 1305 3146 ὅπως
1323 3084 1369 3137 vel

99 3152 132 3212 ὡς
148 3151 230 3205 etiam
242 3171 269 3206 v.
283 3168 310 3207 sc
349 3154 414 3205 oeta
436 3150 546 3221 posuit,
572 3153 616 3205 est
640 3150 829 3220 exhortantis,
857 3168 890 3205 co
912 3151 969 3205 iam
995 3156 1090 3207 autem
1116 3154 1251 3209 orationis
1277 3156 1368 3209 undae

99 3221 170 3275 fluvii
194 3222 306 3294 lapillos
328 3170 424 3277 litoris
448 3222 591 3277 volutatos
619 3221 761 3276 haurienti
787 3225 816 3276 et
840 3239 877 3277 au
891 3223 981 3278 arenti
1006 3228 1163 3295 comparat,
1191 3226 1368 3308 paratactica

100 3296 230 3348 structura
248 3293 385 3349 orationis
403 3312 470 3348 usus
489 3326 523 3334 -
550 3300 591 3349 11.
618 3294 716 3349 κοινόν
740 3291 838 3363 λόγον·
865 3294 1005 3350 rationem
1027 3296 1102 3351 inter
1119 3298 1322 3367 Agesidamum
1340 3299 1369 3351 et

98 3364 238 3420 Pindarum
258 3368 434 3421 contractam
452 3369 518 3436 post
536 3365 691 3435 Kayserum
709 3365 859 3420 Meinelius
880 3368 982 3438 (progr.
1003 3366 1178 3493 (λειριιμοόοιιὶ
1198 3373 1267 3423 1890
1286 3389 1312 3440 p.
1333 3372 1369 3439 as)

99 3436 150 3490 inte
181 3440 300 3506 retatur,
325 3455 397 3506 quae
421 3438 535 3507 quidem
557 3438 754 3507 interpretatio
772 3436 802 3491 vi
820 3438 935 3509 cognati
959 3439 1049 3494 vocab
1081 3459 1092 3493 1
1117 3444 1268 3509 συνθηκῶν
1294 3458 1368 3495 com-

100 3525 156 3562 men
176 3513 237 3563 atur
254 3513 285 3564 st
302 3510 390 3563 verbo
407 3509 557 3564 coniuncto
570 3507 683 3580 τίσομεν
702 3509 807 3580 optime
826 3510 966 3580 convenit,
985 3528 1158 3582 quamquam
1176 3512 1276 3565 similis
1291 3512 1367 3567 locu-

100 3580 135 3632 tio
152 3582 229 3646 ξυνὸς
247 3579 329 3651 λόγος
348 3580 378 3636 0.
396 3599 436 3635 vn
454 3596 479 3635 er
499 3598 614 3635 causam
633 3598 808 3635 communem
826 3582 856 3635 ct
874 3581 1030 3637 orationem
1048 3584 1084 3637 ad
1104 3600 1216 3638 omnem
1233 3585 1369 3655 populum

98 3652 274 3719 pertinentem
299 3651 442 3723 significat
467 3684 501 3692 -
528 3658 569 3706 13.
593 3650 744 3721 Ἀτρέκεια·
769 3652 887 3723 respicit
910 3654 1019 3708 sincera
1041 3654 1148 3710 iudicia
1166 3656 1316 3710 Locrorum
1339 3660 1368 3710 et

99 3738 150 3775 rem
173 3724 316 3793 publicam
344 3722 455 3793 legibus
486 3723 599 3778 Zaleuci
626 3724 732 3795 optime
760 3726 963 3795 temperatam
1001 3726 1036 3781 cf.
1059 3726 1132 3782 Plat.
1156 3726 1227 3783 Tim.
1252 3744 1277 3783 sc
1292 3754 1306 3782 τ
1332 3760 1367 3768 -

100 3800 136 3847 15.
156 3795 239 3863 τράπε
263 3794 295 3850 a
319 3795 445 3850 Κύκνεια
470 3794 558 3866 μάχα·
586 3813 643 3849 non
669 3796 713 3849 Ps.
733 3795 888 3849 Hesiodum
916 3796 945 3850 in
974 3797 1057 3852 Scuto
1086 3797 1214 3853 Herculis
1261 3816 1279 3851 u
1321 3816 1367 3853 am

100 3863 214 3922 Herculis
228 3885 292 3923 cum
308 3866 409 3937 Cycno,
424 3866 525 3921 Martis
539 3866 606 3936 tilio,
621 3866 650 3921 in
664 3867 728 3921 luco
742 3866 881 3937 Apollinis
892 3868 1037 3939 Pagasaeo
1052 3871 1213 3923 narrantem
1229 3817 1281 3923 liin
1302 3886 1367 3925 arus

101 3939 225 4008 sequitur,
250 3940 302 3993 sed
321 3939 523 4007 Stesichorum,
546 3942 661 4009 poetam
679 3938 775 3993 Locris
794 3939 955 4008 oriundum,
980 3958 1063 4009 quem
1081 3942 1111 3995 in
1130 3940 1252 3996 carmine
1271 3942 1367 4012 aliquo

100 4026 214 4067 ramasse
232 4010 387 4066 scholiasta
405 4012 535 4080 testatur,
556 4010 678 4081 primum
696 4010 845 4064 Herculem
863 4009 956 4080 Cycno
976 4012 1092 4067 cessisse
1112 4016 1141 4067 et
1158 4012 1274 4085 fugisse.
1312 4013 1367 4069 Sed

100 4098 218 4147 quorsum
242 4084 332 4137 haec?
357 4082 512 4137 scholiasta
536 4081 695 4152 respondit:
728 4080 871 4152 τοιγάρτοι
901 4082 949 4137 θιόι
978 4084 1010 4137 τὸ
1040 4086 1088 4139 καὶ
1114 4085 1162 4139 τόν
1186 4083 1366 4157 Ἀγησίόαμον

100 4152 263 4224 ἀπολήγοντα
288 4153 342 4223 ἤδη
369 4154 425 4209 ὑπὸ
447 4150 556 4208 Ἰολάου
581 4151 714 4208 άλείπτου
739 4154 935 4223 ἆνερρῶσθαι,
962 4154 1074 4218 εἰκότως
1095 4165 1184 4211 ταῦτα
1203 4156 1366 4229 ἐπηγάγετο.

100 4224 180 4293 Atque
192 4226 395 4296 Agesidamum
408 4242 465 4280 non
478 4225 569 4295 primo
583 4224 691 4296 impetu
705 4224 899 4280 adversarium
911 4226 1038 4298 pugilem
1052 4228 1195 4298 deiecisse,
1212 4231 1262 4283 sed
1276 4230 1365 4284 multo
1412 4242 1413 4247 ’

102 4311 154 4349 cum
172 4298 271 4353 sudore
289 4296 415 4368 palmam
434 4314 518 4369 aegre
537 4297 637 4352 tulisse
656 4300 805 4365 sequentes
823 4314 920 4351 versus
939 4298 1085 4370 perspicue
1104 4298 1239 4357 indicant.
1268 4300 1365 4356 Nihilo

102 4369 186 4423 tamen
202 4370 293 4424 secius
311 4371 416 4423 temere
434 4370 502 4424 ficta
524 4369 581 4423 ista
600 4386 618 4424 a
635 4368 829 4441 grammaticis
847 4369 987 4426 videntur.
1025 4372 1154 4441 Namque
1173 4372 1211 4427 ali
1231 4376 1279 4427 tae
1298 4389 1366 4442 quo-

100 4438 180 4494 minus
201 4440 347 4511 discipulis
371 4440 429 4494 suis
447 4441 643 4496 laborantibus
663 4440 857 4511 subvenirent,
877 4440 988 4513 legibus
1008 4443 1110 4498 severis
1129 4392 1267 4514 promitti
1286 4447 1367 4499 erant

100 4514 129 4577 (v.
144 4512 180 4565 lo.
199 4512 339 4581 chrysost.
360 4530 405 4583 ap.
424 4512 520 4581 Migne
538 4531 566 4566 ιτ
585 4530 596 4567 κ
618 4532 646 4583 p.
665 4530 704 4570 esc
724 4517 753 4568 et
771 4516 829 4584 sar).
868 4512 928 4579 Quo
957 4532 1020 4569 cum
1047 4514 1177 4585 accedat,
1201 4514 1275 4585 quod
1301 4515 1365 4588 χάλ-

100 4582 241 4653 urorum
260 4584 297 4638 ad
315 4583 405 4652 ludos,
424 4582 526 4653 quibus
545 4583 581 4637 ab
601 4584 696 4640 aeneis
715 4585 801 4641 armis
820 4586 1015 4651 abstinebant,
1057 4603 1136 4640 arum
1155 4588 1290 4658 pertinet,
1310 4588 1364 4643 Ta·

100 4651 168 4722 lelio,
186 4655 307 4710 Dilucid.
326 4655 406 4709 Pind.
426 4674 452 4725 p.
468 4674 519 4725 scr,
538 4654 709 4727 adstipulor‚
732 4658 782 4728 qui
803 4657 856 4713 illa
873 4657 961 4713 verba
979 4658 1017 4711 ad
1035 4604 1141 4713 iulum
1160 4659 1196 4714 ab
1215 4658 1364 4729 Anaxilao,

100 4726 208 4791 tyranno
225 4725 338 4795 Rhegii,
356 4726 449 4780 Locris
469 4727 594 4797 illatum,
613 4730 688 4798 quod
707 4729 819 4784 fortiter
836 4728 881 4783 illi
898 4729 1020 4813 primum
1038 4730 1251 4801 propulsassent
1269 4730 1314 4801 (cf.
1334 4730 1363 4787 P.

102 4801 171 4867 nis),
188 4796 336 4852 referenda
355 4813 415 4851 esse
432 4798 577 4855 iudicavit.
615 4800 661 4855 Sic
683 4801 772 4871 igitur
790 4803 959 4857 sentent1am
982 4802 1132 4871 procedere
1157 4803 1260 4860 sentio:
1283 4803 1365 4858 Locri

145 4896 267 4938 lanians
281 4896 315 4938 od.
329 4895 433 4937 christ.
1135 4899 1150 4950 6
