3417 5434
812 300 963 350 PlNDARI
981 300 1148 351 EPlNlClA.

429 466 558 542 γνῶναί
578 460 610 524 τ’
636 459 749 538 ἔπειτ’,
773 459 912 547 ἀρχαῖον
935 461 1064 536 ὄνειδος
1086 459 1249 525 ἀλαθέσιν

431 571 543 650 λόγοις
561 570 592 632 εἰ
609 569 786 652 φεύγομεν,
805 570 973 631 Βοιωτίαν
990 563 1042 631 ὗν.
1087 565 1157 631 έσσί
1176 569 1240 648 γάρ
1259 569 1397 650 ἀγγελος
1419 569 1538 652 ὀρθός,

428 676 584 759 ἠυκόμων
617 674 761 738 σκυτάλα
796 678 947 755 Μοισᾶν,
979 677 1104 756 γλυκὺς
1135 676 1260 759 κρατὴρ
1290 674 1539 759 ἀγαφθέγκτων

978 779 1110 844 ἀοιδᾶν·

1404 923 1489 988 Ἀντ.
1515 922 1553 988 ε’.

431 1015 524 1078 εἰπὸν
548 1009 584 1077 δὲ
608 1019 796 1096 μεμνᾶσθαι
821 1017 1044 1097 Συρακοσσᾶν
1068 1035 1101 1074 τε
1125 1010 1179 1076 καὶ
1200 1009 1385 1098 Ὀρτυγίας·

431 1121 491 1185 τάν
510 1118 623 1205 Ἱέρων
646 1126 785 1206 καθαρῷ
809 1118 943 1205 σκάπτῳ
967 1116 1106 1199 διέπων,

429 1230 526 1312 ἀρτια
549 1229 748 1312 μηδόμενος,
771 1228 1006 1310 φοινικόπεζαν

363 1351 372 1364 “
432 1334 572 1419 ἀμφέπει
597 1334 774 1419 Δάματρα,
798 1335 980 1397 λευκίππου
1003 1356 1038 1396 τε
1060 1333 1230 1418 θυγατρὸς
1253 1330 1386 1418 ἑορτάν,
1573 1353 1614 1399 loo

429 1440 484 1505 καὶ
508 1443 616 1524 Ζηνὸς
638 1443 800 1505 Αἰτναίου
824 1439 952 1525 κράτος.
998 1439 1158 1521 ἁδύλογοι
1181 1439 1222 1503 δέ
1241 1463 1297 1504 νιν

431 1550 529 1634 λύραι
561 1551 687 1633 μολπαί
715 1571 749 1612 τε
782 1547 989 1628 γινώσκοντα
1034 1547 1079 1630 μὴ
1109 1545 1254 1630 θράσσοι
1281 1549 1413 1632 χρόνος
1431 1551 1536 1632 όλβον

982 1651 1143 1739 έφέρπων.

431 1765 494 1826 σὺν
518 1759 554 1826 δὲ
578 1761 844 1846 φιλοφροσύναις
867 1759 1039 1845 εὐηράτοις
1060 1758 1194 1841 Ἁγησία
1217 1758 1346 1837 δέξαιτο
1368 1775 1482 1848 κῶμον
1571 1783 1613 1827 na

415 1979 456 2026 90.
482 1972 550 2028 ἰοσὶι
576 1971 631 2024 aa
655 1971 725 2025 coni.
745 1970 997 2024 Wilamowita-
1027 1976 1068 2024 91.
1097 1966 1306 2040 ἀγαφθέγκτων
1333 1972 1374 2027 B:
1402 1971 1560 2042 ἀφθόγγων
1584 1975 1614 2051 A,

343 2046 421 2114 ἀγαφ
424 2041 534 2098 θέκτων
555 2043 577 2096 (l
581 2044 668 2096 D—
699 2048 741 2096 9⁶2.
771 2043 851 2096 εἰπὸν
870 2041 996 2096 Boeclrh.
1025 2037 1105 2095 εἰπον
1125 2042 1257 2095 codd—
1277 2041 1305 2095 δ’
1332 2042 1378 2113 έμε
1402 2049 1531 2114 μνᾶσθαι
1550 2042 1614 2098 coni.

343 2115 515 2168 lurenlra—
536 2121 713 2181 συρακουσᾶν
731 2114 814 2167 A—
840 2119 883 2169 93.
907 2112 1037 2185 σκάπτρφ
1056 2114 1170 2167 BD-
1195 2118 1237 2167 95.
1262 2113 1360 2180 ἑορτάς
1378 2119 1458 2169 A-
1479 2122 1522 2170 97.
1542 2116 1613 2180 λύραι

343 2186 436 2240 codd:
456 2184 543 2240 πνοαί
561 2184 646 2238 schol.
649 2185 750 2253 ,quod
771 2169 1051 2254 interpretamentum
1070 2185 1242 2253 depravatae
1261 2185 1416 2254 scripturae
1435 2191 1614 2240 ATPAlesse

344 2256 485 2312 dlvlnavlt
498 2255 615 2325 Βιιιγιιι
631 2229 697 2310 edit.
713 2255 792 2310 Pind.
808 2256 888 2308 Nem.
901 2275 1001 2307 ιιιι-
1021 2257 1125 2323 μολπαί
1140 2256 1248 2310 ABD:
1266 2259 1410 2324 πολλαίθ,
1430 2259 1513 2326 λύραι
1525 2277 1613 2311 πνοιαι

343 2331 465 2384 veterem
492 2327 641 2382 lectionem
663 2327 750 2380 fuisse
774 2327 845 2381 coni.
866 2327 964 2393 lehis,
990 2327 1221 2380 Pindarscholieu
1241 2344 1322 2380 ιο-
1346 2280 1480 2396 θράσσοι
1496 2328 1615 2382 Boeckh:

343 2401 467 2468 θραύσοι
484 2400 617 2466 AIACI),
636 2399 762 2467 θραύοαι
781 2399 924 2452 Hermann
943 2429 975 2436 -
997 2404 1039 2452 98.
1059 2398 1205 2467 εύιιράτοις
1223 2403 1251 2466 (η
1272 2399 1376 2470 scripto
1396 2417 1482 2470 supra
1500 2406 1528 2470 ιι)
1546 2402 1572 2455 A
1587 2429 1613 2438 —

343 2544 466 2596 Aeneam
477 2559 532 2596 non
544 2558 659 2610 semper,
672 2542 720 2595 sed
730 2541 782 2594 hoc
794 2541 853 2595 solo
864 2540 926 2594 loco
936 2540 1160 2595 chorodidascali
1171 2557 1285 2595 munere
1294 2542 1422 2596 functum
1433 2561 1495 2598 esse
1504 2546 1613 2598 statum

344 2614 451 2668 Nomen
471 2614 545 2668 enim
560 2613 698 2666 Aeneae
691 2631 720 2665 m
734 2613 857 2666 Arcadia
876 2613 1006 2681 frequens
1025 2617 1094 2680 erat,
1074 2613 1188 2666 tunde
1207 2613 1281 2667 hunc
1299 2615 1424 2669 Aeneam
1437 2617 1573 2670 Arcadem
1590 2617 1614 2666 et

345 2689 449 2756 coguat
450 2703 496 2738 um
514 2683 560 2738 vel
574 2683 715 2753 hospitem
729 2683 850 2753 Ageriae
869 2684 957 2738 fuisse
971 2658 1147 2738 Hermarinus
1166 2684 1267 2738 merito
1286 2686 1395 2741 sanet.
1424 2687 1515 2742 Simili
1529 2689 1613 2739 antem

343 2773 457 2810 munere
471 2755 622 2827 Agrigenti
636 2754 820 2825 Nicasippum
833 2754 961 2808 functum
975 2772 1036 2808 esse
1050 2759 1135 2823 poeta
1150 2755 1292 2824 significat
1306 2756 1325 2809 l
1336 2776 1357 2808 u
1366 2774 1406 2825 ιι;
1425 2759 1460 2812 cf.
1470 2759 1527 2813 vit.
1541 2757 1613 2810 Piud

344 2829 372 2880 iu
391 2827 463 2882 Prol.
478 2847 506 2898 p.
521 2847 547 2879 cr
562 2843 594 2880 m.
612 2845 655 2879 cvr
670 2843 747 2882 ae-
773 2831 815 2879 88.
839 2823 930 2950 Ἥραμ
953 2825 1121 2907 Παρθενίαν
1144 2827 1287 2880 celebrare
1306 2803 1419 2881 iubetiir
1425 2832 1527 2898 ,quod
1545 2827 1614 2882 feriis
1671 2856 1672 2889 ,

344 2899 458 2952 lunonis
473 2898 543 2952 haec
559 2897 681 2967 epinicia
700 2898 868 2968 agebantur,
887 2901 919 2950 ut
937 2897 1059 2966 epinicia
1073 2896 1208 2950 Theronis
1224 2899 1255 2952 Ο
1270 2918 1301 2950 ιιι
1316 2899 1403 2953 sacris
1417 2899 1612 2956 Dioscuromm
1671 2892 1672 2941 i

345 2969 530 3024 ArcesilaiP.
551 2989 567 3022 v
587 2968 701 3022 Carneis
720 2968 861 3038 Apollinis
880 2972 945 3022 ecte
964 2985 1025 3022 esse
1045 2971 1163 3022 constat.
1201 2969 1313 3023 Etenim
1331 2971 1397 3024 inde
1417 2989 1450 3026 ex
1469 2969 1613 3026 Homericis

345 3046 423 3110 temp
425 3041 519 3094 oribus
544 3041 683 3094 sancitum
707 3040 774 3109 fuit,
798 3043 830 3092 ut
850 3040 926 3093 seriis
946 3040 1061 3092 deorum
1078 3039 1199 3108 primum
1219 3040 1296 3111 deus,
1316 3042 1396 3095 cuius
1415 3043 1503 3097 feriae
1522 3044 1613 3105 esseut,

347 3113 449 3181 hymno
478 3111 524 3166 vel
551 3111 694 3182 prooemio
722 3112 924 3178 celebraretur,
953 3110 1056 3164 deinde
1084 3111 1121 3163 ad
1147 3111 1246 3164 laudes
1277 3085 1421 3166 liominum
1449 3115 1612 3168 transiretur

346 3183 434 3248 Quem
454 3187 550 3238 autem
568 3183 661 3236 locum
680 3182 765 3264 vulgo
785 3155 955 3252 rhapsodias
974 3182 1096 3246 Homeri
1116 3185 1148 3234 ut
1165 3182 1329 3265 ιλιομηδεια,
1346 3183 1544 3255 Ἀγαμέμνονος
1561 3187 1611 3250 Apr-

345 3253 436 3322 στεία,
456 3257 612 3322 Δολόνεια,
632 3253 813 3322 obtinebant,
833 3272 897 3308 eum
920 3257 980 3306 tum
998 3253 1115 3306 Pindari
1134 3254 1286 3322 epinioium
1304 3256 1334 3308 in
1352 3257 1487 3310 honorem
1504 3255 1613 3333 Ageriae
1670 3262 1671 3283 ¹

345 3327 404 3379 fact
392 3330 452 3379 tum
472 3327 611 3416 explebat.
649 3327 742 3395 Atque
761 3325 886 3394 Heynins
910 3328 939 3379 et
958 3325 1066 3379 Gratius
1085 3325 1137 3393 (De
1159 3325 1255 3380 Graec
1271 3329 1326 3380 vet
1343 3325 1612 3398 ramesensem

346 3398 529 3468 πρῶτονμὲν
542 3396 632 3466 Ηραν
651 3395 821 3465 Παρθενίαν
839 3399 992 3477 κελαδηριιι
1010 3395 1109 3448 solisl
1110 3413 1231 3450 unonem
1250 3397 1396 3452 laudatam
1416 3415 1477 3453 esse
1496 3400 1613 3460 creduut,

346 3469 428 3592 quodt
442 3473 475 3522 ut
493 3470 552 3524 fieri
571 3486 652 3550 posse
668 3470 800 3538 concedo,
820 3469 862 3522 ita
875 3467 967 3538 magis
985 3471 1082 3521 tamen
1100 3467 1223 3521 Dissenii
1241 3469 1312 3521 mihi
1330 3471 1467 3538 probatur
1486 3468 1613 3525 sententia

345 3543 428 3610 praet
430 3557 459 3594 er
477 3541 530 3594 hoc
549 3540 700 3609 epinioium
719 3514 854 3620 hynuium
873 3539 988 3592 Iunonis
1006 3539 1190 3608 peculiarem,
1217 3539 1289 3593 alius
1309 3541 1408 3610 opinor
1426 3545 1541 3611 poetae,
1558 3557 1613 3593 cau

346 3615 440 3666 tetum
459 3615 584 3666 essesta
567 3611 698 3666 atueutis
729 3611 774 3665 Sic
790 3611 865 3664 enim
878 3610 979 3664 melius
994 3614 1121 3692 apparet,
1141 3628 1190 3663 cur
1203 3629 1259 3665 nou
1273 3628 1306 3664 ex
1320 3612 1434 3666 Iunonis
1450 3614 1559 3681 hymno,
1573 3609 1613 3663 sed

347 3701 380 3737 ex
414 3701 461 3750 eo,
515 3682 570 3736 uod
604 3700 667 3736 eum
700 3683 882 3771 sequebatur,
915 3682 1038 3736 carmine
1071 3700 1117 3736 ars
1149 3682 1265 3736 Pindari
1293 3684 1424 3753 cognosci
1453 3685 1613 3738 dicatur-

347 3761 388 3810 90.
410 3702 580 3810 Βοίωτίαν
566 3749 613 3808 όν·
634 3753 734 3809 schol..
751 3751 923 3823 Ἀρίσταρχος
940 3754 1019 3822 παρὰ
1033 3755 1064 3807 τὸ
1078 3751 1273 3824 λεγόμενονά
1273 3775 1291 3809 ν
1305 3752 1453 3828 Βοιωτίᾳ
1438 3774 1483 3818 υς·
1502 3758 1537 3810 cf.
1552 3757 1615 3808 λιιι

348 3859 380 3866 -
401 3833 443 3880 91.
463 3828 587 3894 Aeneas,
611 3825 801 3880 internuntius
819 3831 934 3907 poetae,
958 3826 1084 3879 carmina
1110 3841 1260 3906 eorumque
1278 3827 1375 3880 modos
1399 3811 1417 3880 ά
1440 3827 1561 3881 Pindaro
1577 3841 1614 3876 ec

347 3902 443 3967 ceptus
462 3870 625 3980 temquainn
626 3897 736 3951 scutale
750 3897 934 3952 Laconicam
948 3897 1098 3951 Arcadiam
1117 3896 1253 3951 afferre'
1234 3915 1325 3965 usque
1344 3898 1427 3967 quasi
1446 3903 1553 3953 cratere
1565 3893 1614 3949 sini

348 3968 490 4023 laetitiam
504 3968 627 4023 convivii
643 3985 745 4050 augere
761 3969 925 4024 dicitur-
946 3975 1012 4024 aas.
1031 3971 1149 4022 venuste
1163 3971 1248 4038 poeta
1263 3969 1405 4038 convivas,
1419 3987 1483 4024 cum
1496 3967 1614 4024 Hieronis

348 4057 485 4095 memores
511 4057 559 4094 eos
586 4057 646 4094 esse
672 4040 764 4108 iubet,
790 4039 851 4109 ipse
871 4040 1016 4108 carminis,
1042 4057 1097 4109 quo
1116 4043 1202 4093 antea
1220 4040 1350 4094 Hieronis
1368 4013 1468 4094 lehdes
1487 4040 1615 4096 cecinerat

348 4111 390 4180 (Ο.
406 4115 478 4181 ιιι),
499 4113 708 4165 commonet-
729 4117 771 4166 94.
791 4110 1002 4180 φοινικόπεζαν,
1020 4128 1160 4181 purpureo
1178 4129 1259 4165 socco
1277 4111 1407 4165 indutam
1424 4112 1615 4183 interpretatur

349 4182 584 4237 Wilamowitzius
604 4183 640 4237 ed
660 4183 767 4236 colores
786 4185 939 4252 figurarum
958 4183 1118 4253 figlinarum
1137 4199 1306 4253 provocans·
1330 4184 1462 4252 equidem
1485 4202 1536 4239 cur
1557 4187 1615 4238 hee

349 4253 546 4323 interpretatio
565 4255 614 4308 vul
636 4254 677 4308 eri
697 4256 852 4323 ‘purpureo
871 4256 957 4325 pede'
978 4255 1073 4341 potior
1095 4255 1208 4309 sitnon
1227 4255 1423 4324 intellego-
1452 4262 1494 4310 ab.
1527 4253 1614 4310 schol:

353 4325 506 4395 ἱερωσύνην
526 4273 657 4416 slxevb
651 4324 744 4394 ίέροιν
763 4326 910 4396 Δημητρος
928 4327 977 4380 καί
995 4324 1088 4416 Κόρης
1106 4328 1154 4379 καὶ
1173 4328 1242 4389 Διὸς
1260 4325 1392 4382 Αἰτναίου
1412 4327 1443 4381 έν
1462 4327 1576 4382 Σικελία
1591 4324 1616 4377 a

351 4399 486 4488 διαδοχῆς
504 4396 624 4466 Τηλίνου
639 4406 688 4451 τοῦ
702 4397 843 4468 προγόνου
858 4399 991 4452 αὐτῶν..
1004 4399 1060 4452 τά
1077 4396 1248 4468 προκείμενά
1266 4417 1354 4468 φησιν
1368 4399 1383 4454 δ
1397 4385 1568 4474 <Δίδυμος>
1577 4395 1616 4451 καὶ

351 4466 541 4537 παρατίθεται
559 4469 594 4523 sd
615 4467 744 4524 Φιλίστου
766 4471 814 4522 καί
837 4470 873 4522 τὰ
894 4472 1022 4539 Τιμαίου
1059 4470 1189 4524 Hieronis
1215 4471 1404 4524 sacerdotium
1429 4475 1614 4547 praeterquam

353 4539 405 4594 hcc
430 4540 492 4594 loco
518 4543 603 4610 poeta
629 4539 800 4622 significavit
788 4541 854 4594 t.P
874 4560 895 4593 11
914 4559 953 4595 ιιι
973 4544 1002 4595 et
1019 4541 1051 4595 fr.
1072 4557 1123 4608 ¹⁰⁵3
1149 4544 1240 4594 totam
1258 4557 1317 4595 rem
1335 4541 1476 4596 uberrime
1494 4537 1617 4596 tractarit

352 4611 501 4680 Luebbert,
481 4611 561 4666 tDe
580 4611 711 4666 Hieronis
728 4612 802 4682 regis
822 4613 980 4667 sacerdotio
1000 4611 1116 4677 Cereali,
1137 4612 1251 4665 Bonnae
1271 4617 1392 4665 1887—
1413 4619 1455 4666 95.
1475 4612 1616 4668 λευκίππου

349 4681 504 4762 θυγατρός,
530 4683 727 4752 Proserpinae,
747 4701 819 4752 quae
838 4682 1039 4756 λευκοπώλῳ
1022 4704 1125 4753 αρματι
1150 4684 1187 4737 ad
1213 4684 1322 4737 caelum
1347 4687 1430 4739 vecta
1454 4701 1517 4739 esse
1543 4687 1616 4739 fertur

350 4750 379 4804 in
399 4753 564 4806 scholiis-
584 4761 625 4808 96.
646 4755 746 4810 schol..
768 4755 799 4808 έν
816 4765 850 4826 τῇ
870 4756 954 4828 Αίτνη
975 4741 1043 4818 ι’ίιὺς
1061 4753 1193 4809 Αἰτναίου
1213 4757 1322 4826 ἄγαλμα
1342 4759 1463 4825 ἵδρυται,
1481 4758 1560 4812 καί
1550 4753 1615 4823 zocri
