3417 5434
525 329 583 380 .1v.
612 327 662 378 me
681 327 765 380 νινε
783 289 940 383 emnem.
1315 327 1375 381 cm

723 539 742 593 C

185 667 262 734 vite
283 686 324 734 ex
346 667 512 734 Eustathii
535 667 769 736 commentariis
791 665 972 734 Pindaricis
996 666 1047 754 (ἐκ
1072 670 1288 764 Πινδαρικωυ

526 772 757 862 παρεκβολῶν)
779 775 943 858 exoorptii.

190 923 347 996 Τοιοῦτος
375 915 412 984 δὲ
441 919 488 985 διν
515 921 577 1004 τὴν
604 923 752 1002 ποίησιν,
784 919 830 995 ὡς
857 918 1070 1004 άμνδρότατα
1096 919 1289 1004 ὑπογράψαι
1315 921 1375 986 τὸν

97 1029 203 1113 ἄνδρα
229 1023 369 1114 (χρῶσαι
396 1028 460 1112 γάρ
487 1028 524 1092 τὸ
548 1025 783 1112 σκιαγράφημα
806 1035 905 1090 τοῦτο
928 1028 976 1103 εἰς
998 1023 1123 1104 ἐντελές
1147 1033 1197 1109 είη
1221 1025 1264 1092 άν
1285 1027 1375 1092 πάνυ

97 1132 260 1222 ἐργῶδες),
284 1133 513 1219 έπιμεμέληται
535 1134 601 1198 ὑπὸ
624 1144 692 1199 τῶν
714 1137 866 1198 παλαιῶν
887 1131 943 1198 καὶ
965 1136 1014 1210 είς
1035 1132 1154 1217 γένους
1175 1134 1375 1219 ἀναγραφὴν

98 1243 155 1326 τὴν
181 1243 263 1306 κατά
290 1263 325 1308 τε
354 1242 574 1327 Πλούταρχον
599 1238 655 1305 καὶ
683 1238 829 1326 ἑτέρους,
858 1238 937 1324 παρ’
962 1231 1013 1316 οἷς
1040 1239 1176 1327 φέρεται
1202 1241 1253 1306 ὅτι
1280 1243 1374 1326 κώμη

100 1353 251 1434 Θηβαίων
275 1351 310 1414 οί
327 1347 570 1434 Κυνοκέφαλοι.
611 1347 647 1412 έκ
669 1349 789 1431 ταύτης
812 1349 848 1412 oi
867 1357 928 1412 τοῦ
950 1356 1060 1431 σοφοῦ
1079 1349 1177 1412 τοῦδε
1195 1347 1409 1434 γενέτορες,ο

97 1459 200 1554 πατὴρ
231 1451 292 1542 μὲν
320 1457 508 1539 Παγώνδας
539 1455 724 1543 ὀνοματικῷ
755 1455 847 1542 τύπῳ
876 1457 1026 1542 Βοιωτίῳ
1055 1456 1137 1520 κατὰ
1165 1455 1201 1520 τὸ
1227 1453 1374 1540 Ἐπαμει-

100 1565 235 1646 νύνδας,
257 1564 450 1650 Κρεύνδας·
474 1563 556 1629 κατὰ
574 1561 614 1627 δέ
629 1583 723 1639 τινας
742 1561 941 1647 Δαϊφάντου
960 1561 980 1645 ἢ
1000 1565 1208 1628 Σκοπελίνου
1227 1562 1374 1646 αὐλητοῦ

98 1668 148 1734 καὶ
171 1674 342 1756 Μυρτοῦς.
383 1669 420 1748 ὃς
443 1671 484 1754 δὴ
505 1674 709 1746 Σαοπελῖνος
731 1670 794 1758 την
815 1669 997 1752 αύλητικην
1020 1668 1156 1748 διδάξας
1178 1670 1238 1734 τὸν
1258 1670 1372 1752 παῖδα,

100 1778 165 1843 ἐπεί
184 1794 290 1862 φασιν
312 1772 402 1842 εἶδεν
424 1777 527 1842 αὐτὸν
547 1780 695 1862 μείζονος
713 1774 809 1854 ἕξεως
826 1777 939 1862 φύντα
956 1777 1038 1862 ἥπερ
1056 1773 1114 1842 ὑπ’
1135 1776 1224 1864 αὐτῷ
1244 1782 1372 1842 τελειω-

99 1893 207 1969 θῆναι,
228 1883 420 1970 παρέδωκεν
442 1887 489 1962 είς
511 1885 661 1970 μάθησιν
683 1889 859 1972 μελοποιφ,
882 1891 928 1972 τῷ
951 1882 1178 1970 περιμδομένφ
1201 1884 1303 1972 Λάσφ
1327 1895 1372 1973 τῷ
1396 1901 1427 1948 ιο

96 1991 262 2078 Ἑρμιονεῖ,
280 1991 359 2078 παρ’
376 1986 403 2081 ηδ
421 1989 603 2075 ἐπαιδεύθη
623 1993 684 2076 τὴν
702 1993 851 2078 λυρικήν.
889 1994 972 2056 ἔνιοι
991 1987 1027 2056 δὲ
1045 1991 1105 2056 τὸν
1124 1989 1228 2057 αὐτὸν
1245 1994 1374 2076 ἔφασαν

100 2101 275 2186 διωνυμίας
312 2102 400 2188 λόγῳ
433 2105 640 2165 Σκοπελϊνον
676 2097 731 2164 καὶ
763 2102 963 2184 Δαΐφαντον
995 2096 1159 2180 λέγεσθαι.
1210 2100 1305 2164 άλλοι
1337 2095 1373 2164 δέ

99 2208 227 2292 πάτρων
257 2207 434 2292 Πινδάρου
467 2212 531 2272 εἴτε
562 2207 717 2292 πατρωὸν
748 2207 808 2272 τὸν
841 2210 1049 2272 Σιιοπελῖνον
1081 2200 1175 2271 εἶπον
1207 2204 1373 2289 γενέσθαι.

101 2313 157 2378 εἰσὶ
178 2313 209 2378 δ’
232 2317 266 2379 οἳ
286 2311 342 2379 καὶ
365 2315 406 2380 ού
430 2315 569 2400 Μυρτώ,
592 2294 676 2380 άλλά
696 2314 891 2396 Κλεοδίκην,
914 2312 935 2396 ἢ
958 2314 1041 2378 κατὰ
1064 2316 1259 2398 συναίρεσιν
1276 2315 1373 2378 Κλει-

100 2422 188 2504 δίκην
219 2420 343 2506 μητέρα
375 2430 421 2508 τῷ
453 2421 613 2506 Πινδάρι
647 2419 895 2506 ἀναγράφουσι,
929 2418 1095 2508 γενομένῳ
1128 2417 1182 2485 έπλ
1213 2421 1374 2505 άρχοντος
1396 2436 1427 2484 15

101 2531 221 2606 Βίωνος
242 2529 325 2593 κατὰ
348 2531 427 2604 τοὺς
449 2531 592 2614 χρόνους
612 2529 795 2612 Αἰσχύλου,
818 2521 845 2616 ηδ
868 2525 922 2593 καὶ
945 2527 1192 2611 συγγεγένηται,
1214 2527 1374 2612 ὁμιλήσας

99 2633 147 2700 καὶ
172 2635 380 2721 ἄπονάμενός
408 2659 439 2701 τι
466 2634 607 2720 καὶτῆς
635 2635 762 2702 ἐκείνου
791 2637 1051 2720 μεγαλοφωνίας.
1096 2632 1236 2718 τέθνηκε
1260 2631 1297 2700 δέ
1319 2635 1373 2700 ὅτε

100 2743 134 2805 τὰ
160 2745 306 2830 Περσικὰ
336 2745 470 2828 ἤκμαζε,
503 2743 584 2808 κατὰ
614 2744 676 2827 τὴν
703 2741 800 2826 ἕκτην
826 2740 882 2807 καὶ
910 2736 1136 2826 ὀγδοηκοστὴν
1160 2740 1373 2826 Ὀλυμπιάδα,

101 2851 187 2930 ζήσας
209 2854 264 2934 ἔτη
284 2849 318 2928 ἓξ
336 2849 392 2914 καλ
410 2847 576 2933 ἑξήκοντα,
599 2851 682 2914 κατὰ
700 2845 737 2914 δὲ
756 2848 867 2926 ένιόυς
884 2849 1098 2932 ὀγδοήκοντα.
1139 2850 1212 2933 ἔσχε
1231 2847 1272 2914 δέ
1288 2865 1373 2933 φασι

100 2957 279 3044 θυγατέρας
302 2957 379 3040 δύο,
403 2955 633 3044 Πρωτομύχην
656 2955 711 3021 καὶ
735 2957 901 3041 Εὔμητιν,
927 2954 982 3021 καὶ
1003 2957 1082 3022 viee
1104 2953 1142 3021 δὲ
1164 2959 1373 3041 Δαίφαντον,
1393 2972 1427 3020 20

100 3065 193 3147 γήμας
219 3063 441 3147 Μεγάκλειαν·
471 3058 519 3129 ὧν
547 3065 588 3148 δη
614 3061 812 3149 θυγατέρων
839 3062 1000 3148 μέμνηται
1023 3062 1079 3129 καὶ
1101 3063 1289 3149 έτίγραμμα
1311 3085 1374 3128 πα·

103 3173 187 3236 λαιὸν
212 3171 331 3236 έκεῖνο

218 3291 264 3361 Ἦ
283 3297 383 3381 μάλα
407 3296 649 3380 Πρωτομάχη
673 3319 710 3359 τε
734 3292 798 3360 καὶ
821 3295 995 3379 Εὔμητις
1019 3296 1239 3381 λιγύφωνοι

267 3403 474 3488 Πινδάρου
498 3407 693 3468 ἔκλαυσαν
716 3401 936 3488 θυγατέρες
958 3406 1134 3486 πινυταί,

221 3509 409 3595 Ἀργόθεν
432 3505 529 3594 ἦμος
551 3510 685 3575 ἵκοντο
708 3507 908 3593 κομίζουσ’
929 3509 1070 3575 ἔνδοθι
1093 3520 1273 3596 κρωσσοῦ
1391 3525 1425 3574 το

267 3613 419 3694 λείψαν’
440 3615 512 3681 ἀπὸ
537 3605 668 3699 ξείνης
690 3615 818 3699 άθρόα
841 3625 1046 3702 πυρκαϊῆς.

103 3757 131 3820 έν
155 3753 179 3847 ᾧ
208 3761 248 3844 δὴ
278 3759 497 3844 ἐπιγράμματι
526 3759 566 3824 οὐ
595 3757 802 3843 δηλουμένου
830 3767 891 3822 τοῦ
918 3769 988 3835 πῶς
1015 3758 1052 3824 έν
1068 3757 1183 3845 Ἀργει
1211 3759 1330 3824 θανὼν
1354 3759 1372 3824 ὁ

103 3869 260 3953 Πίνδαρος
287 3861 357 3931 εἶτα
384 3867 432 3942 είς
458 3867 520 3950 τὴν
542 3868 685 3953 πατρίδα
709 3863 839 3930 ἐκεῖθεν
863 3865 1039 3950 ἐκομίσθη,
1068 3866 1155 3950 ὅμως
1178 3864 1269 3930 ἐστὶν
1291 3865 1372 3931 ύτο-

105 3983 216 4058 νοῆσαι,
240 3975 291 4040 ὅτι
316 3973 473 4039 ἀπελθὼν
495 3977 543 4050 είς
565 3996 640 4037 τινα
659 3975 936 4055 Πελοποννήσιον
955 3971 1068 4055 ἀγῶνα
1086 3971 1142 4037 καὶ
1160 3973 1279 4037 θανὼν
1296 3971 1368 4036 κατ’

105 4079 172 4144 αὐτὸ
202 4083 240 4147 τὸ
259 4079 383 4165 ’Ἁργος
414 4079 564 4163 ἀπεδόθη
597 4078 726 4144 ἐκεῖθεν
752 4081 889 4164 πατρίδι
916 4081 1042 4165 νεκρός.
1092 4088 1138 4168 τῷ
1166 4075 1204 4143 δὲ
1231 4077 1370 4162 ῥηθέντι
1390 4097 1425 4145 30

105 4186 156 4272 υἱῷ
174 4186 357 4276 Δαιφάντςο
381 4184 435 4252 καὶ
460 4186 717 4271 δαφνηφορικὸν
740 4179 827 4272 ᾆσμα
851 4184 977 4271 γράψαι
1001 4183 1128 4268 λέγεται
1151 4185 1169 4250 ὁ
1192 4186 1311 4269 πατήρ,
1335 4183 1372 4261 ὃς

182 4370 204 4418 i.
228 4361 372 4417 Eusiethii
391 4361 654 4433 prolegomenorum
672 4377 745 4430 quae
764 4361 935 4415 antecedunt
954 4359 1069 4414 exhibet
1087 4359 1171 4428 Abel,
1196 4359 1311 4414 Scholia
1328 4377 1370 4415 re·

107 4431 185 4488 centia
206 4435 236 4490 in
259 4433 376 4490 Pindari
399 4433 522 4505 epinicia
544 4432 624 4490 voit
641 4451 669 4502 p.
685 4437 781 4490 3-17.
806 4465 839 4472 -
865 4438 906 4487 16.
929 4429 1055 4501 Ἀβίωνος
1079 4432 1149 4500 cod„
1173 4427 1278 4495 Βίωνος
1300 4448 1370 4487 corr.

106 4499 200 4575 Ηιγιιο,
216 4502 353 4596 ’Ἄρρωνος
372 4504 443 4560 coni.
462 4504 665 4572 Wilamowiiz‚
689 4504 804 4559 Aristot.
824 4522 850 4557 u.
870 4504 964 4556 Athen
982 4509 1078 4557 11302.
1117 4537 1125 4542 -
1162 4508 1195 4557 17
1206 4521 1246 4572 sq.
1271 4503 1317 4558 ὅτε
1335 4505 1371 4558 τὰ

107 4573 216 4642 Περσικὰ
231 4580 356 4647 ηκμαζεν
369 4576 580 4648 transponenda
594 4578 660 4629 sunt
673 4578 738 4646 post
752 4572 958 4664 ουγγεγέυηται.
991 4574 1072 4630 Diod.
1087 4594 1116 4628 τι
1130 4580 1164 4629 26
1179 4574 1217 4629 οδ
1231 4574 1275 4630 Ol.
1287 4581 1330 4644 76,
1340 4582 1370 4630 2:

107 4653 151 4698 τῶν
167 4647 196 4704 δὲ
215 4653 369 4720 μελοποιῶν
384 4645 528 4716 Πίνδαρος
546 4641 582 4716 ἦν
599 4647 731 4716 ἀκμάζων
749 4667 822 4702 κατα
838 4646 955 4710 τούτους
968 4648 1033 4710 τοὺς
1047 4644 1173 4716 χρόνους.
1194 4678 1226 4687 -
1246 4653 1290 4701 20.
1305 4645 1371 4702 Διό-

107 4734 201 4782 φαντον
218 4721 279 4776 cod.
300 4751 332 4760 -
353 4725 396 4773 24.
415 4719 470 4774 έκλ.
490 4739 547 4774 πιν.
567 4721 649 4774 Πινδ.
668 4723 735 4788 θυγ.
754 4719 828 4785 cod.;
853 4722 960 4787 iranep.
981 4717 1120 4785 Gerherd3
1140 4715 1298 4787 Πινδαρίου
1316 4718 1373 4774 θέε

109 4805 192 4856 γατρες
207 4791 253 4847 vel
272 4789 429 4861 Πινδάριαι
448 4790 518 4845 coni.
539 4791 639 4861 Unger.
660 4822 692 4830 -
713 4795 755 4844 31.
776 4789 928 4862 Διοφάντφ
947 4789 1007 4843 eod.
