3417 5434
599 327 747 379 reanum
768 329 804 379 vr
824 326 880 397 [v].
1315 327 1380 391 359

100 494 283 553 meditatum
312 514 374 553 esse
403 496 493 571 poeta
515 514 542 555 v.
564 506 579 553 7
602 493 727 571 indicat,
756 498 871 555 aestate
897 495 1030 555 eiusdem
1058 496 1129 555 anni
1157 496 1264 573 agendi
1288 496 1380 557 insta·

97 583 185 643 bant.
227 584 333 660 Neque
356 588 457 643 tamen
476 582 617 661 Olympia
639 584 801 660 Lamponia
824 584 879 642 filii
902 584 1046 663 vicerunt,
1070 604 1123 645 seu
1146 585 1259 645 bellicis
1282 586 1380 645 turbis

95 675 136 731 ut
161 673 197 732 de
221 673 344 733 consilio
368 672 544 733 desisterent
567 673 708 733 commoti
731 676 810 752 sunt,
834 692 888 733 seu
905 673 1003 753 finem,
1027 693 1117 751 quem
1139 674 1196 735 sibi
1218 694 1379 751 proposue-

94 764 183 839 rant,
207 782 266 821 non
289 762 465 841 attigerunt

189 850 226 909 In
253 851 406 929 splendido
434 852 585 928 prooemio
613 852 767 911 Musarum
795 852 976 911 carminibus
1003 871 1073 912 cum
1100 853 1217 928 poculis
1247 853 1378 913 convivii

94 939 240 999 similiter
269 944 361 1018 atque
391 940 422 999 in
450 940 507 1001 oda
531 939 844 1019 abrumpamus,
875 960 954 1000 nunc
984 941 1073 1001 alteri
1102 940 1246 1001 victoriae
1274 942 1379 1002 domus

94 1029 263 1106 Lamponia
292 1048 322 1089 se
350 1029 444 1089 libare
473 1033 504 1088 et
530 1050 599 1090 mox
631 1030 723 1089 etiam
756 1029 864 1091 tertiae
897 1031 983 1106 eique
1015 1030 1123 1090 maiori
1154 1031 1322 1090 libaturum
1348 1050 1379 1091 se

92 1137 219 1195 sperare
248 1119 322 1177 dicit
348 1109 457 1200 (1-9).
503 1118 569 1179 Iam
595 1120 739 1179 felicitate
767 1118 930 1195 Lamponia
957 1120 1132 1196 praedicata
1159 1123 1191 1179 et
1212 1120 1270 1196 piis
1300 1121 1379 1180 rotis

94 1228 154 1283 pro
190 1207 255 1267 eius
285 1210 382 1267 salute
412 1208 500 1267 laetis
531 1200 665 1291 (ιο-18)
696 1208 800 1269 atatim
829 1207 868 1266 ad
900 1209 930 1268 id
962 1209 1085 1286 transit,
1117 1209 1199 1286 quod
1230 1209 1380 1287 Aeginam

92 1297 232 1357 insulam
255 1297 377 1358 obeunti
401 1296 458 1357 sibi
481 1298 622 1357 sollemne
645 1317 707 1357 esse
732 1297 784 1376 ait,
803 1300 839 1355 ut
857 1298 985 1375 gloriam
1008 1298 1208 1357 Aeacidarum
1231 1301 1294 1357 tam
1317 1299 1378 1358 late

94 1386 253 1465 diffusam,
283 1390 319 1446 ut
345 1387 430 1447 nulla
457 1385 528 1447 urbs
558 1389 621 1446 tam
644 1386 771 1446 barbara
795 1386 847 1464 sit,
877 1405 955 1463 quae
978 1405 1039 1446 non
1061 1386 1097 1446 de
1121 1386 1210 1446 Peleo
1234 1390 1265 1446 et
1286 1388 1378 1447 Aiace

93 1480 127 1534 et
153 1476 314 1537 Telamone
346 1475 507 1553 audiverit,
534 1475 687 1553 praedicet
713 1467 858 1557 (ιθ-27).
903 1475 950 1533 Ex
976 1475 1081 1535 multis
1109 1478 1209 1535 autem
1232 1475 1321 1536 rebus
1340 1477 1378 1536 ab

94 1564 241 1625 :Aeacidis
263 1565 338 1625 bene
365 1565 458 1643 gestis
485 1584 578 1624 unam
604 1569 695 1643 poeta
722 1565 831 1643 selegit
857 1564 954 1625 fusius
981 1566 1174 1643 narrandam,
1203 1565 1376 1625 societatem

95 1655 269 1733 Aeginetici
292 1654 389 1715 herois
414 1654 450 1712 ab
474 1654 602 1714 Hercule
625 1655 794 1730 quaesitam
817 1646 961 1735 (νδ-34).
1007 1653 1118 1730 Lepide
1148 1653 1244 1731 igitur
1272 1658 1377 1714 narrat

94 1744 269 1821 Herculem,
292 1762 361 1805 cum
384 1748 542 1803 coenantes
565 1744 728 1823 Aeginetae
751 1743 946 1819 convenisset,
968 1746 1105 1819 pateram
1128 1742 1190 1802 vini
1214 1744 1335 1820 plenam
1358 1764 1377 1802 a

94 1833 260 1893 Telamone
285 1833 418 1893 oblatam
441 1833 588 1909 accepisse
612 1836 643 1893 et
665 1832 804 1893 manibus
828 1832 867 1890 ad
889 1833 1006 1891 eaelum
1033 1831 1173 1909 sublatis,
1201 1836 1237 1891 ut
1263 1832 1376 1909 hospiti

93 1942 132 1981 ex
152 1922 282 1983 Eriboea
300 1922 380 1982 filius
403 1922 555 1983 animosus
578 1926 790 1999 nascereretur,
813 1924 969 1998 precatum
992 1939 1064 1999 esse,
1087 1940 1147 1998 quo
1170 1922 1251 1981 facto
1274 1921 1376 1981 Iovem

94 2013 235 2072 faustum
250 2012 413 2090 augurium
428 2012 547 2088 aquilae
563 2002 690 2092 (αἰετοῦ)
703 2011 828 2089 misisse,
843 2030 879 2070 ex
893 2030 953 2087 quo
967 2010 1048 2071 filius
1066 2010 1190 2069 tuturus
1204 2010 1375 2070 Telamonis

93 2120 207 2161 nomen
227 2102 359 2161 traheret
378 2092 521 2183 (to-56).
558 2101 623 2161 Hae
642 2101 746 2161 fabula
764 2103 888 2159 narrata
911 2100 950 2158 ad
971 2119 1018 2159 res
1041 2103 1222 2176 praesentes,
1245 2118 1376 2175 quarum

92 2209 191 2251 cauea
214 2190 346 2251 adscitus
369 2193 447 2267 erat,
471 2190 549 2249 redit
571 2189 737 2267 laudetque
761 2189 943 2266 Phylacidae
966 2189 1159 2265 Pytheaeque
1187 2190 1318 2247 frat-rum
1345 2192 1376 2248 et

92 2280 297 2356 llutbymeuis
324 2279 466 2339 avunculi
493 2278 647 2355 victorias,
680 2278 807 2354 denique
836 2278 929 2337 etiam
960 2277 1118 2337 Themistii
1150 2277 1199 2337 avi
1231 2278 1375 2337 virtutem

93 2368 200 2447 tangit
223 2372 253 2427 et
275 2368 421 2445 prolixius
451 2368 614 2445 Lamponia
641 2368 736 2445 patris
760 2366 891 2426 filiorum
914 2367 952 2425 ad
976 2367 1186 2425 strenuitatem
1209 2366 1374 2426 institutio·

92 2478 173 2536 uem,
193 2458 440 2535 hospitalitatem,
459 2458 636 2517 modestiam
654 2457 732 2517 dono
751 2456 907 2516 Musarum
925 2456 963 2515 ad
981 2456 1142 2515 Dircaeum
1161 2457 1274 2515 fontem
1293 2456 1375 2515 facto

92 2548 288 2625 persequitur
310 2538 453 2628 (bt-75).

643 2646 688 2712 De
711 2646 833 2714 uehis.

186 2761 257 2820 Tria
284 2760 417 2820 earmina
444 2761 476 2819 in
502 2762 644 2821 bonorem
671 2758 801 2819 filiorum
828 2758 990 2835 Lamponia
1013 2759 1179 2836 Aeginetae
1207 2760 1375 2835 composita

91 2870 165 2911 cum
190 2850 290 2910 omnia
312 2850 605 2926 dactylo-epitritiois
628 2848 762 2909 versibus
786 2851 938 2925 constent,
961 2849 1018 2907 boc
1040 2867 1159 2907 carmen
1182 2851 1219 2907 ut
1242 2853 1374 2924 tempore

91 2940 227 2999 medium
256 2943 313 3017 est,
342 2940 386 2998 ita
414 2940 545 2998 numeris
573 2957 693 3014 quoque
716 2938 795 2996 inter
817 2937 1054 2997 mediocritatem
1077 2937 1197 2995 Isthmii
1220 2937 1320 3013 quinti
1343 2942 1375 2997 et

92 3029 315 3088 sublimitatem
338 3028 443 3087 Nemei
467 3028 565 3104 quinti
588 3028 720 3086 medium
743 3028 842 3086 locum
862 3026 984 3086 obtinet.
1023 3026 1134 3085 Versus
1153 3026 1278 3103 quintus
1297 3030 1374 3087 stro-

91 3120 173 3195 phae
203 3119 385 3195 monocolos,
417 3118 442 3176 si
472 3116 651 3177 seutentiam
680 3118 810 3193 spectas,
840 3116 928 3176 modo
958 3116 1112 3175 clausulae
1141 3115 1205 3175 vioe
1235 3114 1375 3194 fungitur

92 3202 158 3289 (vv.
175 3220 217 3265 30.
233 3198 291 3289 64),
310 3207 398 3267 modo
417 3226 526 3267 novam
545 3206 725 3266 sententiam
743 3204 865 3265 inchoat
883 3196 945 3286 (vv.
961 3216 985 3264 5.
1003 3215 1044 3264 14.
1059 3216 1102 3264 39.
1119 3196 1176 3286 55),
1196 3204 1222 3263 si
1240 3205 1374 3281 rhythmi

89 3297 327 3357 continuitatem
350 3298 480 3374 epactae,
510 3314 578 3355 eum
601 3300 709 3371 quarto
733 3313 821 3354 versu
844 3294 876 3352 in
898 3312 991 3353 unam
1013 3294 1171 3370 periodum
1193 3294 1374 3373 coniungen-

90 3388 151 3445 dus
175 3388 228 3445 est.
266 3386 428 3445 Cantatum
451 3404 514 3444 esse
537 3385 593 3444 hoe
616 3403 734 3444 carmen
757 3384 789 3442 iu
812 3383 959 3461 convivio,
983 3387 1014 3442 et
1036 3383 1260 3459 comparatione
1284 3384 1374 3444 dono·

90 3496 162 3535 rum
189 3476 344 3533 Musarum
372 3494 440 3533 eum
468 3478 580 3533 cratere
609 3472 738 3533 convivii
763 3466 804 3553 (v.
825 3465 910 3553 1-3)
934 3476 964 3532 et
993 3472 1151 3548 praeconio
1175 3472 1314 3532 Herculis
1337 3473 1373 3533 de

91 3566 256 3624 Telamone
279 3564 405 3623 conviva
433 3563 512 3623 laeto
538 3556 672 3643 (35-55)
696 3561 900 3640 significatum
927 3565 981 3621 est.
1028 3560 1174 3620 Pindarus
1202 3581 1274 3620 num
1300 3561 1373 3640 ipse,

90 3660 130 3713 ut
158 3655 283 3713 chorum
309 3653 428 3712 doceret
455 3652 718 3727 comissatiouique
747 3651 917 3729 interesset,
946 3650 1055 3709 Thebis
1078 3651 1226 3729 Aeginam
1249 3651 1373 3728 venerit,

91 3742 221 3802 dubium
244 3747 302 3817 est,
326 3742 510 3801 eontrarium
534 3742 612 3800 enim
634 3760 723 3800 versu
743 3752 775 3799 74
795 3740 921 3800 iudicari
940 3744 971 3800 et
989 3740 1136 3805 bellorum
1155 3743 1222 3798 tum
1245 3740 1373 3799 maxime

93 3832 275 3893 ferventium
299 3831 395 3891 turbis
418 3830 618 3891 commendari
641 3830 768 3890 videtur.

151 3988 338 4063 Θάλλοντος
362 3986 495 4071 ἀνδρῶν
519 3986 563 4062 ὡς
586 3984 639 4050 ὅτε
662 3987 848 4068 συμποσίου
1176 3988 1256 4067 Σνρ.
1275 3980 1318 4047 α’.

149 4097 306 4176 δεύτερον
328 4102 475 4179 κρατῆρα
500 4096 676 4157 ,Μοισαίων
699 4089 824 4176 μελέων

166 4308 248 4343 viam
267 4306 371 4341 suerro.
409 4288 492 4341 Inscr.
513 4304 559 4339 om
577 4284 639 4339 BD
660 4316 690 4325 -·
711 4284 817 4339 Sobel:
836 4281 988 4352 πεποίηται
1006 4282 1021 4336 ὁ
1041 4280 1165 4345 {atarneo
1183 4278 1263 4345 οὗτος
1283 4286 1371 4337 dvlc-

92 4360 161 4435 κίδᾳ
185 4362 232 4415 καὶ
251 4358 354 4432 Πυθέᾳ
377 4359 426 4413 καὶ
450 4354 612 4427 Εὐθυμένει
637 4363 856 4427 παννρατισταῐς
874 4353 988 4425 Ἴσθμια
1013 4354 1062 4408 καὶ
1081 4352 1179 4423 Νέμεα
1198 4386 1231 4394 -
1251 4361 1275 4407 2.
1300 4358 1371 4407 Μοι-

92 4430 181 4489 σαίων
200 4432 310 4500 Heyne:
329 4426 448 4501 μοισέιον
466 4428 546 4484 codd.
567 4460 600 4469 -

85 4590 92 4599 ·
166 4592 354 4629 commeari.
382 4590 407 4627 v.
426 4580 435 4627 1
455 4590 490 4626 ss.
511 4572 546 4626 de
560 4570 683 4625 carmine
699 4568 818 4640 epinieio
838 4586 902 4623 eum
921 4570 1028 4621 cratere
1047 4566 1107 4621 vini
1126 4570 1288 4638 comparato
1307 4586 1372 4622 eou-

93 4649 134 4703 ler
154 4645 296 4702 O.v11iu.
317 4676 349 4685 -
371 4648 393 4697 l.
417 4643 583 4706 θάλλοντος·
611 4642 738 4697 imitatur
761 4639 911 4696 Homerica
934 4641 1017 4693 delto
1036 4638 1158 4693 θάλειαν
1177 4641 1206 4693 et
1225 4637 1372 4709 εἰλαπίνην

92 4722 249 4775 τεθαλυῖαν
278 4748 311 4756 -
341 4723 364 4771 2.
393 4715 525 4783 δεύτερον
552 4722 691 4783 κρατῆρα,
719 4715 784 4783 poet
810 4710 932 4781 primam
959 4708 1133 4765 oblationem
1155 4710 1279 4765 carmine
1301 4710 1335 4765 N.
1354 4730 1372 4765 v

94 4792 199 4847 recum
219 4820 254 4829 -
