3417 5434
884 956 1089 1008 ΟΛΤΜΠ.Ζ.

684 1118 1007 1202 ΔΙΑΓΟΡΑι
1049 1115 1279 1202 Polla,

907 1312 1057 1363 HTKTHe

431 3242 579 3322 Diagoras
607 3245 769 3324 Damageti
797 3245 877 3303 filius
904 3243 1040 3303 Rhodius
1063 3263 1078 3302 e
1103 3242 1289 3302 nobilissima
1315 3246 1404 3321 gente
1428 3243 1610 3302 Eratidamm

343 3324 384 3412 (v.
396 3323 453 3413 93),
468 3353 544 3409 quae
556 3354 574 3392 a
584 3334 764 3412 Tlepolemo,
779 3334 917 3394 Herculis
931 3332 1002 3409 filio,
1018 3331 1164 3410 originem
1177 3331 1272 3409 duxit,
1283 3331 1328 3391 01.
1337 3336 1376 3391 79
1387 3357 1430 3380 =
1441 3336 1505 3392 464
1516 3354 1543 3392 a.
1552 3331 1610 3390 Chr.

342 3421 484 3499 pugilatu
498 3421 656 3499 Olympiae
672 3425 752 3485 vicit.
781 3425 826 3482 Ex
840 3423 937 3482 tribus
953 3422 1127 3480 civitatibus
1141 3421 1258 3480 insulae
1272 3421 1369 3480 Rhodi
1383 3421 1527 3499 Ialysum,
1540 3419 1611 3478 utin

342 3529 403 3586 que
417 3511 490 3570 urbe
506 3513 575 3572 olim
594 3514 779 3592 Damegetus
798 3513 913 3592 regiam
932 3515 1113 3587 potestatem
1132 3510 1298 3569 exercuerit
1315 3503 1357 3590 (v.
1371 3510 1460 3568 Paus.
1476 3530 1508 3569 av
1522 3523 1562 3587 24,
1576 3501 1610 3581 ι),

342 3599 472 3675 patriam
500 3601 622 3661 victoris
645 3603 737 3662 fuisse
762 3602 922 3662 verisimile
950 3603 1004 3660 est.
1050 3600 1117 3676 Ipse
1145 3601 1244 3658 clarus
1267 3599 1346 3658 inter
1367 3619 1481 3676 paucos
1503 3603 1611 3659 statura

342 3693 373 3746 et
393 3689 497 3748 robore
522 3691 652 3768 eorporis
675 3692 743 3770 fuit,
767 3692 891 3768 eiusque
914 3689 1058 3749 memoria
1076 3694 1107 3748 et
1124 3689 1181 3748 hae
1200 3689 1257 3749 oda
1279 3688 1311 3746 in
1333 3689 1447 3765 templo
1471 3691 1610 3748 Minervae

342 3777 468 3837 Lindiae
492 3780 591 3838 alueis
614 3781 723 3840 litteris
747 3785 871 3841 exemto
894 3783 925 3838 et
948 3782 1051 3838 statua
1073 3779 1143 3854 plus
1167 3782 1298 3854 quatuor
1325 3779 1496 3838 cubitorum
1519 3778 1610 3853 Olym·

341 3867 409 3942 piae
433 3868 532 3942 posita
556 3861 597 3950 (v.
613 3871 701 3930 sohel.
722 3870 760 3928 ad
778 3871 865 3930 inser.
880 3873 911 3929 et
929 3869 1017 3927 Paus.
1033 3887 1065 3926 vl
1080 3879 1104 3943 7,
1119 3873 1151 3945 2)
1170 3868 1208 3926 ad
1226 3871 1362 3944 posteros
1380 3871 1548 3947 propagata
1564 3868 1609 3925 est.

341 3955 441 4015 Patris
473 3977 543 4017 vero
576 3959 677 4016 studia
705 3961 863 4039 pugilatus
893 3962 923 4017 et
952 3957 1102 4033 pancratii
1132 3958 1225 4016 etiam
1257 3957 1295 4015 ad
1326 3957 1403 4016 filios
1436 3962 1467 4016 et
1498 3960 1609 4034 nepotes

342 4045 495 4105 transiisse
519 4050 671 4106 testentur
693 4050 783 4108 sohol.
807 4051 845 4109 ad
868 4050 955 4108 inser.
979 4051 1010 4105 et
1032 4047 1121 4104 Paus.
1141 4065 1173 4104 m
1197 4056 1211 4105 7
1236 4049 1267 4104 et
1289 4045 1348 4105 Cic.
1373 4047 1460 4106 Tusa.
1484 4057 1558 4106 146.

430 4135 589 4214 Magnifico
621 4139 787 4217 prooemio,
820 4159 879 4215 quo
912 4155 1001 4194 suum
1033 4154 1142 4194 munus
1174 4138 1265 4210 poeta
1297 4153 1364 4193 eum
1395 4139 1503 4210 patera
1529 4150 1609 4193 aurea

341 4223 421 4282 inter
443 4225 614 4284 convivium
643 4248 752 4304 genero
783 4229 886 4288 oblata
915 4224 1051 4301 apposite
1081 4225 1209 4301 confert,
1240 4223 1399 4283 eonsilium
1429 4219 1607 4301 praedicendi

341 4313 499 4392 victoriam
527 4315 677 4393 Diagorae
711 4318 808 4393 aperit
835 4309 962 4400 (1-19).
1008 4313 1044 4372 In
1074 4312 1234 4390 principali
1263 4317 1350 4390 parte
1383 4314 1458 4373 odae
1487 4303 1609 4396 (ao—to)

342 4405 403 4461 tres
434 4403 553 4462 fabulas
582 4406 680 4465 Rhodi
712 4406 827 4466 insulae
858 4406 977 4480 narrat,
1001 4423 1016 4461 e
1040 4403 1149 4479 quibus
1179 4403 1277 4478 prima
1307 4406 1354 4462 est
1382 4403 1419 4462 de
1449 4405 1608 4480 Tlepolemo

341 4491 501 4551 Heraclida
533 4493 571 4552 ad
603 4496 781 4570 expiandum
808 4497 929 4556 eaedem
961 4492 1109 4567 Licymnii
1136 4492 1168 4550 in
1195 4492 1338 4567 insulam,
1364 4492 1419 4551 ubi
1445 4494 1561 4570 Iupiter
1583 4489 1608 4546 in

341 4581 494 4641 natalibus
524 4583 674 4642 Minervae
705 4605 814 4644 aurum
843 4585 981 4663 pluisset,
1012 4581 1161 4640 coloniam
1191 4580 1335 4640 deducere
1365 4581 1447 4662 iusso
1478 4579 1608 4664 (ro-38),

343 4671 438 4729 altera
466 4671 501 4730 de
529 4671 653 4731 Rhodiis
677 4693 695 4732 u
717 4675 852 4735 Minerva
880 4678 1002 4752 propter
1025 4689 1109 4729 sacra
1132 4671 1204 4729 deae
1228 4670 1260 4728 in
1283 4690 1349 4730 aree
1373 4671 1517 4731 instituta
1537 4668 1609 4730 miris

341 4758 475 4818 artificiis
499 4761 595 4820 auctis
615 4753 757 4845 (39-53),
781 4766 873 4825 tertia
895 4765 931 4824 de
954 4760 1059 4823 Rhodo
1082 4760 1183 4818 insula
1206 4762 1297 4819 antea
1319 4761 1352 4819 in
1375 4780 1506 4840 aequore
1528 4757 1609 4822 maris
