3417 5434
349 329 415 392 224
823 334 971 384 manain
990 333 1157 388 errarem.

348 498 499 577 tragicum
527 499 625 578 magis
656 516 747 575 quam
777 500 911 578 tragicus
939 501 1067 576 lyricum
1095 500 1233 560 imitatus
1263 519 1326 560 esse
1356 501 1509 579 rideatur,
1538 503 1612 561 etin

349 607 462 647 annum
485 590 562 665 458,
588 608 647 664 quo
672 588 806 648 Thebani
836 608 904 648 cum
927 589 1170 650 Lacedaemoniis
1194 590 1311 650 foedere
1334 591 1395 650 icto
1419 610 1504 650 arma
1525 592 1614 650 iunxe-

349 680 432 754 rant,
460 677 528 736 laus
551 677 701 737 amicitiae
725 677 848 754 Pyladis
871 679 1032 738 Phocensis
1056 681 1086 738 et
1104 677 1228 738 Orestae
1252 679 1379 739 Laconis
1404 672 1445 760 (v.
1466 675 1513 761 16)
1536 701 1614 757 quam

349 767 477 825 maxime
510 767 647 842 quadrat.
694 768 736 825 At
766 769 863 826 altera
893 788 928 826 er
958 772 1043 844 parte
1066 768 1193 828 victoria
1216 768 1400 844 Thrasydaei
1429 770 1526 830 stadio
1549 790 1614 829 corn-

349 858 457 931 parata
475 874 538 914 esse
558 859 660 933 aperte
678 876 706 914 v.
724 867 759 914 49
778 857 897 934 dicitur,
919 859 950 915 et
968 857 1177 933 Thrasydaeus
1200 857 1273 935 ipse,
1296 877 1364 917 eum
1388 859 1419 916 in
1443 860 1509 918 foco
1532 861 1613 934 patris

351 964 493 1004 coronam
516 945 687 1021 deposuisse
711 958 792 1005 v.14
815 946 942 1024 dicatur,
972 947 1105 1007 nondum
1128 947 1175 1005 sui
1198 947 1273 1005 iuris
1297 949 1362 1006 tum
1386 947 1478 1008 fuisse
1502 948 1614 1022 videtur,

350 1054 411 1110 qua
428 1037 557 1110 utraque
576 1035 692 1094 ratione
707 1035 768 1094 iam
782 1056 977 1114 commoveor,
996 1038 1032 1094 ut
1047 1036 1110 1112 ipse
1125 1056 1172 1094 me
1187 1036 1334 1114 corrigam
1349 1039 1380 1095 et
1394 1057 1464 1096 cum
1477 1039 1613 1114 plerisque

351 1124 564 1199 interpretibus
587 1125 643 1184 boc
666 1124 795 1184 camnine
818 1125 947 1202 priorem
967 1125 1125 1186 victoriam
1144 1126 1340 1203 Thrasydaei,
1365 1146 1390 1186 a.
1411 1129 1476 1186 478
1500 1129 1614 1203 partam,

350 1213 495 1271 illustrari
519 1213 634 1273 ducam.
673 1213 745 1272 Inde
768 1218 886 1290 patrem
910 1214 1094 1290 Thrasydaei
1116 1214 1175 1292 bis,
1199 1213 1357 1290 Olympiae
1381 1235 1480 1293 cumn,
1503 1217 1614 1292 Delphis

351 1302 457 1379 stadio,
480 1301 577 1362 filium
599 1302 690 1362 semel
712 1303 860 1379 Pythiade
884 1306 924 1364 28
949 1329 990 1351 =
1015 1306 1079 1364 478
1105 1323 1130 1363 a.
1151 1304 1217 1363 Chr.
1242 1304 1339 1364 stadio
1362 1304 1469 1364 vicisse
1493 1305 1614 1365 versibus

350 1401 456 1450 46-50
479 1391 641 1470 significari
669 1393 814 1452 existimo.
861 1393 926 1452 Hoc
949 1413 1018 1454 vero
1046 1397 1081 1451 ut
1108 1393 1169 1452 iam
1197 1396 1330 1452 statuam
1353 1414 1413 1454 non
1437 1395 1533 1454 solum
1559 1394 1613 1470 ipsa

350 1480 440 1540 verba
462 1484 569 1557 poetae
593 1484 713 1540 tantum
734 1501 794 1541 non
817 1482 965 1561 flagitant,
989 1483 1040 1542 sed
1063 1483 1154 1542 etiam
1177 1483 1272 1542 totius
1295 1483 1436 1543 carminis
1459 1484 1547 1560 color,
1569 1485 1613 1541 im·

348 1570 453 1647 primis
484 1569 657 1647 importuna
686 1571 830 1650 digressio
861 1571 981 1630 fabulae
1014 1564 1162 1654 (lt—37),
1190 1573 1432 1648 metaphorarum
1457 1573 1614 1650 frequentia

349 1653 494 1740 (38-40),
514 1661 630 1719 dicendi
649 1661 775 1720 andacia
794 1654 854 1740 (vv.
873 1671 896 1720 1.
916 1670 959 1720 26.
978 1655 1026 1732 35)
1046 1661 1208 1720 iuvenilem
1226 1663 1373 1722 fervorem
1391 1662 1484 1722 animi
1503 1663 1613 1738 prodere

347 1749 495 1808 videntur.
534 1749 618 1820 Quod
638 1753 739 1809 autem
757 1749 897 1826 politicas
914 1751 1047 1810 rationes
1066 1750 1183 1828 attinet,
1208 1751 1368 1826 optimates
1387 1751 1530 1830 Thebani,
1548 1752 1615 1809 inter

350 1857 426 1914 quos
445 1838 671 1915 Thrasydaeum
689 1839 781 1898 fuisse
804 1859 840 1898 er
863 1839 995 1900 versibus
1019 1851 1124 1898 50-58
1148 1842 1282 1917 apparet,
1306 1841 1398 1900 etiam
1420 1845 1491 1917 post
1513 1841 1614 1900 cladem
1670 1829 1671 1902 l

349 1928 557 1988 Plataeensem
575 1931 607 1987 et
625 1929 793 1988 Pausaniae
811 1929 843 1987 in
863 1929 1018 1990 Thebanos
1037 1929 1188 1988 infensum
1211 1930 1346 1988 animum
1364 1930 1461 2008 magis
1480 1931 1518 1988 ad
1536 1930 1613 1988 Lace·

350 2017 522 2076 daemonias
541 2037 632 2094 qnam
651 2018 689 2076 ad
703 2018 899 2077 Athenienses
917 2018 1075 2078 inclinasse
1091 2021 1121 2077 et
1135 2037 1153 2076 a
1166 2019 1283 2078 foedere
1299 2038 1367 2078 cum
1383 2018 1614 2079 Lacedaemoniis
1670 2035 1671 2076 l

350 2107 480 2166 ineundo
504 2107 725 2167 restitutionem
749 2126 871 2167 suarum
894 2129 985 2184 opum
1008 2126 1140 2185 sperasse
1164 2108 1227 2168 veri
1250 2109 1332 2167 haud
1355 2107 1499 2168 dissimile
1522 2112 1571 2168 est.

440 2196 565 2256 Carmen
589 2197 745 2256 extribus
768 2196 907 2273 partibus
930 2200 1055 2258 constat.
1092 2198 1127 2256 In
1145 2197 1242 2273 prima
1265 2200 1359 2275 parte,
1384 2218 1460 2274 quae
1484 2197 1614 2275 prooemii
1670 2185 1671 2278 l

351 2285 415 2345 vice
434 2286 574 2364 fungitur
588 2290 618 2344 et
631 2286 761 2362 primam
778 2287 936 2346 triadicam
953 2287 1124 2364 pericopam
1144 2287 1337 2363 amplectitur
1351 2281 1476 2369 (1-16),
1490 2288 1614 2347 heroinas
1670 2279 1671 2352 I

350 2375 507 2434 Thebanae
524 2380 615 2451 poeta
633 2378 785 2453 convocat,
804 2379 841 2434 ut
859 2376 913 2434 sub
928 2395 1085 2453 vesperum
1098 2376 1130 2435 in
1143 2377 1249 2435 fanum
1262 2377 1425 2436 Ismeniam
1440 2377 1613 2452 conveniant,

349 2464 402 2522 ubi
430 2484 498 2524 cum
529 2465 661 2541 tripodes
691 2466 776 2524 aurei
806 2466 975 2541 antiquitus
1006 2465 1133 2542 depositi
1163 2467 1274 2542 essent,
1302 2466 1395 2525 etiam
1418 2466 1614 2542 Thrasydaeus
1670 2483 1671 2500 ἢ

350 2573 436 2613 suam
459 2573 607 2633 coronam,
630 2554 662 2612 in
685 2573 789 2631 campo
810 2553 941 2630 Cyrrhae
959 2557 1152 2632 reportatam,
1177 2555 1368 2631 depositurus
1387 2555 1481 2615 fuisse
1500 2555 1613 2616 videtur.
1670 2607 1671 2634 ,

351 2643 490 2722 Cyrrhae,
515 2663 592 2720 quae
616 2643 689 2702 olim
710 2663 780 2720 pars
803 2644 888 2722 regni
911 2643 1043 2719 Pyladae
1068 2648 1140 2722 erat,
1163 2644 1313 2704 mentione
1337 2644 1448 2704 iniecta
1466 2648 1556 2721 poeta
1574 2643 1613 2702 ad·
1670 2657 1671 2704 1

350 2733 479 2808 ducitur,
503 2736 539 2791 ut
561 2733 591 2791 in
616 2734 746 2792 secunda
768 2737 854 2809 parte
878 2732 1017 2792 carminis
1038 2725 1172 2815 (lt—37)
1192 2732 1328 2793 fabulam
1349 2734 1385 2793 de
1405 2733 1511 2794 Oreste
1534 2753 1613 2811 puero

351 2822 483 2882 cruentis
498 2821 753 2898 Clytaemnestrae
772 2823 911 2882 manibus
929 2843 983 2900 per
997 2823 1157 2883 Arsinoam
1175 2823 1322 2882 nutricem
1336 2823 1491 2883 subtracto
1507 2829 1544 2902 et,
1558 2843 1614 2883 cum
1670 2819 1671 2906 l

351 2913 381 2969 in
409 2911 540 2987 patriam
567 2911 717 2988 rediisset,
746 2911 1016 2988 Clytaemnestram
1044 2913 1282 2992 Aegisthumque
1312 2911 1484 2972 trucidante
1513 2913 1613 2989 prolixe
1670 2925 1671 2984 ξ

351 3002 462 3077 narrat,
482 3000 561 3059 unde
580 3000 763 3060 Cassandrae
781 3001 868 3060 triste
887 3002 993 3078 fatum,
1013 3002 1186 3080 Iphigeniae
1210 3003 1358 3061 nefastam
1381 3002 1614 3076 immolationem,
1670 3003 1671 3008 ’

351 3108 458 3149 causas
475 3089 562 3166 impii
579 3089 733 3166 parricidii
752 3091 1007 3166 Clytaemnestrae
1025 3091 1145 3150 fabulae
1166 3090 1279 3151 Orestis
1298 3091 1474 3152 immisceat.
1507 3092 1551 3151 Ab
1568 3091 1614 3148 hac
1670 3109 1671 3146 i

352 3179 533 3258 digressione
557 3179 595 3237 ad
617 3198 728 3239 munus
751 3180 808 3239 sibi
831 3180 998 3259 irrogatum
1025 3169 1160 3240 reversus
1185 3172 1334 3261 (38-42),
1363 3181 1395 3239 in
1423 3181 1515 3240 tertia
1541 3183 1613 3257 parte
1670 3195 1671 3198 ’

351 3268 490 3328 carminis
509 3259 644 3350 (43-64)
664 3269 849 3345 Thrasydaei
868 3271 991 3347 eiusque
1014 3270 1110 3346 patris
1128 3270 1269 3330 victorias
1292 3269 1427 3329 illustrat
1451 3274 1482 3329 et
1505 3271 1614 3346 pudoris
1670 3307 1671 3312 κ

352 3357 507 3434 civilisque
526 3358 689 3418 modestiae
708 3359 829 3435 famam,
848 3379 909 3436 qua
927 3360 1025 3419 maius
1047 3359 1160 3419 bonum
1179 3359 1390 3436 aparentibus
1414 3359 1517 3418 liberis
1538 3359 1614 3418 relin-

352 3447 406 3524 qui
428 3466 513 3522 posse
536 3450 636 3525 negat,
660 3449 801 3525 exemplis
824 3448 911 3526 Iolai,
934 3449 1031 3508 herois
1055 3449 1197 3526 Thebani,
1221 3452 1252 3508 et
1270 3448 1403 3509 Castoris
1426 3449 1614 3524 Pollucisque,

351 3537 476 3596 heroum
498 3537 727 3614 Laconicorum,
750 3537 856 3597 eximie
879 3539 1020 3598 illustrat.

441 3626 551 3685 Totum
580 3645 698 3686 carmen
722 3646 740 3684 a
762 3627 890 3687 victoria
917 3628 1044 3704 Pythice
1071 3628 1102 3686 in
1130 3627 1259 3688 secunda
1286 3629 1317 3686 et
1344 3627 1521 3706 longissima
1542 3629 1615 3703 parte

352 3717 425 3776 adeo
453 3715 595 3793 deflectit,
623 3720 659 3774 ut
685 3716 778 3776 fuisse
806 3737 865 3775 non
895 3717 1023 3796 mireriS,
1047 3717 1099 3794 qui
1123 3717 1262 3776 interiore
1286 3715 1416 3792 quodam
1439 3717 1559 3777 vinomo
1580 3715 1615 3773 di·

351 3805 533 3885 gressionem
556 3805 646 3864 istam
669 3825 738 3865 curn
760 3824 852 3865 causa
875 3806 996 3866 victoris
1019 3825 1161 3866 conexam
1184 3806 1276 3865 fuisse
1300 3805 1504 3882 opinarentur.
1541 3804 1614 3875 Quod

352 3899 454 3955 autem
483 3899 574 3971 poeta
603 3895 665 3971 ipse
689 3914 708 3953 a
729 3898 812 3955 recta
838 3896 889 3955 via
917 3915 947 3955 se
976 3896 1137 3956 declinasse
1168 3895 1241 3954 dicit
1270 3887 1415 3976 (ae-40),
1445 3896 1502 3956 hoc
1531 3895 1615 3972 magis
1670 3919 1671 3972 3

351 3985 433 4064 leges
459 3984 558 4044 iustae
586 3984 810 4061 compositionis
838 3986 990 4064 neglectas
1018 3990 1152 4063 excusat,
1181 4003 1272 4061 quam
1300 3984 1377 4042 nihil
1399 3984 1514 4044 vinculi
1535 3985 1615 4043 inter·
1670 3973 1671 4046 l

352 4075 454 4134 cedere
473 4073 582 4152 arguit.
620 4073 685 4143 Quo
709 4094 778 4134 cum
800 4076 930 4152 accedat,
955 4075 1035 4150 quod
1058 4076 1087 4134 in
1113 4078 1245 4135 extrema
1267 4077 1353 4150 parte
1376 4076 1467 4149 poeta
1486 4095 1545 4134 non
1562 4077 1615 4132 um

352 4163 497 4223 virtutem
516 4166 546 4222 et
564 4163 692 4240 gloriam
710 4164 881 4242 gymnicum
900 4165 1005 4223 domus
1024 4164 1154 4224 victricis
1173 4163 1279 4222 laudat
1298 4183 1389 4239 quam
1408 4164 1614 4224 affectationem

352 4253 521 4328 tyrannidis
539 4253 701 4329 dissuadet,
724 4253 831 4313 merito
850 4274 897 4312 me
917 4254 1014 4312 iudice
1032 4254 1201 4313 Boeokhius
1219 4254 1284 4311 fata
1302 4253 1409 4312 domus
1428 4253 1614 4332 oligarehicae

353 4342 537 4418 Thrasydaei
560 4344 590 4402 et
615 4343 714 4420 gentis
738 4343 838 4421 regiae
863 4344 1095 4420 Agamemnonis
1121 4343 1247 4402 obscura
1275 4341 1405 4418 quadam
1431 4341 1613 4402 similitudine
1670 4333 1671 4368 ¹

353 4433 513 4492 coniuncta
534 4433 627 4491 fnisse
650 4432 820 4508 auspicatus
844 4435 898 4491 est.
943 4433 1047 4508 Neque
1076 4432 1178 4491 deerat
1205 4451 1309 4508 causa,
1337 4450 1391 4490 cur
1412 4432 1527 4492 nobiles
1549 4431 1614 4491 eires

354 4522 510 4581 Thebanos
532 4523 624 4598 poeta
651 4521 690 4580 ad
716 4521 894 4582 modestiam
922 4522 1140 4600 cohortaretur,
1168 4521 1287 4598 qnando
1316 4521 1398 4596 apud
1424 4521 1614 4598 Thucydiden
1670 4519 1671 4542 ³

353 4622 445 4670 11162
470 4610 604 4670 Thebani
625 4611 684 4687 ipsi
708 4610 744 4669 de
766 4611 948 4687 reipublicae
973 4615 1055 4670 statu
1078 4613 1134 4671 hoc
1157 4611 1244 4671 modo
1268 4613 1449 4686 queruntur:
1477 4609 1546 4689 ὅπερ
1566 4605 1613 4668 ἐστὶ
1670 4633 1671 4652 i

354 4698 457 4778 νόμοις
487 4696 541 4777 μὲν
569 4697 619 4758 aul
649 4705 688 4782 τῷ
718 4700 947 4786 σωφρονεστάτῳ
974 4698 1203 4779 ἐναντιώτατον,
1233 4696 1378 4780 ἐγγυτάτω
1409 4696 1440 4758 di
1471 4699 1613 4780 τυράννου,

356 4788 512 4850 δυναστεία
534 4786 640 4872 ὀλίγων
664 4787 781 4870 ἀνδρῶν
805 4783 861 4870 εἶχε
884 4788 919 4850 τὰ
941 4789 1103 4872 πράγματα.
