3417 5434
336 357 403 420 432
897 358 1045 408 Pmnssi
1680 368 1686 445 ,

338 519 587 605 ς(μελιρρόθιον
613 519 771 604 (ἀνθέων
798 523 865 582 εδδ
889 515 1024 604 Boeckh)
1049 515 1077 581 δ’
1102 519 1222 582 ἕπεται
1250 519 1449 602 πλόκαμοι”
1474 521 1543 584 ἀντὶ
1569 534 1621 584 τοῦ

339 611 473 675 ἕπονται·
496 611 546 674 καὶ
569 608 708 692 ((διήγετο
733 607 861 692 σάρκες”
884 609 951 672 ἀντὶ
969 621 1021 672 τοῦ
1041 611 1187 692 διήγοντο.
1210 607 1343 692 Ὅμηρος
1366 611 1437 690 ,καί
1460 612 1500 692 δὴ
1526 614 1622 693 δοῦρα

339 700 447 780 σέσηπε
469 701 519 763 καὶ
543 702 655 780 σπάρτα
678 699 831 762 λέλυνται“
855 699 922 762 ἀντὶ
944 710 997 762 τοῦ
1021 700 1190 780 σεσίγπασιν.
1228 701 1313 764 Oenf.
1335 703 1371 762 fr.
1396 715 1447 762 239
1472 704 1621 763 stechel

338 792 479 852 Philostr.
502 813 530 870 p.
552 803 601 851 193
626 791 670 851 ed.
689 791 780 868 Kays.

881 920 943 976 ιιι
968 909 1074 996 [123]

428 1026 476 1084 at.
500 1026 538 1083 M.
563 1035 624 1102 ⁴277,
648 1035 695 1082 39:
720 1022 881 1095 Διόνυσος·
908 1072 914 1082 .
940 1072 946 1083 .
971 1071 977 1082 .
1001 1022 1034 1083 οί
1054 1020 1085 1083 δέ
1108 1021 1167 1083 ἀπὸ
1190 1032 1243 1083 τοῦ
1266 1021 1339 1095 Διὸς
1361 1021 1411 1083 καί
1433 1032 1489 1102 τῆς
1512 1024 1623 1101 Νύσης

338 1123 391 1174 τοῦ
411 1111 501 1194 όρονς
519 1110 705 1193 ὠνομάσθαι,
724 1111 786 1174 έπελ
804 1111 837 1174 ἕν
856 1112 950 1198 τούτῳ
968 1110 1129 1192 ἐγεννήθη,
1147 1109 1188 1186 ὡς
1207 1113 1370 1192 Πίνδαρος,
1388 1111 1438 1173 καί
1457 1112 1622 1192 ἀνετράφη.

882 1277 946 1334 248
971 1268 1076 1354 [τοι]

429 1381 509 1440 Plus.
529 1381 565 1440 de
589 1381 668 1440 adul.
688 1385 719 1440 et
741 1380 826 1441 amic.
845 1381 974 1440 discrim.
994 1391 1042 1440 λῖς
1066 1379 1151 1463 εὐδίᾳ
1173 1379 1229 1460 γὰρ
1251 1377 1353 1461 έπάγει
1370 1379 1463 1459 νέφος
1488 1378 1505 1440 ό
1528 1391 1623 1442 κινῶν

339 1469 372 1532 έν
400 1470 504 1554 παιδιᾷ
532 1468 583 1529 καλ
611 1471 820 1554 φιλοφροσύνῃ
849 1469 938 1549 λόγον
969 1466 1067 1550 ὀφρὺν
1097 1468 1277 1530 ἀνασπῶντα
1305 1469 1356 1530 καί
1385 1472 1569 1531 συνιστάντα
1591 1471 1623 1530 τὸ

341 1559 516 1640 πρόσωπον,
546 1560 642 1639 ὥσπερ
673 1557 916 1636 ἀντιταττόμενον
946 1564 985 1642 τῷ
1008 1559 1116 1644 Λυαίῳ
1147 1564 1210 1643 θεῷ
1237 1557 1287 1619 καί
1315 1555 1455 1621 ’λύοντι
1485 1560 1522 1621 τὸ
1556 1570 1624 1620 τῶν

341 1648 556 1728 δυσφρόνων
578 1649 729 1710 σκύνιον
753 1641 929 1730 (δυσφόρων
947 1648 1081 1728 σχοινίον
1099 1650 1192 1728 codd,
1210 1670 1265 1709 em.
1285 1643 1407 1732 Nauck)
1430 1647 1623 1730 μεριμνᾶν’

339 1737 413 1800 ιιατά
437 1737 600 1818 Πίνδαρον.

787 1867 848 1924 οιο
875 1859 963 1942 [153.
989 1867 1061 1924 130.
1087 1858 1174 1943 131].

433 1972 530 2031 Schcl.
554 1971 588 2030 Π.
614 1973 643 2030 Φ
667 1982 732 2031 194:
760 1966 908 2048 Ἡρακλῆς
940 1970 982 2042 εἰς
1014 1965 1094 2054 ᾅδου
1123 1967 1275 2030 κατελθὼν
1307 1967 1356 2030 έπλ
1387 1970 1439 2031 τὸν
1471 1967 1624 2051 Κέρβερον

341 2058 479 2139 συνέτυχε
510 2059 671 2143 Μελεάγρῳ
703 2064 742 2144 τῷ
774 2056 901 2139 Οἰνέως,
933 2052 969 2119 ού
1000 2057 1051 2119 καί
1083 2056 1243 2137 δεηθέντος
1275 2067 1368 2139 γῆμαι
1399 2058 1455 2137 τὴν
1486 2058 1623 2137 ἀδελφὴν

344 2149 537 2230 Δηϊάνειραν,
559 2145 732 2209 ἐπανελθὼν
755 2149 797 2221 είς
820 2158 886 2226 φῶς
909 2146 1049 2208 ἔσπευσεν
1072 2147 1115 2221 εἰς
1138 2148 1287 2209 Αἰτωλίαν
1310 2147 1384 2229 πρὸς
1406 2146 1511 2209 Οἰνέα·
1534 2173 1622 2209 κατα-

342 2237 442 2320 λαβὼν
466 2235 498 2298 δὲ
521 2237 758 2317 μνηστευόμενον
781 2236 836 2315 τὴν
858 2238 952 2316 κόρην
972 2231 1113 2321 Ἀχελῷον
1136 2234 1188 2298 τὸν
1208 2238 1334 2316 πλησίον
1352 2237 1497 2318 ποταμόν,
1520 2239 1622 2298 διεπά-

341 2333 443 2388 λαισεν
466 2326 546 2413 αὐτῷ
569 2327 680 2408 ταύρου
703 2326 825 2406 μορφὴν
843 2325 950 2407 ἔχοντι·
975 2319 1012 2388 ού
1029 2325 1079 2387 καὶ
1098 2324 1272 2399 ἀποσπάσας
1291 2325 1323 2387 τὸ
1342 2325 1440 2408 ἕτερον
1459 2336 1520 2387 τῶν
1538 2329 1622 2406 κερά

342 2440 401 2479 των
429 2415 513 2498 ἔλαβε
540 2415 595 2494 τὴν
622 2415 789 2496 παρθένον·
818 2416 893 2494 φασλ
920 2413 952 2476 δέ
980 2415 1071 2477 αὐτὸν
1096 2410 1237 2500 Ἀχελῷον
1264 2415 1345 2496 παρὰ
1370 2409 1549 2496 Ἀμαλθείας
1573 2427 1622 2494 τῆς

339 2501 484 2568 Ὠκεανοῦ
512 2504 598 2586 κε’ρας
626 2505 754 2587 λαβόντα
781 2507 888 2567 δοῦναι
916 2511 956 2590 τῷ
975 2501 1117 2585 Ἡρακλεῖ
1134 2505 1184 2566 καί
1206 2506 1239 2566 τὸ
1263 2503 1344 2567 ἴδιον
1367 2503 1529 2585 ἀπολαβεῖν
1555 2557 1561 2566 .
1587 2555 1592 2565 .
1615 2552 1622 2564 .

342 2593 362 2674 ἡ
386 2597 498 2678 ἱστορία
527 2595 606 2676 παρὰ
637 2596 780 2679 Πινδάρῳ
810 2629 850 2636 -
883 2597 981 2656 Schol.
1004 2596 1039 2653 Π.
1065 2596 1091 2656 Θ
1114 2607 1179 2655 368:
1216 2595 1370 2676 Πίνδαρος
1400 2606 1477 2676 γοῦν
1510 2595 1622 2671 ἑκατόν,

340 2682 478 2758 Ἡσίοδος
494 2682 525 2746 δὲ
540 2683 723 2763 πεντήκοντα
737 2683 812 2764 ἔχειν
827 2684 918 2746 αὐτὸν
933 2676 1113 2766 (Κέρβερον)
1128 2685 1258 2764 κεφαλάς
1273 2702 1376 2763 φησιν.
1406 2687 1490 2746 Idem
1505 2707 1622 2746 carmen

343 2777 487 2853 respicere
510 2776 631 2836 videtur
654 2774 823 2834 Tertullian
846 2776 882 2835 de
906 2796 965 2836 cor.
988 2774 1050 2834 mil.
1077 2786 1105 2834 τι
1132 2775 1277 2835 Hercules
1300 2795 1381 2835 nunc
1402 2776 1553 2852 populum
1576 2795 1621 2834 ca-

343 2867 406 2942 pile
429 2867 576 2943 praefert,
602 2884 682 2925 nunc
706 2866 881 2942 oleastrum,
910 2863 1123 2941 nuncapium.
1171 2865 1271 2925 Habes
1293 2865 1482 2944 tragoediam
1506 2865 1624 2924 Cerberi

343 2956 434 3015 habes
458 2949 542 3034 (fort.
561 2974 651 3031 penes
675 2955 723 3014 vel
747 2947 843 3036 apud)
867 2955 1031 3013 Pindarum
1049 2956 1142 3031 atque
1161 2953 1388 3033 Callimachum,
1408 2955 1461 3032 qui
1479 2959 1513 3014 et
1530 2955 1622 3032 Apol-

344 3046 434 3104 linem
448 3047 597 3105 memorat
610 3044 767 3104 interfecto
777 3045 924 3120 Delphico
939 3045 1066 3104 dracone
1080 3044 1216 3103 lauream
1230 3044 1362 3104 induisse
1377 3063 1440 3121 qua
1449 3045 1623 3121 supplicam.
1684 3104 1685 3117 ¹

885 3207 949 3264 250
990 3207 1077 3266 135.

433 3311 561 3372 Pausi(
586 3323 628 3390 14,
653 3324 682 3372 6:
705 3305 829 3395 Ἀλφειῷ
853 3309 903 3371 καί
922 3199 1068 3390 ’fruituri
1088 3311 1220 3372 θύουσιν
1244 3302 1381 3394 (Ἠλεῖοι)
1404 3307 1453 3370 έπλ
1476 3308 1546 3384 ἓνδς
1569 3313 1623 3390 βιο

345 3409 416 3480 μού·
440 3399 472 3461 τὸ
497 3397 528 3460 δέ
552 3400 648 3460 αἴτιον
671 3401 777 3462 τούτου
800 3399 988 3480 παρεδήλωσε
1011 3397 1066 3481 μέν
1088 3422 1147 3463 που
1171 3399 1220 3461 καὶ
1244 3400 1398 3480 Πίνδαρος
1420 3398 1454 3462 έν
1478 3395 1553 3485 ᾠδῇ.

888 3565 947 3622 οσι
974 3555 1079 3640 [139]

434 3669 555 3728 Servius
578 3669 617 3728 ad
639 3669 728 3747 Verg.
752 3668 860 3746 Georg.
883 3687 895 3725 1
920 3679 966 3726 14:
996 3667 1144 3727 Pindarus
1168 3714 1175 3726 .
1200 3717 1206 3728 .
1231 3715 1237 3727 .
1261 3689 1330 3730 cum
1352 3661 1558 3751 (Aristsm)
1582 3669 1621 3726 ait

345 3759 381 3818 de
406 3757 465 3818 Cea
487 3759 587 3818 insula
610 3759 641 3817 in
664 3757 825 3817 Arcadiam
848 3758 992 3835 migrasse
1016 3757 1117 3834 ibique
1141 3756 1236 3818 vitam
1259 3758 1395 3818 coluisse.
1439 3758 1521 3817 Nam
1545 3759 1622 3835 apud

345 3848 475 3908 Arcades
499 3869 552 3925 pro
576 3849 646 3908 Iove
670 3849 788 3925 colitur,
813 3847 894 3923 quod
917 3847 1031 3922 primus
1054 3847 1219 3907 ostenderit
1241 3847 1373 3924 qualiter
1395 3865 1467 3924 apes
1495 3848 1623 3908 debeant

344 3938 486 4014 reparari.
533 3938 616 3998 Oonf.
640 3938 672 3996 P.
697 3957 728 3996 rx
752 3948 794 3997 64.

888 4083 951 4140 252
977 4074 1080 4159 [14η.

435 4181 547 4267 [Schol.
566 4187 666 4264 Apoll.
686 4188 778 4248 Rhcd.
799 4198 892 4246 1147?
913 4180 977 4268 (Et.
996 4187 1035 4245 M.
1056 4197 1098 4265 75,
1117 4182 1180 4264 32):
1203 4186 1312 4265 Χάρων
1332 4180 1363 4245 δέ
1383 4182 1621 4265 δΛαμψακηνὸς

345 4275 466 4355 ἱστορεῖ,
494 4274 535 4349 ὡς
562 4273 619 4355 ἀρα
644 4269 753 4348 Ῥοῖκος
777 4275 962 4355 θεασάμενος
987 4276 1062 4354 δρῦν
1086 4274 1156 4335 ὅσον
1180 4273 1218 4336 οὔ
1240 4297 1287 4336 πω
1311 4273 1475 4354 μέλλουσαν
1498 4273 1550 4336 lul
1571 4285 1620 4356 γῆς

343 4363 576 4445 καταφέρεσθαι,
604 4363 761 4446 προσέταξε
787 4371 849 4436 τοῖς
877 4364 980 4425 παισὶν
1008 4363 1200 4443 ύποστηρίξαι
1222 4366 1342 4442 ταύτην.
1378 4361 1398 4442 ἡ
1422 4362 1454 4425 δὲ
1480 4365 1619 4444 μέλλουσα

345 4455 587 4536 συμφθείρεσθαι
605 4464 640 4538 τῇ
660 4455 732 4535 δρυῒ
746 4455 852 4532 νύμφη
872 4451 1012 4514 ἐπιστᾶσα
1029 4459 1069 4538 τῷ
1083 4450 1183 4540 Ῥοίκφ
1197 4454 1282 4534 χάριν
1297 4451 1352 4534 μέν
1366 4452 1496 4532 ἔφασκεν
1515 4453 1617 4516 εἰδέναι

345 4543 418 4625 ὑπέρ
442 4554 494 4623 τῆς
517 4544 677 4624 σωτηρίας,
699 4541 854 4624 ἐπέτρεπεν
878 4541 910 4603 δέ
934 4543 1113 4621 αἰτήσασθαι
1136 4542 1180 4602 ότι
1202 4544 1348 4622 βούλοιτο.
1389 4542 1430 4615 ὡς
1454 4541 1488 4604 δέ
1512 4543 1618 4614 ἐκεῖνος

344 4631 430 4712 ἠξίου
462 4631 657 4715 συγγενέσθαι
687 4632 777 4718 αὐτῇ,
807 4631 945 4713 ὑπέσχετο
976 4634 1083 4693 δοῦναι
1113 4642 1212 4694 τοῦτο·
1243 4633 1434 4710 φυλάξασθαι
1464 4631 1566 4711 μέντοι
1591 4655 1618 4712 γε

345 4721 442 4803 ἑτέρας
472 4723 614 4804 γυναικὸς
645 4721 761 4803 ὁμιλίαν
791 4723 999 4803 παρήγγειλεν,
1028 4721 1149 4782 ἔσεσθαι
1179 4719 1210 4781 δὲ
1241 4723 1348 4801 μεταξύ
1377 4720 1478 4782 αὐτῶν
1501 4720 1618 4804 ἀγγείου

347 4810 493 4891 μέλισσαν.
523 4815 575 4873 καί
595 4835 664 4873 ποτε
687 4813 883 4883 πεσσεύοντος
906 4811 998 4873 αὐτοῦ
1022 4813 1184 4892 παρίπτατο
1202 4808 1223 4889 ἡ
1242 4808 1374 4891 μέλισσα·
1398 4811 1575 4894 πικρότερον
1593 4809 1618 4872 δὲ
