3417 5434
312 281 376 336 XVI
818 277 1096 331 PROLEGOMENA.

313 451 375 529 est,
403 447 490 530 quod
517 443 606 509 notis
634 441 780 524 musicis,
809 463 905 526 quae,
932 445 969 504 ut
997 462 1037 502 ex
1063 438 1223 523 Dionysio
1250 437 1288 502 de
1317 459 1420 523 comp.
1444 437 1532 502 verb.
1556 437 1597 502 11

314 552 467 618 discimus
475 549 515 640 ²),
553 554 702 615 exaratae
738 548 919 613 etiamtunc
955 547 1129 612 exstabant
1161 549 1194 610 et
1226 543 1315 610 facili
1347 567 1446 630 opere
1476 543 1599 629 inspici

312 664 480 744 poterant,
500 659 540 723 ad
559 657 725 722 difficilem
742 678 833 720 suam
847 653 1049 740 provinciam
1064 652 1294 738 expediendam
1308 652 1358 717 nti
1372 649 1601 738 supersedit²)

403 767 514 832 Etiam
547 765 654 830 minus
691 761 914 849 grammaticis
946 760 1103 825 Romanis
1135 759 1390 844 Byzantinisque
1422 759 1601 845 explicatio
1696 788 1697 809 1

314 877 494 939 metrorum
525 871 772 936 Pindaricorum
808 868 975 934 successit.
1028 867 1231 951 Quamquam
1263 867 1350 932 enim
1381 867 1416 931 in
1452 867 1600 932 metricis
1697 858 1699 915 l

315 981 448 1056 scholiis
481 979 628 1045 codicum
660 982 790 1062 praeter
821 981 1006 1041 commenta
1036 975 1240 1039 noviciorum
1267 974 1527 1060 magistellorum
1554 974 1600 1037 ab
1697 980 1698 1007 ³

313 1110 379 1152 uno
411 1087 523 1153 libello
553 1083 805 1171 Hephaestionis
838 1083 1088 1169 dependentium
1120 1081 1220 1146 etiam
1250 1081 1438 1146 vetustioris
1469 1081 1548 1146 artis
1580 1103 1602 1145 a

315 1195 513 1260 musicorum
540 1191 713 1277 disciplina
740 1191 885 1255 nondum
907 1191 1003 1276 plane
1026 1189 1153 1254 solutae
1177 1187 1303 1272 aliquot
1326 1189 1465 1274 vestigia
1487 1210 1602 1272 super·

314 1305 406 1386 sunt,
435 1306 545 1365 tamen
573 1298 656 1363 nihil
684 1298 750 1363 iere
779 1297 820 1362 ah
848 1297 922 1362 istis
950 1301 1138 1383 promotum
1166 1301 1224 1360 est.
1270 1294 1374 1359 Vetus
1401 1295 1504 1382 igitur
1529 1294 1602 1359 ista

314 1407 519 1493 colometria,
545 1429 642 1491 quam
665 1405 800 1470 eandem
824 1410 858 1470 et
880 1405 1007 1470 codices
1032 1409 1065 1470 et
1088 1403 1213 1469 scholia
1235 1403 1403 1488 exhibent,
1429 1426 1532 1489 usque
1555 1404 1602 1468 ad

313 1519 459 1579 nostram
500 1513 692 1578 memoriam
730 1512 862 1598 integra
896 1512 1061 1577 remansit.
1116 1511 1206 1587 Quae
1247 1509 1333 1575 enim
1369 1509 1519 1574 Pauwius
1562 1515 1602 1574 et

311 1620 472 1706 Heynius,
501 1625 538 1685 ut
565 1620 698 1685 scabros
726 1641 880 1686 numeros
906 1620 1005 1705 paulo
1033 1617 1244 1704 procliviores
1272 1617 1456 1701 redderent,
1491 1639 1601 1704 pauca

312 1732 345 1793 et
371 1727 456 1792 levia
483 1732 697 1811 novaverant,
725 1726 845 1790 similia
873 1731 951 1791 sunt
977 1748 1015 1792 ac
1044 1726 1073 1790 si
1100 1726 1173 1810 quis
1205 1724 1343 1789 aedificii
1365 1725 1432 1789 iam
1455 1724 1601 1788 labentis

314 1835 490 1920 ruinasque
523 1833 684 1898 trahentis
721 1855 845 1898 asseres
877 1833 1116 1918 laterculosque
1149 1835 1362 1917 transponere
1398 1836 1432 1896 et
1465 1831 1600 1895 reficere
1699 1822 1700 1825 ¹

315 1942 453 2007 studeat.
493 1941 637 2006 Tandem
660 1940 833 2025 aliquando
858 1939 1056 2023 Boeckhius,
1080 1940 1129 2002 vir
1152 1937 1351 2002 clarissimus
1376 1939 1521 2022 mihique
1542 1937 1601 2024 pie

314 2047 482 2132 colendus,
505 2047 646 2132 exstitit,
670 2047 726 2132 qui
749 2047 871 2133 insigni
894 2047 1014 2113 mentis
1035 2046 1182 2112 acumine
1201 2045 1345 2109 rationes
1363 2043 1601 2130 Aristophanis

313 2160 522 2238 veterumque
557 2153 847 2240 grammaticorum
879 2154 1007 2218 futtiles
1035 2175 1106 2218 esse
1133 2159 1167 2218 et
1193 2151 1323 2217 indiciis
1351 2175 1371 2216 a
1397 2157 1497 2237 poeta
1523 2152 1600 2236 ipso

314 2260 508 2348 significatis
527 2282 661 2344 prorsus
678 2283 801 2326 novum
819 2260 1002 2326 aedificium
1020 2265 1198 2326 metrorum
1214 2258 1347 2324 Pindari
1365 2258 1600 2324 exstruendum

314 2391 385 2434 esse
408 2368 546 2433 doceret.
583 2365 697 2452 Neque
718 2367 788 2452 ille,
813 2391 877 2453 qua
898 2367 963 2431 finit
982 2367 1108 2453 ingenii
1127 2367 1286 2452 sollertia,
1309 2367 1345 2431 in
1368 2387 1406 2431 eo
1426 2366 1601 2452 acquievit,

314 2481 352 2540 ut
379 2476 466 2541 viam
492 2497 612 2540 novam
640 2475 814 2540 ineundam
840 2497 911 2540 esse
933 2480 1093 2560 moneret,
1122 2474 1178 2540 sed
1204 2474 1274 2560 ipse
1298 2496 1426 2558 quoque
1448 2473 1600 2539 versibus
1701 2466 1702 2485 ³

315 2589 401 2648 recte
430 2581 593 2668 discriptis
622 2581 754 2646 Pindari
783 2587 887 2648 artem
914 2582 970 2647 diu
998 2583 1149 2648 obrutam
1177 2605 1194 2648 e
1221 2582 1365 2646 tenebris
1394 2581 1487 2666 quasi
1510 2603 1602 2646 resu-

315 2690 455 2754 scitavit.
493 2688 578 2754 Sane
597 2689 735 2754 obscura
753 2689 838 2754 haud
857 2711 962 2775 pauca
979 2693 1217 2774 remanserunt,
1240 2693 1273 2753 et
1290 2689 1363 2774 ipsa
1380 2687 1599 2773 inaequalitas
1702 2756 1703 2769 ,

314 2819 467 2861 versuum
498 2795 647 2860 homines
680 2801 850 2861 emunctae
882 2796 971 2861 naris
1003 2796 1091 2862 haud
1122 2797 1328 2861 mediocriter
1359 2796 1508 2880 offendit3
1539 2795 1600 2860 sed

315 2925 511 2988 quamquam
543 2902 742 2987 Boeckhius,
775 2925 848 2968 cum
882 2903 960 2987 quid
991 2903 1154 2968 intervalli
1186 2903 1272 2968 inter
1304 2902 1450 2989 singulos
1482 2924 1598 2968 versus

314 3010 529 3075 intercederet
564 3031 629 3074 non
666 3015 811 3075 curasset
847 3015 881 3074 et
918 3011 958 3076 ad
996 3011 1102 3096 spatia
1132 3011 1251 3095 pedum
1283 3011 1450 3095 aequanda
1480 3032 1599 3095 parurn

315 3117 441 3182 idoneis
465 3117 615 3181 remediis
639 3139 718 3182 usus
742 3122 842 3203 esset,
870 3139 936 3182 non
959 3117 1110 3182 omnihus
1133 3117 1302 3182 desideriis
1325 3118 1469 3182 virorum
1492 3138 1600 3201 gram-

315 3224 510 3289 maticorum
542 3228 575 3288 et
605 3226 803 3289 musicorum
836 3224 1009 3308 satisfecit,
1041 3230 1151 3289 tamen
1178 3224 1398 3289 fundamenta.
1415 3223 1495 3288 artis
1522 3222 1599 3287 Pin-

316 3331 444 3397 daricae
467 3331 544 3396 iecit
567 3331 762 3396 firmissima.
808 3331 870 3396 His
894 3331 1041 3418 quisquis
1064 3355 1133 3398 rem
1156 3331 1383 3397 difficillimam
1405 3352 1598 3416 promovere

316 3439 395 3504 velit
427 3438 579 3504 insistere
612 3438 757 3524 debebit,
788 3439 873 3503 unde
905 3438 1005 3504 bilem
1038 3439 1118 3504 mihi
1150 3443 1295 3523 movent,
1327 3439 1355 3503 si
1388 3461 1469 3523 quos
1502 3438 1597 3504 video

315 3546 455 3633 egregiis
479 3545 541 3610 viri
565 3547 683 3611 summi
704 3546 846 3611 inventis
870 3546 950 3611 adeo
973 3546 1171 3634 diffidentes,
1193 3552 1231 3612 ut
1253 3547 1288 3612 in
1311 3547 1459 3612 versibus
1481 3551 1598 3632 poetae

316 3653 455 3718 citandis
490 3653 634 3718 numeris
678 3653 894 3739 insipidorum
937 3655 1223 3741 grammaticorum
1262 3676 1361 3739 quam
1398 3654 1598 3720 Boeckhiani

316 3759 475 3826 acuminis
502 3760 551 3824 uti
580 3759 704 3826 malint.
750 3760 824 3846 Ipse
847 3761 883 3825 in
910 3761 971 3827 hae
999 3761 1141 3826 editione
1164 3761 1366 3827 Boeckhium
1398 3766 1432 3826 et
1458 3761 1494 3826 in
1516 3761 1598 3827 divi-

315 3868 426 3933 dendis
455 3869 602 3933 versibus
631 3867 698 3932 fere
726 3868 846 3952 ubique
875 3873 1006 3934 secutus
1035 3892 1107 3934 sum
1131 3873 1164 3934 et
1186 3892 1340 3935 numeros
1364 3870 1447 3955 eius,
1474 3871 1597 3955 passim

314 3973 389 4040 illos
419 3975 549 4061 quidem
572 3980 748 4060 correctos,
773 3975 808 4039 in
835 3977 942 4061 priore
971 3982 1005 4042 et
1026 3977 1199 4063 principali
1221 3979 1367 4066 marg'ne
1391 3977 1597 4044 collocandos

316 4082 435 4148 curavi.
477 4082 600 4147 Tamen
622 4104 663 4148 ne
687 4081 759 4165 quis
783 4083 881 4148 fidem
904 4084 1051 4149 ecdicum
1074 4085 1172 4150 nimis
1195 4084 1377 4172 neglectam
1401 4091 1600 4172 quereretur,

317 4189 590 4275 colometriaeque
608 4189 727 4256 veteris
745 4189 973 4275 discriptiones
993 4192 1203 4277 desideraret,
1221 4216 1332 4259 versus
1352 4193 1500 4260 codicum
1514 4198 1600 4260 vete

408 4389 435 4454 1)
454 4383 574 4438 Bekkeri
598 4400 642 4438 an.
666 4401 707 4454 gr.
729 4389 792 4452 751,
821 4383 935 4439 Cresius
957 4383 988 4437 in
1011 4384 1111 4440 Philol.
1131 4405 1170 4439 an
1195 4393 1245 4441 163
1259 4386 1300 4455 a,
1328 4387 1378 4442 Th.
1402 4387 1543 4456 Reinach,
1569 4387 1599 4442 la

316 4455 445 4525 musique
464 4455 514 4510 des
532 4456 649 4526 hymnos
668 4456 703 4511 de
722 4455 857 4526 Delphos,
877 4454 950 4509 Bull.
970 4456 1005 4510 de
1024 4474 1143 4527 corresp.
1162 4457 1571 4530 Hell.xv11(1894)p.684ss.

406 4530 432 4597 2)
452 4525 630 4598 Quantopere
653 4545 670 4581 a
696 4529 819 4598 gemnae
842 4527 1007 4582 colometria
1025 4528 1228 4600 Aristophanes
1251 4533 1281 4584 ct
1298 4533 1407 4585 veteres
1427 4530 1598 4585 scholiastae

315 4599 426 4654 metrici
445 4599 650 4668 aberraverint,
669 4599 797 4670 inprimis
817 4615 851 4652 ex
868 4599 991 4654 carmine
1006 4599 1037 4655 0.
1051 4620 1098 4654 xrv
1113 4603 1245 4672 apparet,
1264 4601 1418 4669 quodcum
1432 4619 1467 4656 ex
1481 4602 1599 4672 stropha

316 4675 346 4726 et
368 4671 546 4744 antistropha
570 4675 698 4726 constare
721 4688 778 4725 non
800 4671 1023 4744 perspexissent,
1047 4672 1254 4746 antistropham
1275 4673 1306 4726 in
1328 4673 1387 4728 alia
1411 4677 1441 4730 et
1462 4679 1599 4744 pauciora

316 4743 381 4800 oola
399 4761 485 4816 quam
503 4743 648 4816 stropham
667 4743 831 4801 divisemnt.
