3417 5434
584 349 743 400 curnem
763 349 821 398 vn.
1150 323 1156 330 ’
1304 347 1345 408 51

77 517 176 574 latente
204 519 250 593 et,
282 535 351 575 cum
382 516 412 573 in
443 516 539 573 lucem
563 517 666 574 evecta
689 518 780 590 esset,
811 513 874 574 Soli
897 514 952 573 deo
975 514 1088 573 donata
1111 506 1256 595 (64-76).
1301 515 1349 572 Ad

77 609 250 680 postremum
284 605 384 664 varias
414 604 555 664 victorias
585 602 736 682 Diagorae
766 607 900 662 recenset
929 606 960 662 et
989 623 1043 679 pro
1071 603 1177 662 futura
1204 603 1349 662 felicitate

76 695 164 766 gentis
186 694 399 770 Eratidarum,
427 693 475 752 cui
499 693 559 752 iam
583 695 648 751 tum
672 693 805 768 pericula
828 711 846 750 a
870 692 1067 768 popularibus
1090 692 1272 751 factionibus
1296 692 1350 750 iru-

76 783 252 860 pendebaut,
283 783 335 860 pia
364 785 436 841 vota
465 782 539 840 facit
570 774 713 863 (tl-95).
745 815 787 823 -
817 781 946 859 Egregie
977 781 1122 840 orationis
1151 785 1253 857 partes
1283 801 1352 838 cum

77 873 202 946 partibus
227 872 362 931 metricis
386 872 430 930 ita
452 875 541 948 poeta
563 870 761 947 concinnavit,
781 872 817 928 ut
836 870 970 946 quinque
994 870 1127 946 partium
1150 889 1352 947 unaquaeque

76 961 224 1020 triadicam
244 961 402 1037 periodum
421 961 560 1036 strophae
580 959 785 1036 antistropbae
805 958 892 1035 epodi
912 960 1121 1037 amplectatur,
1144 979 1205 1036 qua
1227 960 1263 1018 de
1288 963 1352 1017 arte

77 1071 92 1107 6
114 1051 239 1110 Pindaro
265 1053 407 1126 proveeta
431 1053 530 1109 aetate
554 1050 674 1109 exculta
696 1049 764 1108 vide
789 1049 834 1108 ad.
852 1047 965 1107 O.a111.

619 1185 664 1250 De
688 1185 809 1250 metris.

160 1299 195 1357 Iu
224 1299 466 1376 splendidissimo
494 1300 549 1358 hoc
574 1299 704 1358 carmine
728 1317 746 1358 a
769 1297 946 1376 vulgaribus
969 1298 1073 1357 formis
1097 1299 1263 1358 carminum
1286 1299 1354 1358 dac-

81 1389 372 1464 tylo-epitriticorum
395 1391 553 1464 tantopere
577 1388 725 1446 Pindarus
748 1387 883 1463 recessit,
909 1391 946 1445 ut
969 1387 1117 1462 quomodo
1140 1407 1245 1447 versus
1270 1407 1354 1447 scan-

83 1479 160 1535 dendi
184 1481 215 1536 66
240 1478 357 1537 numen'
381 1477 521 1554 explendi
544 1477 606 1535 sint
629 1497 716 1552 saepe
740 1476 868 1536 dubites,
905 1476 1046 1552 inprimis
1063 1477 1120 1535 hoc
1138 1478 1290 1552 peculiare
1309 1481 1356 1536 est

82 1567 161 1624 huius
191 1568 346 1644 carminis,
376 1567 457 1643 quod
485 1585 573 1642 saepe
601 1585 654 1642 pes
682 1566 713 1624 in
743 1565 800 1624 fine
830 1566 1035 1640 praecedentis
1063 1585 1167 1626 versus
1197 1567 1355 1626 inchoatus

85 1657 109 1712 in
136 1657 282 1733 principio
314 1655 469 1732 sequentis
499 1674 603 1715 versus
632 1654 798 1732 perficitur,
829 1655 914 1714 velut
943 1659 995 1716 atr.
1018 1675 1065 1715 vr.
1089 1667 1104 1714 2
1129 1659 1159 1712 et
1182 1668 1212 1731 3,
1236 1668 1252 1712 3
1276 1659 1308 1714 et
1330 1667 1356 1732 4,

84 1755 96 1800 6
112 1756 139 1802 ct
157 1757 181 1822 6,
200 1766 246 1822 ep.
265 1757 283 1804 4
303 1749 334 1805 66
353 1757 378 1822 6,
398 1747 460 1804 666
474 1755 499 1822 6,
518 1745 597 1804 unde
617 1744 715 1803 nescio
735 1763 773 1802 an
792 1743 932 1820 strophae
951 1761 1055 1803 versus
1070 1756 1149 1822 2-4,
1168 1756 1247 1822 6-6,
1266 1746 1354 1820 epodi

86 1853 176 1892 versus
198 1846 269 1894 4-o
294 1835 325 1893 in
349 1834 486 1912 singulas
509 1835 648 1910 periodos
671 1833 871 1910 coniungendi
895 1833 968 1910 sint,
991 1837 1023 1891 66
1044 1833 1183 1892 versiculi
1207 1835 1355 1894 monocoli

86 1928 130 1980 atr.
151 1935 166 1982 2
189 1927 220 1984 et
243 1945 287 2000 cp.
312 1935 342 2000 4,
366 1943 384 1981 6
407 1923 564 1982 maiestate
595 1923 640 1980 illi
671 1921 837 1981 carminum
868 1921 1233 1998 dactylo-epitriticorum
1264 1943 1355 2000 quam

87 2013 202 2070 maxima
227 2013 317 2072 alieni
346 2004 397 2093 (of.
422 2012 572 2072 Censoris.
597 2011 633 2070 de
656 2030 731 2070 mus.
754 2032 783 2087 p.
804 2021 870 2088 666,
893 2023 909 2068 3
933 2012 978 2070 ed.
1000 2005 1065 2092 K),
1092 2012 1226 2072 colorum
1253 2013 1357 2088 potius

88 2120 167 2174 quam
190 2121 331 2161 versuum
355 2103 451 2161 vicem
475 2101 638 2160 obtineant.
683 2101 768 2170 Quod
793 2103 894 2159 autem
918 2101 949 2158 in
972 2100 1030 2159 fine
1054 2100 1265 2177 plerorumque
1288 2121 1356 2160 ver-

88 2209 164 2248 suum
192 2193 388 2270 perexiguum
412 2193 531 2267 tempus
559 2209 671 2266 pausae
699 2192 790 2266 66666
812 2189 949 2267 reliquit,
972 2189 1028 2249 hoc
1052 2209 1121 2249 cum
1144 2191 1301 2251 alacritate
1325 2195 1356 2249 66

90 2279 190 2338 fertore
213 2281 370 2342 modorum
392 2281 483 2339 huius
506 2280 647 2339 carminis
670 2278 817 2356 cohaeret,
841 2298 919 2355 quae
938 2279 1031 2337 etiam
1049 2281 1188 2338 anacrusi
1206 2280 1356 2356 bisyllaba

88 2368 163 2440 primi
185 2389 287 2430 versus
307 2373 337 2427 et
356 2370 527 2445 frequentia
545 2369 763 2444 dactylicarum
780 2368 915 2428 colorum
934 2387 1072 2444 expressa
1090 2373 1169 2428 sunt.
1209 2369 1354 2445 Dactylos

89 2457 155 2516 enim
178 2460 249 2518 adeo
274 2461 364 2535 pocta
387 2459 586 2534 praeoptavit,
610 2461 646 2516 ut
669 2460 773 2517 contra
791 2460 922 2516 veterem
941 2458 1188 2517 consuetudinem
1206 2459 1355 2534 dactylica

91 2547 213 2624 tripodis,
236 2568 294 2608 nou
319 2548 469 2624 epitritico
494 2566 582 2607 versu
608 2547 762 2622 stropham
788 2547 942 2606 clauderet
960 2539 1012 2628 (cf.
1032 2546 1066 2606 Ο.
1085 2566 1104 2604 x
1125 2551 1175 2606 str.
1195 2548 1228 2608 P.
1248 2567 1279 2606 lx
1299 2568 1355 2624 ep,

90 2633 162 2692 1666
181 2641 228 2696 str.
249 2641 279 2695 et
297 2631 367 2720 ep).
395 2637 566 2696 Admodum
584 2656 653 2696 vero
681 2636 806 2694 dubium
829 2640 883 2714 est,
905 2640 1010 2694 utrum
1033 2636 1138 2696 finales
1162 2628 1238 2696 duae
1262 2638 1353 2713 sylla-

92 2722 135 2780 bae
161 2727 277 2786 secundi
305 2745 409 2785 versus
437 2727 524 2802 epodi
552 2726 622 2785 huic
649 2725 749 2784 versui
777 2725 982 2784 concedendae
1016 2745 1056 2810 an
1085 2726 1220 2802 proximo
1253 2727 1353 2785 versui

92 2815 278 2892 praefigendas
303 2815 376 2892 sint;
399 2815 547 2892 equidem,
571 2835 638 2874 curn
662 2814 790 2873 iambica
814 2814 967 2874 anacrusis
993 2833 1012 2873 a
1037 2815 1188 2893 gravitate
1212 2834 1354 2875 versuum

92 2901 426 2982 dactylo-epitritioorum
454 2905 626 2981 abhorreat,
654 2904 777 2982 Bergkii
801 2923 893 2980 quam
916 2904 1059 2962 Bocckhii
1082 2905 1251 2981 veterisque
1276 2905 1373 2964 colo.

93 2994 197 3052 metriae
218 2995 352 3053 rationes
375 2993 460 3070 sequi
484 2994 579 3053 satius
602 2993 686 3072 duxi,
716 2993 894 3070 praesertim
920 3012 989 3052 oum
1017 2994 1109 3052 etiam
1137 2995 1354 3054 sententiarum

94 3083 269 3143 conformatio
294 3083 325 3142 in
344 3104 390 3143 vr.
407 3095 440 3142 33
460 3088 490 3142 66
509 3094 542 3142 66
562 3083 672 3142 nostris
695 3082 864 3142 rationibus
887 3083 996 3142 faveat.
1042 3083 1180 3159 Denique
1204 3084 1239 3142 de
1263 3084 1353 3143 versi-

94 3166 138 3226 bus
155 3173 308 3250 acephalis,
323 3172 466 3248 aquibus
484 3171 608 3248 stropha
627 3170 744 3232 orditur
762 3173 793 3230 66
811 3170 842 3230 16
862 3190 937 3248 quos
957 3171 1074 3248 desinit,
1089 3173 1190 3232 confer
1209 3173 1354 3232 O.x1111.

95 3255 422 3338 P.1ep.8.111cp.9.1x
440 3273 463 3319 1.
480 3261 646 3338 ep.9.N.x
664 3273 676 3318 1
693 3260 1355 3323 etvideProl.x1x.u——Carmenhoccan

96 3353 177 3407 talam
199 3354 243 3410 cst
266 3351 385 3428 publice
409 3371 428 3408 a
451 3350 602 3427 frequenti
625 3351 714 3409 cboro
738 3349 817 3408 iuter
835 3351 940 3426 epulas
959 3353 1084 3428 agente
1103 3351 1297 3410 Eratidarum
1317 3351 1355 3409 ad

97 3437 282 3499 celebrandam
314 3439 472 3498 victoriam
502 3439 624 3518 gentilis
654 3439 804 3516 Diagorae
835 3439 997 3498 adornatas
1024 3433 1066 3521 (v.
1091 3432 1154 3519 94),
1184 3440 1355 3502 consociato

97 3531 170 3586 cantu
191 3529 294 3588 fidium
318 3532 349 3588 et
377 3528 520 3587 tibiarum
550 3521 592 3610 (v.
618 3521 674 3610 12).
720 3527 885 3587 Pindarum
908 3529 1007 3604 ipsum
1030 3529 1168 3588 Rhodum
1192 3551 1260 3590 oum
1284 3530 1355 3588 Dia-

97 3633 154 3685 gora
173 3619 282 3678 victore
306 3618 430 3694 venisse,
453 3621 490 3676 ut
512 3618 637 3676 chorum
660 3617 779 3676 doceret
802 3621 833 3676 et
856 3617 887 3675 iu
906 3618 1038 3676 cauendo
1056 3618 1196 3697 praeiret,
1215 3631 1354 3679 varsula

98 3701 275 3776 significatum
304 3727 366 3766 esse
395 3707 526 3783 videtur,
555 3707 605 3766 sed
634 3725 702 3766 euin
730 3706 853 3766 verbum
880 3703 1004 3784 πέμπων
1027 3729 1054 3767 v.
1079 3721 1094 3766 6
1118 3709 1148 3766 in
1173 3709 1354 3768 contrariam

98 3797 253 3856 senteutiam
283 3797 363 3855 trahi
391 3797 486 3872 possit
513 3799 544 3854 ct
571 3796 674 3854 eodem
703 3815 781 3854 auno
809 3797 1000 3872 Xenophonti
1028 3797 1183 3857 Corinthio
1215 3817 1355 3874 praeseus

100 3878 222 3944 Pindarus
241 3886 398 3945 victoriam
419 3887 592 3964 gratulatus
611 3905 674 3943 esse
693 3877 1007 3965 dicatur(0.x1ns),
1030 3886 1104 3943 nihil
1124 3887 1198 3944 certi
1222 3892 1354 3947 statuere

99 3973 182 4050 ausim,
204 3975 259 4033 nisi
285 3976 366 4051 quod
395 3977 514 4051 poetam
543 3975 674 4032 insulam
704 3974 803 4048 ipsum
831 3974 941 4033 vidisse
970 3979 1000 4032 et
1022 3975 1156 4033 homines
1180 3977 1353 4054 cognovisse

99 4062 144 4118 seri
164 4063 346 4122 simillimum
370 4069 423 4122 est.

1115 4153 1197 4231 Στρ.
1220 4147 1264 4213 α’.

290 4256 420 4321 ciarev
444 4257 488 4332 ὡς
511 4262 544 4320 cl
563 4279 613 4332 τις
636 4254 774 4340 ἀφνειᾶς
798 4253 861 4319 ἀπὸ
886 4256 994 4341 χειρὸς
1017 4252 1101 4320 ἑλὼν

288 4364 387 4428 ἔνδον
411 4363 557 4448 ἀμπέλου
581 4363 798 4446 καχλάζοισαν
822 4363 934 4448 δρόσῳ

127 4477 137 4482 -
158 4479 289 4487 ——-—-

116 4583 120 4594 ¹
158 4535 230 4571 raam
249 4539 352 4576 arcuo.
391 4521 473 4576 lusor.
511 4518 637 4594 Διαγόρᾳ
653 4517 749 4592 Ῥοδίῳ
767 4519 859 4590 πύκτῃ
878 4519 1013 4583 ΑΒΟΙ),
1032 4521 1180 4587 practerea
1199 4522 1307 4575 addunt
1327 4524 1353 4575 A

102 4591 139 4656 6·ιῴ
159 4591 336 4660 Δαμαγήτου,
356 4593 449 4648 BDV
465 4593 516 4666 υἱῷ
537 4599 608 4662 Δαμ.
629 4589 847 4658 vaudemanche
867 4589 916 4644 σθ’
937 4590 989 4657 (οἵ
1009 4589 1098 4644 minio
1117 4591 1181 4645 add.
1202 4593 1242 4662 D)
1260 4593 1298 4647 42.
1319 4625 1354 4633 -

158 4751 339 4788 6666666666.
376 4755 400 4790 v.
421 4743 498 4791 1-6.
521 4737 667 4808 praeclara
686 4731 861 4802 comparatio
880 4731 1011 4786 carminis
1030 4749 1095 4786 cum
1114 4732 1212 4803 phiala
1231 4734 1290 4788 viui
1308 4735 1353 4802 (cf.

103 4801 202 4873 1666)
219 4807 330 4877 egregie
349 4808 466 4862 carmini
484 4810 615 4864 convenit
631 4809 661 4863 in
680 4804 809 4861 convivio
829 4804 982 4872 cantando;
1002 4805 1036 4858 cf.
1052 4804 1086 4858 N.
1101 4824 1133 4858 111
1147 4821 1181 4860 rr.
1217 4806 1273 4862 Res
1292 4807 1356 4876 ipsa

1105 4895 1143 4948 43
