3417 5434
312 310 398 366 XblV
812 313 1090 367 Psousoousus.

312 475 523 540 fundamento
547 475 755 541 ratiocinatio
778 477 918 562 nitatur,
940 475 1081 560 primum
1105 497 1258 560 quaerere
1281 499 1341 542 nos
1365 481 1509 563 oportet,
1533 500 1602 562 qua

312 582 443 646 tandem
471 583 546 648 sede
573 606 725 648 versuum
753 583 1017 670 logaoedicorum
1040 583 1216 668 ancipitem
1239 583 1400 669 syllabam
1423 585 1600 650 admittere

311 689 419 774 poetis
451 688 588 755 licuerit.
634 689 777 754 Admisit
810 694 920 756 autem
946 689 1106 756 Pindarus
1133 691 1223 778 leges
1251 690 1397 756 omnium
1424 697 1600 777 poetarum

313 819 500 862 communes
524 801 654 863 secutus
683 797 859 882 ancipitem
883 797 1042 883 syllabam
1065 805 1293 884 praeterquam
1315 798 1351 863 in
1372 799 1437 864 fine
1465 803 1499 863 et
1524 823 1601 864 ana·

313 905 400 970 crusi
427 927 555 990 versus,
580 904 615 969 in
642 904 716 970 basi
739 903 982 970 Hermanmana
1005 905 1095 969 etin
1118 907 1182 970 fine
1206 905 1303 971 medii
1326 906 1480 991 membri,
1506 907 1600 971 velut

318 1010 354 1076 0.
373 1029 410 1076 rx
429 1013 459 1078 3.
487 1011 527 1076 N.
546 1029 580 1077 11.
600 1015 629 1078 3.
654 1011 693 1076 N.
713 1029 752 1076 111
771 1034 819 1099 ep.
840 1013 868 1076 1.
891 1030 928 1076 1v
946 1014 976 1077 4.
997 1014 1030 1077 6:

532 1182 739 1313 Τεύόραντος
759 1227 878 1291 πεδίον
899 1183 1013 1310 μολὼν
1035 1228 1113 1291 ἔστα
1136 1229 1200 1291 σὺν
1221 1225 1363 1312 Ἀχιλλεῖ

527 1335 684 1420 ἄρχονται
707 1335 791 1410 Διὸς
814 1333 849 1398 ἐκ
872 1336 1065 1419 προοιμίου,
1087 1331 1143 1398 καὶ
1167 1331 1217 1400 ὅδ’
1244 1334 1327 1421 ἀνήρ

527 1553 732 1636 παγκρατίου
755 1551 862 1638 στόλφ
885 1545 1107 1633 καματωδέων
1129 1545 1166 1613 δὲ
1188 1554 1321 1633 πλαγᾶν

528 1659 617 1742 όφρα
639 1659 840 1734 θαλασσίαις
863 1656 994 1743 ἀνέμων
1016 1658 1145 1744 ῥιπαῖσι
1168 1661 1335 1742 πεμφθείς

528 1872 615 1959 ῥῆμα
639 1869 670 1936 d'
693 1871 861 1957 ἐργμάτων
883 1873 1105 1959 χρονιώτερον
1126 1873 1267 1957 βιοτεύει

529 1981 670 2063 Αἰγίνας
693 1977 797 2062 ἕκατι,
821 1983 951 2062 φίλοισι
974 1980 1037 2065 γὰρ
1061 1984 1159 2065 φίλος
1183 1979 1294 2044 ἐλθών

528 2082 622 2163 αὖτις
645 2086 813 2172 Εὐρώπαν
835 2084 912 2152 ποτὶ
935 2089 1055 2172 χερσὸν
1078 2089 1171 2153 ἔντεα
1194 2089 1282 2163 ναός.

316 2211 378 2278 Sed
397 2212 474 2277 licet
495 2213 531 2276 in
549 2212 600 2277 his
619 2211 701 2277 locis
724 2211 851 2296 syllaba
869 2234 987 2297 anceps
1006 2211 1155 2298 legitima
1174 2212 1286 2299 fuerit,
1308 2213 1467 2279 Pindarus
1486 2220 1601 2279 tamen

314 2321 446 2385 brevem
474 2319 646 2405 syllabam,
676 2323 713 2384 ut
737 2341 818 2403 quae
849 2319 991 2406 genuina
1018 2319 1130 2402 fuerit,
1159 2319 1209 2385 ita
1231 2321 1431 2407 anteposuit,
1459 2326 1496 2386 ut
1524 2343 1600 2386 raro

313 2429 446 2514 longam
470 2449 529 2513 pro
552 2427 643 2492 brevi
667 2426 863 2491 admitteret.
900 2426 979 2491 Inde
1003 2427 1031 2490 si
1054 2449 1119 2511 quo
1137 2428 1210 2493 loco
1229 2428 1380 2494 omnibus
1397 2428 1433 2492 in
1452 2428 1600 2513 strophis

315 2535 448 2622 longam
479 2534 604 2619 posuit,
637 2535 761 2599 duabus
790 2535 898 2620 longis
927 2534 993 2599 rim
1020 2557 1085 2599 non
1114 2535 1258 2600 trochaei
1285 2534 1484 2600 irrationalis
1513 2533 1601 2622 (τρο

315 2647 411 2729 χαίου
435 2640 574 2728 ἀλόγου)
599 2641 654 2706 sed
677 2642 768 2726 pedis
788 2641 907 2707 senarii
927 2641 1044 2728 (ποδὸς
1064 2641 1241 2730 ἑξασήμου)
1260 2642 1450 2707 tribuemus.
1489 2645 1599 2727 Atque
1701 2724 1702 2729 χ

313 2751 348 2815 in
371 2749 468 2814 huius
491 2748 644 2814 editionis
668 2748 842 2814 schematis
865 2749 1010 2814 metricis
1034 2751 1114 2814 duas
1135 2750 1251 2836 longas
1271 2750 1394 2814 trinum
1413 2754 1599 2835 temporum
1701 2748 1702 2761 *

315 2857 466 2942 deinceps
489 2856 613 2940 positas
636 2856 672 2920 in
695 2855 783 2921 omni
807 2856 881 2920 sede
904 2879 1056 2922 versuum
1078 2858 1342 2944 logaoedicorum
1365 2856 1521 2940 invenies,
1544 2858 1600 2922 sed

316 2963 429 3029 erebro
453 2967 582 3028 tantum
608 2963 644 3028 in
671 2965 734 3028 fine
762 2985 889 3049 versus,
915 2964 1020 3030 rarius
1043 2965 1076 3028 in
1100 2965 1219 3049 primo,
1246 2965 1411 3030 rarissime
1433 2963 1470 3028 in
1492 2964 1600 3029 medio

315 3094 419 3138 versu.
461 3070 620 3156 Exemplo
645 3074 709 3135 sint
732 3093 844 3136 versus
868 3072 916 3136 hi:

565 3286 634 3350 α’ίτε
658 3288 766 3350 ναίετε
789 3289 998 3351 καλλίπωλον
1021 3285 1123 3372 ἕδραν
1146 3286 1197 3373 (0.
1216 3304 1278 3351 xlv
1296 3285 1347 3371 2),

671 3419 1012 3462 enhaemon
1049 3436 1101 3462 υ-

459 3501 535 3566 τεὰν
559 3499 707 3585 ἄδελφὰν
731 3499 890 3585 ἐλάχομεν
913 3499 1116 3584 ἀγλαόγυιον
1130 3454 1244 3585 “lidori
1266 3498 1322 3586 (N.
1341 3519 1392 3566 vn
1409 3499 1460 3587 4),

835 3661 872 3693 λ..

621 3736 748 3817 βουλᾶν
771 3730 808 3798 δὲ
831 3667 1066 3818 καλ-πολέμων
1086 3731 1135 3821 (P.
1154 3751 1217 3798 vin
1237 3732 1286 3821 3),

785 3876 820 3927 ιζ.
840 3901 876 3926 ,υ
893 3899 912 3927 υ
929 3906 947 3928 ε
964 3901 983 3927 υ
1001 3919 1017 3926 -
1036 3901 1054 3927 υ
1072 3907 1090 3927 a
1127 3920 1144 3928 -

519 3967 655 4054 ῥαπτῶν
678 3965 783 4032 ἐπέων
805 3967 845 4031 τὰ
868 3964 964 4032 πολλ’
985 3966 1097 4032 ἀοιδοί
1118 3965 1267 4052 (N.112.
1290 3983 1326 4030 1v
1346 3965 1395 4052 8),

743 4110 1172 4160 [haemonion

511 4202 624 4277 ἵπποις
647 4201 797 4284 ἡμιόνοις
819 4222 854 4264 τε
876 4201 1089 4286 μοναμπυκίᾳ
1111 4223 1146 4263 τε
1170 4197 1221 4286 (0.
1239 4217 1264 4262 v
1286 4221 1333 4282 ep.
1359 4196 1404 4283 1),

418 4327 1489 4395 r.².l..‡oo-oissu..².oo-or.'.1„3.o-oou'.u..³o-o-

361 4435 511 4510 ίίντειλας
533 4435 705 4498 Διόνυσον
727 4431 747 4516 ἣ
771 4441 884 4520 χρυσῷ
907 4431 1125 4515 μεσονύκτιον
1147 4434 1291 4514 νίφοντα
1313 4427 1475 4514 δεξαμένα
1497 4433 1557 4497 τὸν

720 4539 886 4626 φέρτατον
908 4545 1000 4604 θεῶν
1023 4535 1062 4626 (I.
1081 4557 1131 4604 vn
1150 4535 1194 4625 5).

405 4665 467 4731 His
489 4665 593 4752 igitur
616 4670 649 4730 et
672 4665 832 4730 similibus
855 4665 891 4729 in
909 4664 1070 4748 versibus,
1092 4670 1267 4749 postquam
1286 4664 1340 4728 diu
1361 4663 1461 4728 animi
1480 4687 1598 4749 pepen-

318 4775 437 4860 dimus,
468 4772 687 4858 rhythmicam
714 4771 868 4859 formam,
897 4793 961 4859 qua
987 4776 1100 4857 poetas
1129 4771 1273 4838 scenicos
1301 4793 1378 4838 usos
1407 4793 1478 4839 esse
1506 4776 1599 4838 extra
