3417 5434
364 311 431 375 290
836 317 985 368 PINDARI
1003 317 1169 370 EPINICIA.

364 476 435 541 οῦδ
458 472 519 561 μέν
542 476 597 559 τό,
620 478 660 542 rel
683 475 714 542 δ’
740 480 864 544 ἀλ-λοι·
888 489 1000 564 τυχεῖν
1023 477 1052 543 δ’
1076 476 1129 544 ἕν’
1153 478 1323 545 ἀδύνατον

417 583 633 669 εὐδαιμονίαν
656 586 798 652 ἅπασαν
821 586 1035 671 ἀνελόμενον·
1058 586 1120 651 οὐκ
1142 589 1205 672 ἐχοι

417 693 535 775 εἰπεῖν,
559 696 625 757 τίνι
648 702 746 759 τοῦτο
771 697 902 779 Met—pa
924 692 1017 771 τέλος
1039 694 1181 779 ἔμπεδον

417 796 523 884 ὤρεξε.
572 803 736 886 Θεαρίων,
755 842 768 849 -
787 798 841 865 τλν
864 799 896 865 δ’
921 801 1050 866 ἐοικότα
1073 802 1190 886 καιρὸν
1218 803 1321 885 ὄλβου

417 1014 550 1095 δίδωσι,
573 1016 714 1099 τόλ-μαν
735 1038 770 1079 τε
792 1018 904 1081 καλῶν
923 1055 937 1065 -
956 1013 1106 1103 ἀρομένῳ

364 1136 398 1184 60
417 1122 550 1197 σύνεσις
572 1121 633 1186 οὐκ
656 1118 874 1205 ἀποβλάπ-τει
898 1133 1041 1208 φρενῶν.

416 1226 523 1305 ξεῖνός
546 1230 626 1313 είμι,
649 1230 836 1295 σκοτει-νὸν
859 1227 990 1314 ἀπέχων
1012 1231 1133 1312 ψόγον·

415 1335 537 1411 ὕδατος
561 1330 622 1400 ὧτε
645 1335 725 1420 ῥοάς
742 1376 756 1385 -
776 1340 879 1421 φίλον
902 1335 935 1413 ἐς
957 1334 1051 1422 ἄνδρ’
1079 1338 1171 1420 dysis

415 1439 509 1517 κλέος
532 1441 693 1526 ἐτήτυμον
716 1442 850 1509 αἰνέσω·

458 1552 640 1634 ποτίφορος
665 1547 695 1612 δ’
723 1549 880 1632 ἀγαθοῖσι
903 1552 1025 1635 μισθὸς
1048 1546 1155 1628 οὗτος.

415 1762 479 1829 etv
502 1762 533 1829 δ’
564 1763 662 1848 ἐγγὺς
682 1760 809 1848 Ἀχαιὸς
832 1764 873 1829 οὐ
892 1804 906 1813 -
924 1762 1087 1849 μέμφεταί
1105 1764 1138 1851 μ’
1166 1764 1251 1849 ἀνὴρ

361 1886 395 1933 65
412 1868 530 1948 Ἰονίας
551 1868 634 1957 ὑπὲρ
658 1870 736 1947 ἁλὸς
759 1870 890 1936 οἰκέων·

458 1976 513 2042 καὶ
536 1976 626 2065 ξενίᾳ
647 1976 795 2061 πέποιθ’,
814 2019 828 2026 -
847 1982 884 2043 ἐν
906 2002 941 2043 τε
964 1980 1122 2063 δαμόταις

414 2086 534 2170 ὄμματι
557 2084 714 2170 δέρκομαι
733 2126 746 2133 -
766 2087 932 2171 λαμπρόν,
956 2084 1017 2171 οὐχ
1040 2086 1251 2171 ὑπερβαλών,

414 2195 506 2275 βίαια
529 2188 626 2256 πάντ’
647 2232 661 2241 -
681 2190 716 2257 ἐκ
738 2193 841 2267 ποδὸς
864 2192 1009 2277 ἐρύσαις,
1033 2194 1050 2260 ὁ
1074 2190 1112 2259 δέ
1134 2196 1249 2272 λοιπὸς
1271 2195 1408 2278 εὔφρων

414 2296 489 2362 ποτὶ
512 2300 631 2383 χρόνος
654 2297 773 2384 ἕρ-ποι.
819 2300 940 2385 μαθὼν
963 2299 1002 2364 δί
1022 2325 1072 2378 τις
1095 2300 1137 2366 ἀν
1160 2300 1241 2387 ἐρεῖ,

414 2407 445 2469 εί
466 2426 532 2490 παρ
555 2404 652 2489 μέλος
675 2409 810 2492 ἔρχομαι
829 2446 842 2455 -
861 2406 985 2490 ψάγιον
1007 2409 1112 2493 ὄαρον
1135 2407 1290 2475 ἐννέπων.

433 2642 476 2692 56.
502 2635 564 2691 οὐδ’
586 2635 638 2707 ἔχει
657 2635 771 2691 Schmid
798 2668 830 2677 -
857 2641 899 2691 69.
925 2634 1053 2710 ἀρομένῳ
1071 2637 1143 2693 ooni.
1166 2638 1322 2694 Hermaunr
1348 2636 1481 2711 ἀραμένω
1507 2640 1573 2695 BD
1596 2672 1618 2678 --

360 2714 402 2763 60.
426 2708 538 2763 οόνεσιν
561 2708 632 2762 coni.
651 2708 793 2762 Hermann
812 2740 844 2748 —
865 2714 908 2763 tl.
927 2708 1056 2764 κοτεινδν
1078 2708 1192 2779 scripsit
1213 2710 1339 2778 Boeckh,
1365 2696 1497 2767 κελαινδκ
1514 2711 1559 2765 vel
1575 2711 1621 2777 ἐρι-

360 2779 461 2851 βεννὸν
487 2778 558 2833 coni.
577 2778 670 2847 Bergk
688 2810 722 2819 -
746 2786 788 2833 62.
816 2779 843 2842 ἐς
869 2780 908 2834 B:
935 2782 971 2843 ὡς
994 2781 1023 2835 D
1046 2812 1082 2821 —-
1100 2786 1142 2836 68.
1161 2778 1299 2850 ποτίφρος
1317 2782 1347 2837 D
1367 2814 1400 2823 -—
1420 2788 1463 2837 66.
1486 2784 1536 2837 καλ
1556 2780 1621 2855 ξενίᾳ

360 2850 431 2905 coni.
450 2850 606 2904 Mommsen
625 2848 729 2904 collato
749 2849 780 2904 0.
799 2869 828 2903 u
845 2867 872 2905 ss
890 2853 920 2904 et
942 2850 972 2905 P.
990 2871 1010 2904 1
1027 2868 1065 2907 aa:
1084 2854 1133 2906 καὶ
1149 2853 1284 2927 προξενίᾳ
1303 2853 1394 2923 οοδδ.,
1413 2856 1463 2908 καὶ
1481 2854 1548 2909 eisc.
1564 2852 1621 2906 Her-

359 2938 444 2975 mauu
471 2952 504 2963 -
530 2927 572 2976 66.
596 2921 761 2994 ὑπερβαλών
786 2920 857 2976 coni.
877 2920 1003 2978 Schmid:
1032 2922 1211 2995 ὑπερβάλλων
1236 2923 1332 2986 codd..
1357 2924 1538 2998 δπερβλέκιιν
1562 2924 1621 2978 coni.

360 2992 515 3047 Mommsen
530 3024 563 3035 --
579 2996 621 3047 68.
640 3012 682 3055 τις
700 2990 736 3047 ἀν
756 2992 813 3061 ἐρεῖ
830 2994 895 3048 BD
913 2996 942 3048 et
961 2993 1060 3049 schol:
1079 3014 1120 3057 τις
1139 2994 1210 3062 ἐρέει
1227 2996 1300 3052 coni
1319 2996 1432 3050 Boeclrh
1451 2995 1623 3067 probabiliter

362 3096 393 3105 -
414 3070 456 3118 69.
474 3062 581 3135 φοίνιον
600 3064 674 3133 BD3
694 3064 765 3119 conf.
785 3064 904 3133 Hesych.
924 3064 1041 3135 φόνιον·
1067 3064 1198 3135 πλάγιονε
1217 3066 1320 3137 νόμον
1337 3066 1422 3122 Trici.
1442 3100 1476 3109 -

359 3206 454 3279 ὄλβον)
467 3209 496 3261 et
515 3206 639 3261 animum
657 3205 837 3260 honestarum
856 3224 948 3261 rerum
967 3210 1154 3279 appetentem,
1174 3212 1362 3279 temperatum
1383 3225 1447 3263 eum
1468 3211 1582 3265 oonsilio
1599 3214 1621 3263 et

358 3278 510 3347 prudentia
526 3310 557 3319 -
573 3282 615 3332 5⁷.
630 3274 714 3344 τέλος,
729 3278 875 3348 fastigium
888 3278 1035 3333 felicitatis
1049 3311 1083 3319 —
1098 3286 1140 3333 60.
1156 3280 1330 3353 ἀποβλάπτει
1344 3290 1469 3350 φρενῶν·
1485 3282 1621 3353 prudentia

359 3350 461 3403 mentis
480 3348 556 3404 cavit
574 3365 608 3403 ne
627 3348 748 3403 audacia
767 3348 873 3404 stolida
898 3350 934 3404 ab
957 3350 1083 3405 honestis
1107 3354 1220 3419 (καλῶν)
1242 3351 1441 3422 depelleretur,
1461 3354 1496 3408 ci.
1511 3353 1542 3407 0.
1557 3372 1591 3406 ru
1602 3368 1622 3405 ιι

360 3452 393 3461 -
412 3427 454 3475 61.
470 3420 621 3488 σκοτεινὸν,
640 3420 767 3476 κοτεινὸν
801 3420 958 3475 renuntiari
971 3424 1056 3492 poeta
1069 3422 1167 3490 voluit,
1187 3425 1219 3476 ut
1236 3423 1374 3478 Homerus
1392 3424 1565 3495 Κάμακδρον
1580 3440 1622 3494 pro

358 3492 561 3562 Σκάμανδρον·
576 3492 609 3547 of.
625 3491 658 3546 fr.
675 3508 713 3546 rsa
727 3496 757 3546 et
791 3492 872 3562 hrist‚
886 3492 990 3547 Metrilr
1003 3494 1030 3547 d.
1046 3492 1184 3548 Grieehen
1197 3512 1223 3550 u.
1238 3494 1341 3550 ittmer
1353 3515 1380 3578 p.
1397 3514 1422 3549 ιο
1439 3528 1472 3537 -
1488 3504 1531 3552 61.
1544 3494 1622 3562 ξεῖνός

359 3564 426 3633 εἰμι’
450 3562 582 3618 nimirum
605 3562 745 3635 hospitem
764 3564 855 3633 magis
879 3563 965 3618 etiam
988 3582 1074 3633 quam
1092 3565 1184 3619 civem
1201 3581 1219 3620 a
1237 3566 1468 3621 cavillationibus
1492 3567 1622 3622 abstinere

357 3652 409 3704 par
432 3638 476 3688 ert
499 3666 532 3675 -
556 3640 598 3690 62.
622 3631 701 3704 βοὰς·
726 3634 760 3689 cf.
781 3651 866 3705 supra
884 3654 909 3692 r.
929 3653 955 3691 ιε
978 3632 1070 3705 ῥοαῖσι
1088 3640 1203 3692 Μοισᾶν
1221 3668 1254 3678 -
1274 3644 1316 3692 63.
1340 3638 1443 3709 μισθὸς
1466 3635 1557 3707 οὗτος,
1577 3639 1622 3691 hoc

357 3706 513 3832 preamium
536 3704 642 3777 poesis,
666 3707 741 3775 quod
765 3723 809 3761 res
827 3708 899 3761 bene
917 3710 1012 3777 gestas
1031 3708 1113 3778 quasi
1131 3712 1336 3779 remuneratur,
1359 3709 1455 3780 probis
1474 3710 1622 3765 hominihus

358 3794 410 3833 oon
429 3777 496 3833 uoit.

428 3855 463 3903 64
477 3866 512 3904 ss.
533 3866 550 3902 a
568 3848 652 3903 laude
671 3865 738 3903 suae
757 3848 921 3919 probitatis,
935 3866 1008 3919 quae
1027 3851 1063 3905 ah
1083 3851 1159 3906 omni
1177 3851 1377 3907 maledicentia
1396 3852 1555 3921 abhorreat,
1571 3869 1622 3905 rur·

358 3938 404 3974 sus
428 3921 465 3974 ed
488 3920 593 3974 crimen
617 3919 672 3974 sibi
694 3919 834 3975 immerito
858 3922 1013 3991 irrogatum
1031 3924 1106 3977 redit
1124 3955 1157 3964 —
1177 3928 1219 3978 64.
1236 3921 1362 3994 Ἀχαιὸς.
1379 3967 1385 3977 .
1402 3967 1407 3978 .
1423 3922 1535 3978 οἰκέων·
1553 3923 1621 3993 Epiri

356 3992 459 4061 incola,
478 4008 560 4061 quem
579 3992 670 4047 bonae
690 3992 782 4047 lamae
801 3992 992 4063 Neoptolemi,
1012 3994 1135 4049 auctoris
1152 4012 1168 4048 r
1206 3994 1249 4049 'ae
1267 3994 1367 4049 domus
1385 3994 1554 4064 Epiroticae,
1570 4012 1619 4047 rna-

357 4064 431 4117 xime
444 4063 588 4118 consulere
598 4079 651 4134 par
660 4066 711 4133 est,
721 4080 765 4118 me
779 4081 835 4118 non
849 4063 1042 4134 reprehendet,
1052 4066 1128 4135 quod
1137 4064 1173 4119 de
1194 4066 1266 4119 aude
1275 4065 1413 4120 bonorum
1425 4066 1568 4121 hominum
1580 4066 1619 4119 de-

280 4200 284 4207 ·
357 4134 497 4190 haxefim.
526 4134 633 4189 Achaei
652 4138 747 4189 autem
766 4135 900 4205 Epirotae
918 4152 979 4191 esse
996 4136 1225 4206 perhibebantur,
1244 4137 1319 4205 quod
1334 4136 1463 4192 Thessali
1478 4138 1580 4193 Achaei
1591 4154 1619 4191 er

356 4206 441 4276 Epiro
464 4206 532 4261 olim
555 4207 584 4259 in
603 4205 779 4261 Thessaliam
803 4206 812 4259 i
874 4206 879 4217 '
935 4224 979 4262 sse
1002 4207 1170 4263 ferebantur.
1207 4209 1240 4262 ln
1261 4207 1316 4262 hac
1333 4208 1458 4279 simplici
1475 4210 1556 4265 huius
1572 4209 1619 4264 loci

357 4276 588 4348 interpretatione
611 4278 798 4347 Hermaunus‚
814 4224 1005 4350 menis
1024 4279 1179 4350 Aeginetae
1197 4279 1319 4334 victoria
1336 4280 1518 4351 quinquertii,
1537 4298 1618 4353 opusc.

355 4366 387 4400 nr
401 4362 426 4402 aa
442 4366 476 4403 ss.
491 4365 547 4403 uon
562 4348 711 4417 acquievit,
727 4350 776 4403 sed
790 4348 902 4405 reiectis
916 4353 1042 4405 veterum
1055 4351 1304 4421 grammaticorum
1317 4352 1484 4407 commentis
1495 4354 1618 4408 Achivum

356 4419 497 4488 quendam
516 4436 578 4474 oum
592 4419 748 4475 Thoarione
762 4420 792 4474 in
806 4424 948 4476 certamen
963 4421 1139 4477 descendisse
1153 4440 1216 4477 eum
1237 4440 1273 4477 ue
1286 4423 1388 4478 vicisse
1401 4424 1532 4548 προεῖπε
1546 4440 1617 4492 quam

355 4492 449 4545 venus
468 4494 640 4546 commentus
659 4495 703 4547 est
720 4524 755 4533 —-
774 4498 816 4548 66.
836 4493 884 4547 καὶ
903 4491 981 4568 ξενίᾳ
997 4537 1002 4548 .
1020 4536 1025 4547 .
1042 4539 1047 4547 .
1063 4493 1094 4548 ἔν
1111 4512 1140 4548 τε
1160 4497 1217 4565 δαμ
1250 4514 1307 4563 αις,
1327 4497 1357 4549 et
1375 4511 1432 4565 apu
1470 4495 1618 4566 peregrinos

355 4565 385 4616 et
402 4562 476 4617 inter
499 4562 574 4618 cives
597 4564 696 4619 incedo
715 4566 794 4619 vultu
818 4582 916 4619 sereno
939 4564 1067 4620 conscius
1089 4564 1195 4618 nullius
1219 4566 1318 4637 culpae
1337 4598 1372 4605 —
1391 4572 1433 4621 66.
1453 4567 1615 4639 ὑπερβαλόν

356 4632 541 4703 ὑπεροπτικός
564 4634 662 4705 schol,
686 4637 720 4691 of.
740 4636 824 4707 gloss.
844 4636 964 4706 Hesych.
984 4634 1148 4709 όπερβολία·
1173 4634 1252 4708 ὕβρις
1275 4668 1309 4677 -
1333 4642 1376 4691 69.
1400 4638 1447 4691 sl.
1464 4681 1470 4692 .
1486 4681 1493 4693 .
1509 4637 1616 4708 ἔρχομαι.

356 4722 422 4759 num
447 4706 613 4761 inconcinne
638 4707 779 4775 incedam
805 4724 927 4777 namque
950 4708 999 4777 qui
1017 4726 1062 4763 me
1080 4708 1202 4775 noverit,
1228 4724 1272 4762 me
1291 4708 1444 4778 quidquam
1463 4708 1617 4765 inconcinne

355 4778 446 4831 iacere
466 4780 495 4833 et
512 4777 552 4832 ad
569 4778 724 4833 calumnias
743 4778 875 4833 serendas
894 4796 1011 4850 pronum
1030 4796 1091 4835 esse
1110 4778 1228 4849 negabit
1246 4810 1279 4821 —·
