3417 5434
361 345 405 410 80
832 348 981 400 PlNDARl
999 348 1165 400 EPINICIA.

359 528 420 577 oa
445 517 568 594 longam
591 515 762 575 anacrusim
784 515 998 594 praemiserim,
1023 516 1096 575 satis
1121 516 1194 575 mihi
1217 518 1343 577 constat.
1381 516 1425 577 De
1451 518 1561 594 syllaba
1582 540 1626 579 an-

362 606 448 684 cipiti
470 606 583 665 initiali
606 606 746 682 strophae
768 623 912 665 versuum
936 605 1037 681 quarti
1061 608 1092 664 et
1114 606 1189 665 sexti
1212 606 1279 666 vide
1302 610 1364 667 not.
1385 608 1448 667 erit.
1473 608 1509 666 ad
1530 630 1572 667 ττ.
1589 623 1626 669 2¹5.

361 706 406 755 48.
426 707 469 755 90.
514 696 688 756 Admodum
710 714 780 755 vero
804 695 897 754 dubia
919 695 1072 771 percussio
1096 695 1184 771 epodi
1207 714 1350 755 versuum
1376 697 1466 774 primi
1488 701 1517 756 et
1538 700 1627 775 quarti

360 788 392 843 et
414 786 516 843 ultimi
540 789 601 862 est,
624 804 702 861 quae
726 783 921 843 difficultates
944 785 1043 843 nescio
1067 803 1105 843 an
1129 784 1225 843 minui
1247 786 1365 861 possint
1390 786 1521 846 versibus
1543 790 1626 863 primo

361 878 392 933 et
418 875 527 934 ultimo
555 875 587 933 in
615 874 702 933 binos
732 892 836 932 versus
870 874 1013 933 diremtis.
1058 874 1095 932 In
1127 874 1216 949 primi
1247 894 1352 934 versus
1385 877 1480 935 altero
1511 878 1627 935 membro

360 964 519 1023 dividendo
550 964 669 1041 dubito,
698 968 804 1021 utrum
833 963 873 1021 ad
903 963 1075 1041 analogiam
1106 982 1247 1022 versuum
1275 964 1428 1041 Aristoph.
1452 965 1517 1040 Lys.
1536 977 1579 1025 781
1593 986 1627 1024 ss.

361 1054 439 1113 duae
470 1054 584 1129 primae
614 1054 722 1132 longae
753 1052 886 1128 spatium
915 1053 1011 1111 totius
1041 1052 1180 1129 dipodiae
1209 1054 1360 1131 expleant,
1386 1074 1425 1113 an
1449 1054 1486 1113 ad
1508 1074 1628 1115 normam

362 1143 541 1202 ereticorum
572 1142 902 1219 brachycatalectorum
934 1142 1036 1200 Plauti
1069 1136 1111 1225 (v.
1135 1142 1236 1201 Christ
1267 1136 1368 1203 Metu*
1390 1164 1419 1220 p.
1443 1139 1508 1225 408)
1537 1164 1629 1203 versus

364 1237 452 1291 exeat
474 1233 506 1290 in
529 1252 675 1309 paeonem
697 1235 728 1291 et
749 1232 879 1308 primam
902 1232 1024 1309 longam
1047 1231 1172 1291 alterius
1195 1232 1318 1309 paeonis
1342 1233 1457 1291 mutili:

707 1371 772 1419 υὶ
832 1370 1078 1420 woffo-¹
1157 1412 1174 1419 -
1253 1372 1258 1384 '

451 1662 517 1720 Iam
541 1662 565 1719 si
589 1680 649 1737 quo
673 1661 761 1721 modo
785 1665 816 1719 et
838 1661 904 1720 loco
922 1661 979 1720 hoc
998 1680 1116 1719 carmen
1136 1663 1292 1719 cantatum
1310 1661 1351 1721 sit
1370 1681 1504 1741 quaeras,
1521 1682 1626 1721 carmen

363 1750 555 1827 Olympicum
577 1751 769 1809 undecimum
792 1754 862 1809 ante
884 1750 940 1809 hoc
964 1769 1083 1809 carmen
1106 1751 1305 1827 compositum
1328 1770 1391 1811 esse
1419 1756 1544 1830 constat,
1570 1752 1625 1810 slve

361 1840 439 1899 illud
461 1845 497 1899 nt
516 1838 674 1916 Olympiae
698 1843 872 1899 cantaretur
890 1838 952 1899 sive
975 1844 1011 1898 ut
1033 1839 1088 1899 hoc
1107 1860 1226 1899 carmen
1244 1841 1440 1900 annuntiaret
1457 1842 1627 1901 factumest.

362 1929 427 1988 Hoc
448 1931 544 2007 igitur
566 1949 685 1989 carmen
708 1929 740 1987 in
763 1928 851 1987 iustis
879 1928 1014 2004 epinieiis
1037 1948 1056 1987 a
1078 1930 1190 1989 victore
1213 1929 1320 1989 reduce
1344 1931 1492 1990 institutis
1514 1931 1542 1989 in
1561 1930 1627 1987 urbe

361 2019 524 2077 Locrorum
547 2019 828 2095 Epizephyricrum,
857 2018 983 2077 fortasse
1007 2018 1038 2076 in
1061 2018 1145 2077 ouria
1168 2018 1250 2077 urhis
1274 2012 1315 2101 (v.
1337 2032 1378 2080 11.
1398 2013 1458 2101 97),
1480 2019 1577 2079 fidibus
1599 2029 1627 2077 et

361 2106 443 2165 tibiis
467 2108 549 2167 chori
571 2109 638 2168 voci
661 2107 883 2168 inminentibus
908 2100 949 2189 (v.
965 2118 1007 2169 93.
1022 2100 1071 2189 84)
1096 2111 1251 2167 cantatum
1274 2112 1332 2185 est3
1356 2129 1454 2186 neque
1473 2110 1627 2169 saltationis

360 2199 461 2255 motus
488 2197 617 2255 deiuuse
645 2217 681 2256 ex
710 2197 809 2256 indole
836 2196 1049 2273 paeonicorum
1077 2217 1270 2257 numerorum
1299 2199 1475 2258 concludere
1502 2199 1626 2275 equidem

360 2286 466 2345 ausim.
513 2286 611 2345 Simili
638 2306 709 2346 vero
737 2286 824 2346 modo
848 2286 1024 2364 Agesidami
1051 2287 1179 2363 epinicia
1207 2288 1354 2347 adornate
1380 2289 1473 2348 fuisse
1500 2288 1628 2349 videntur

360 2378 452 2452 atque
475 2376 622 2454 Herculis,
647 2396 724 2453 quae
747 2380 838 2452 poeta
860 2376 995 2435 versibus
1015 2387 1120 2436 73—77
1138 2376 1280 2452 depinxit

523 2569 590 2633 Τον
610 2565 865 2653 Ὀλυμπιονίκαν
889 2566 1061 2649 ἀνάγνωτέ
1080 2591 1137 2653 μοι
1330 2572 1412 2655 Στρ,
1436 2568 1479 2634 α’,

516 2674 753 2763 Ἀρχεστράτου
775 2675 894 2759 παῖδα,
917 2677 1001 2740 πόθι
1024 2676 1147 2761 φρενὸς

519 2784 598 2869 ἐμᾶς
620 2782 811 2870 γέγραπται.
857 2784 963 2866 γλυκὺ
987 2782 1050 2868 γὰρ
1074 2782 1163 2871 αὐτῷ

570 2888 669 2974 μέλος
691 2890 837 2975 ὀφείλων
860 2888 1042 2955 ἐπιλέλαθ’.

571 2993 597 3061 ὦ
622 2996 739 3080 Meos,
762 2997 845 3064 ἀλλὰ
868 3000 911 3062 σὺ
934 2996 990 3062 καὶ
1013 2998 1166 3081 θυγάτηρ

515 3103 670 3170 Ἀλάθεια
693 3108 791 3188 Διός,
814 3105 905 3193 ὀρθᾷ
927 3104 999 3191 χερὶ

457 3230 471 3274 s
518 3212 673 3297 ἐρύκετον
696 3211 846 3291 ψευδέων

517 3318 635 3385 ἐνιπὰν
657 3318 864 3398 ἄλιτοξένων.

516 3516 638 3582 ἕκαθεν
660 3518 724 3603 γὰρ
747 3516 899 3582 ἐπελθὼν
923 3516 941 3581 ὁ
964 3515 1094 3601 μέλλων
1117 3519 1237 3603 χρόνος
1323 3514 1408 3582 ’Aru
1433 3516 1479 3582 u‘.

428 3766 509 3800 νοω
527 3766 631 3803 anemo.
662 3748 745 3801 inser.
772 3744 944 3819 Ἀνησιδόμῳ
957 3751 1056 3819 Λοκρῷ
1069 3743 1255 3820 Ἐπιζεφυρλρ)
1269 3746 1373 3814 ABD,
1387 3744 1622 3815 praeteraaudnry
1669 3752 1670 3755 ’

359 3818 440 3872 addit
458 3819 498 3888 A,
521 3821 604 3873 παιδὶ
621 3819 713 3891 πόκτη
733 3818 796 3872 cdd.
816 3820 854 3885 B,
875 3817 926 3888 ’Ay
946 3824 1013 3873 Λοκ.
1030 3817 1091 3873 Ἐκ.
1110 3816 1291 3909 Ἀρχεστράτω
1311 3816 1404 3887 κέλητι
1423 3817 1565 3885 νικήσαντι
1580 3815 1623 3881 τὴν

356 3890 406 3963 πβ’
423 3890 584 3961 ὀλυμπιάδα
600 3892 631 3946 F
641 3910 678 3946 m.
693 3908 747 3945 see.
767 3921 801 3929 -
820 3889 926 3946 Sobel:
946 3887 1055 3959 ἐνίκησε
1074 3888 1105 3943 δὲ
1126 3909 1207 3953 ουτος
1226 3889 1240 3943 ό
1257 3886 1437 3959 Ἁγησίδαμος
1455 3891 1507 3959 τὴν
1522 3889 1622 3962 ἑβδομη-

355 3962 458 4030 κοστὴν
485 3962 620 4033 τετάρτην
653 3961 747 4033 (ἕκτην
775 3964 824 4016 καὶ
851 3960 974 4034 ἑβδόμην
1000 3962 1039 4030 Α)
1069 3959 1250 4031 Ὀλυμπιάδα,
1281 3993 1313 4000 -
1343 3967 1367 4015 2.
1396 3962 1520 4031 ἀρχιστρ.
1547 3962 1571 4016 A
1595 3988 1622 3995 -

358 4040 382 4088 6.
402 4032 571 4100 ἀλιτοξὲνον
589 4036 660 4090 coni.
679 4032 855 4106 Mingarelli:
874 4034 1035 4100 ἀλιτόξενον
1054 4032 1134 4087 codd.
1155 4064 1189 4071 —

428 4196 618 4233 comanam.
650 4197 675 4233 v.
691 4183 768 4232 1-3.
789 4194 818 4231 ss
833 4176 953 4231 oblitum
972 4178 1058 4245 poeta
1076 4174 1158 4245 fingit
1176 4174 1299 4229 muneris
1313 4174 1486 4245 Agesidame
1501 4170 1621 4246 promissi,

359 4250 434 4303 unde
459 4250 532 4303 forte
558 4251 703 4304 adstantes
726 4252 760 4303 ut
781 4266 811 4303 se
833 4246 1089 4303 commonefaciant
1112 4248 1176 4301 orat
1201 4276 1235 4287 -·-
1261 4252 1286 4301 2.
1312 4248 1477 4303 memorium
1497 4243 1622 4315 comparat

357 4319 474 4374 tabulae
497 4320 600 4375 litteris
619 4320 785 4390 inscriptae;
810 4318 918 4374 scholia
936 4319 1085 4373 conferunt
1103 4336 1215 4373 versum
1233 4335 1267 4373 ex
1287 4318 1434 4388 Sophoclis
1453 4318 1621 4389 Triptolemo:

355 4390 409 4454 θὲς
427 4390 455 4446 δ’
478 4391 508 4446 ἐν
526 4392 630 4463 φρενὸς
649 4390 769 4446 δέλτοιοι
786 4392 852 4453 τοὺς
872 4390 954 4460 ἐμοὺς
972 4388 1078 4460 λόγους.
1106 4390 1166 4443 lam
1186 4393 1251 4444 ante
1267 4389 1433 4459 Sophoclem
1448 4390 1534 4444 simili
1547 4390 1621 4442 mcta-

356 4464 446 4533 phora
460 4481 527 4517 usus
542 4467 603 4518 erat
617 4463 772 4533 Aeschylus
786 4463 877 4517 Prom.
894 4478 941 4517 sss.
961 4462 1056 4533 Suppl.
1072 4478 1119 4517 iro.
1139 4461 1261 4531 Choeph.
1276 4476 1324 4516 κιο.
1343 4461 1423 4514 Eum.
1440 4478 1478 4517 sss
1497 4494 1530 4502 -
1547 4460 1620 4529 όρδξτ
1667 4476 1668 4521 ι

357 4534 455 4610 δικαίᾳ
475 4535 574 4603 schol.;
601 4536 651 4590 sed
668 4534 782 4625 proprie
800 4550 911 4604 quoque
930 4532 1059 4605 intellegi
1082 4536 1177 4603 potest
1199 4549 1299 4587 manus
1319 4533 1355 4586 ad
1374 4534 1526 4587 arcendum
1543 4535 1621 4586 erecto

357 4638 393 4646 —-
412 4612 437 4661 δ.
455 4606 586 4675 ψευδέων
605 4606 707 4663 henos
721 4606 898 4674 ἀλιτοξὲνων,
917 4606 1022 4661 crimen
1040 4605 1189 4673 mendacii,
1209 4620 1264 4674 quo
1283 4604 1367 4659 fidem
1386 4604 1494 4676 hospiti
1513 4603 1619 4659 debitam

359 4677 487 4747 laeserit3
506 4677 637 4733 similiter
650 4679 704 4735 hoc
718 4696 820 4734 nomen
833 4678 986 4732 formatum
1005 4680 1049 4731 est
1065 4679 1150 4745 atque
1165 4674 1343 4730 Homericum
1357 4674 1527 4747 ἀλιτόμηνον
1544 4676 1571 4729 ll.
1584 4688 1619 4751 xl}

359 4766 405 4805 ns.
442 4748 646 4821 Agesidamnm
669 4755 764 4804 autem
783 4748 864 4816 ξένον
883 4753 968 4820 pocta
987 4748 1073 4817 dicit,
1093 4748 1161 4818 quia
1180 4747 1327 4818 Olympiae
1346 4750 1381 4817 (τ,
1398 4752 1448 4819 τοο)
1467 4748 1525 4803 eius
1543 4748 1619 4813 hosp1·

358 4822 472 4876 talitate
488 4840 553 4875 usus
569 4827 643 4891 erat3
663 4824 698 4877 cl.
714 4825 745 4876 0.
761 4842 781 4874 11
795 4840 808 4875 ο
822 4854 855 4861 -
872 4829 895 4876 l.
916 4820 1020 4891 μέλλων
1034 4818 1145 4891 χρόνος
1165 4822 1275 4889 tempus
1290 4821 1424 4874 remorari
1439 4822 1546 4889 dicitnr,
1560 4812 1618 4887 qnod
1666 4796 1667 4888 i
