3417 5434
851 1221 1021 1292 [aaaron.
1041 1219 1081 1293 ι’]

690 1385 924 1470 ΘΕΑΙΩι
966 1384 1240 1471 hasarth

859 1580 1069 1634 nshsla'rra.

877 1862 1057 1933 strophae.

503 1970 1214 2042 ω.ωῇυ.μιυ.-ἰω.ωᾙ

468 2061 859 2130 ευμευΜΗι
915 2103 932 2112 -
1005 2061 1215 2131 amoto,

418 3456 543 3517 Carmen
572 3458 628 3517 hoo
656 3456 752 3535 magis
780 3457 811 3515 in
838 3458 980 3517 honorem
1007 3456 1113 3539 populi
1135 3456 1242 3535 Argivi
1265 3476 1356 3533 quam
1386 3457 1460 3517 aivis
1483 3459 1603 3536 Thesei,

329 3546 415 3605 Uliae
439 3546 502 3625 filii,
526 3546 725 3622 compositum
748 3550 802 3605 est.
847 3547 877 3605 Is
900 3547 980 3605 enim
1002 3550 1073 3605 ante
1095 3564 1216 3606 versum
1239 3558 1272 3605 24
1296 3546 1417 3607 omnino
1440 3567 1499 3608 non
1523 3568 1602 3607 oom-

328 3640 520 3713 memoratur,
543 3655 638 3712 neque
661 3637 831 3712 praeclarae
855 3636 920 3695 eius
938 3636 1081 3696 victoriae
1103 3635 1230 3711 Pythiae
1248 3636 1414 3695 Nemeaeae
1433 3636 1602 3717 Isthmioae,

328 3743 404 3802 quas
432 3726 545 3784 multas
571 3728 738 3801 reportasse
766 3724 877 3785 dieitur
900 3718 942 3805 (v.
960 3719 1022 3804 25),
1045 3728 1138 3801 eaput
1161 3724 1280 3801 epinioii
1303 3723 1453 3803 efficiunt,
1477 3727 1528 3785 sed
1550 3727 1601 3785 do-

327 3814 451 3874 mestica
473 3816 575 3890 palma
597 3814 790 3892 Heraeorum,
815 3834 892 3891 quae
916 3819 947 3873 et
968 3816 1061 3890 paulo
1084 3816 1153 3873 ante
1177 3814 1294 3873 Theaeo
1318 3813 1461 3892 obtigisse
1483 3815 1602 3874 videtur

327 3906 358 3962 et
377 3904 482 3964 oeteris
500 3904 556 3965 hoa
580 3903 698 3964 nomine
719 3904 900 3981 praestabat,
927 3904 1007 3980 quod
1032 3904 1151 3963 Heraea
1168 3902 1200 3962 in
1218 3903 1360 3963 honorem
1379 3904 1511 3981 Argivae
1530 3905 1600 3963 deae

328 3993 502 4071 agebantur,
526 3993 612 4053 ouius
636 3993 666 4051 in
690 3993 781 4053 saeris
803 3993 902 4053 neseio
926 4013 965 4051 an
987 3993 1043 4053 hoo
1065 4012 1183 4052 oarmen
1207 3994 1362 4051 cantatum
1381 3992 1429 4051 sit
1467 3994 1600 4053 Theseus

328 4082 391 4158 ipse
411 4082 549 4142 similiter
567 4087 658 4158 atque
677 4082 825 4161 Diagoras
843 4082 987 4160 Rhodius,
1006 4082 1170 4157 Xenophon
1185 4081 1365 4157 Corinthius,
1383 4082 1600 4157 Epharmostus

327 4170 448 4249 Locrus,
472 4172 576 4231 multis
598 4172 732 4232 victoriis
755 4172 854 4231 luctae
873 4171 999 4232 florebat
1017 4175 1047 4231 et
1065 4170 1204 4249 gymnica
1223 4171 1322 4229 studia
1341 4190 1359 4229 a
1377 4171 1485 4229 matris
1503 4172 1599 4231 fratri-

327 4260 383 4319 bus
421 4260 507 4337 quasi
543 4260 707 4320 hereditate
745 4264 900 4337 aooeperat
932 4252 1004 4342 (37).
1060 4260 1142 4331 Quae
1176 4260 1295 4336 quidem
1329 4260 1431 4318 studia
1462 4265 1552 4337 poeta
1582 4280 1599 4318 a

329 4350 520 4428 Tyndaridis,
551 4350 604 4426 qui
634 4350 808 4427 PamphaiS,
838 4350 929 4408 unius
959 4369 994 4409 ex
1023 4349 1186 4409 maioribus
1214 4348 1291 4427 eius,
1318 4349 1451 4426 hospites
1473 4350 1598 4425 fuerant,

327 4438 483 4498 derivabat
510 4432 552 4521 (v.
576 4431 638 4519 49),
666 4439 727 4499 sive
756 4439 868 4499 famam
895 4442 1026 4499 veterem
1053 4442 1187 4515 secutus,
1214 4438 1277 4498 sive
1305 4438 1385 4514 qnod
1413 4457 1499 4497 saera
1523 4440 1597 4514 Tyn·

327 4528 499 4587 daridarum
526 4528 558 4587 in
588 4532 677 4607 gente
701 4529 764 4588 eius
787 4533 924 4588 materna
953 4528 1134 4587 hereditaria
1156 4531 1241 4587 erant
1264 4519 1316 4608 (of.
1335 4527 1426 4587 sohol.
1445 4526 1478 4587 P.
1497 4547 1508 4585 1
1528 4521 1597 4608 127),

328 4616 565 4677 familiaritatem
596 4617 747 4694 quandam
776 4618 854 4679 inter
884 4617 1017 4695 Tyndari
1045 4617 1123 4676 filios
1152 4619 1183 4676 et
1211 4619 1364 4676 auctorem
1387 4617 1487 4694 gentis
1509 4618 1596 4676 inter-

327 4706 448 4765 cessisse
467 4706 618 4784 oolligens.
656 4708 700 4765 De
719 4710 861 4785 ternpore,
885 4727 945 4784 quo
969 4708 1024 4766 hoo
1048 4725 1166 4765 oarmen
1185 4706 1331 4781 scriptum
1352 4704 1402 4782 sit,
1425 4706 1502 4764 nihil
1523 4726 1595 4765 oom-

327 4792 446 4871 pertum
464 4794 617 4854 habemus.
654 4796 751 4855 Aoute
770 4800 872 4856 autern
890 4796 1045 4855 Dissanius
1064 4816 1100 4854 ex
1118 4814 1161 4872 eo,
1181 4796 1262 4871 quod
1282 4795 1402 4854 fabulas
1425 4796 1595 4872 Mycenaeas
