3417 5434
658 340 790 390 errem
808 340 843 391 11.
1302 338 1365 401 125

97 508 193 564 ditum
221 505 343 564 Pindari
366 506 404 563 ab
427 506 533 565 itinere
558 506 760 584 Syracusano,
784 503 831 565 01.
852 508 892 565 78
917 506 972 565 hoc
995 524 1113 565 carmen
1137 506 1282 582 scriptum
1305 526 1367 565 esse

97 596 347 655 existimaverunt.
384 596 486 670 Atque
507 594 737 672 primumquod
760 595 851 654 Hiero
876 594 1081 671 Syracusanus
1105 595 1136 653 in
1159 596 1214 655 hoc
1238 596 1367 655 carmine

96 677 275 765 (r.1),non
297 684 451 743 Aetnaeus
474 683 597 761 dicitur,
620 683 730 743 indicio
754 702 817 743 esse
840 684 960 743 videtur
982 685 1037 744 hoc
1061 704 1179 743 carmen
1204 687 1272 743 ante
1296 685 1328 747 P.
1348 704 1368 763 1,

95 794 152 851 quo
178 794 228 833 rex
253 774 374 833 nomine
397 774 523 833 Aetnaei
550 774 663 831 lamam
691 772 774 832 urbis
801 792 898 849 nuper
925 773 1062 833 conditae
1091 773 1265 851 illustravit,
1289 793 1366 833 com-

97 864 223 939 positum
257 882 328 923 esse.
385 862 443 921 Sed
474 863 544 921 huic
576 865 754 940 argumento
786 882 823 921 ne
856 883 911 941 ego
944 862 1064 938 quidem
1096 864 1225 922 multum
1257 863 1367 941 tribuo,

95 952 333 1028 qnandoquidem
365 952 457 1011 Hiero
485 949 664 1029 Olympiade
688 954 728 1011 77
753 951 851 1011 denuo
882 952 1104 1028 Syracusanum
1137 972 1167 1012 se
1200 952 1367 1011 renuntiari

95 1042 187 1099 iussit
221 1042 327 1118 Neque
347 1040 537 1100 dissidiorum
560 1041 639 1100 inter
661 1060 762 1119 regem
781 1044 812 1100 et
829 1044 951 1117 poetam
969 1040 1149 1119 significatio
1168 1034 1228 1121 (vr.
1247 1035 1366 1124 *lo-92)

95 1131 130 1188 ad
158 1130 362 1207 quaestionem
390 1130 629 1208 chronologicam
657 1130 853 1189 dirimendam
876 1132 1007 1193 multum
1029 1132 1119 1191 valet.
1166 1131 1211 1189 Ea
1235 1131 1313 1190 enim
1337 1133 1367 1190 et

96 1224 162 1278 ante
183 1220 240 1279 iter
263 1219 498 1295 Syracusanum,
522 1220 676 1277 simultate
704 1219 783 1278 inter
809 1219 971 1279 Hieronem
999 1223 1029 1278 et
1055 1220 1229 1296 Polyzelum
1257 1220 1366 1279 Thero-

96 1328 215 1385 nemque
244 1309 392 1387 flagrante
416 1300 467 1389 (cf.
487 1307 521 1368 0.
536 1327 559 1365 11
578 1300 670 1388 erp),
700 1312 731 1367 et
759 1311 829 1385 post
859 1309 922 1368 eius
952 1309 1095 1386 reditum,
1128 1308 1305 1385 Bacchylide
1336 1310 1367 1367 in

98 1399 234 1457 maiorem
260 1397 390 1476 gradum
417 1398 533 1475 gratiae
561 1398 642 1473 apud
669 1397 830 1457 Hieronem
858 1400 973 1475 evecto,
1008 1398 1096 1457 facile
1125 1399 1197 1457 oriri
1227 1402 1368 1475 poterant

98 1480 347 1566 [esebearn
368 1479 442 1568 131).
489 1486 548 1545 Sed
573 1486 769 1563 praecipuum
797 1490 1009 1565 argumentum
1037 1488 1193 1567 Boeclrhii,
1224 1508 1258 1546 er
1289 1508 1366 1547 com-

98 1576 303 1636 memoratione
326 1576 460 1635 civitatis
482 1576 645 1635 Locrorum
668 1595 687 1634 a
710 1576 849 1651 superbia
873 1576 1062 1637 inimicorum
1084 1576 1228 1635 liberatae
1253 1571 1294 1658 (v.
1318 1569 1366 1659 18)

98 1665 226 1744 ductum,
250 1685 268 1724 a
291 1666 408 1725 nemine
430 1666 600 1724 infractum
622 1682 685 1723 esse
708 1665 863 1725 contendo.
909 1666 988 1725 Nam
1011 1686 1079 1726 cum
1101 1667 1296 1744 Anaxilaum,
1321 1669 1367 1742 ty-

99 1774 218 1813 rannum
250 1754 371 1833 Rhegii,
396 1752 442 1813 01.
464 1757 554 1833 76,1
581 1774 618 1813 ne
642 1772 726 1813 arma
752 1755 855 1814 Locris
884 1754 1007 1815 inferret
1034 1755 1122 1815 minis
1150 1754 1289 1815 Hieronis
1318 1755 1366 1815 de·

99 1844 229 1903 territum
246 1862 309 1903 esse
324 1843 511 1920 eundemque
530 1844 621 1919 paulo
640 1847 710 1919 post
723 1843 788 1903 vita
806 1843 965 1904 decessisse
985 1847 1101 1904 constet
1115 1838 1156 1927 (r.
1171 1845 1258 1904 Diod.
1272 1864 1304 1903 x1
1322 1855 1366 1923 48,

99 1934 313 1994 schol.P.199.
332 1952 356 1991 11
375 1925 433 2014 34),
456 1934 512 1992 hoc
536 1951 654 1992 carmen
673 1953 733 1992 non
750 1937 820 2009 post
838 1953 951 1992 annum
970 1928 1069 2013 alass
1090 1952 1115 1994 a.
1136 1934 1202 1993 Chr.
1222 1934 1367 2010 scriptum

99 2041 155 2081 esse
175 2043 230 2098 pro
253 2025 334 2082 certo
357 2042 445 2099 pono.
481 2022 566 2092 Quod
590 2021 615 2079 si
638 2025 752 2081 certum
776 2026 830 2100 est,
853 2023 983 2081 alterum
1006 2023 1069 2083 veri
1092 2023 1188 2082 simile
1212 2042 1275 2083 esso
1298 2044 1366 2083 con·

99 2112 235 2189 seqnitur,
257 2111 432 2189 calumnias,
457 2111 566 2187 quihus
589 2111 737 2170 Pindarus
761 2112 798 2170 ab
818 2112 924 2172 aulicis
948 2110 1086 2173 Hieronis
1106 2132 1136 2171 se
1155 2112 1284 2190 petitum
1304 2132 1366 2172 esse

100 2200 252 2279 significat,
280 2201 437 2261 cohaerere
465 2220 534 2261 cum
561 2200 727 2260 inimicitiis
753 2201 832 2260 inter
859 2202 1019 2262 Hieronem
1049 2206 1079 2262 et
1107 2202 1273 2263 Theronem
1301 2206 1367 2261 tum

101 2290 218 2350 maxime
240 2290 448 2368 flagrantibus.
493 2290 573 2349 Nam
600 2310 668 2349 cum
691 2290 840 2349 Pindarus
863 2292 972 2351 intima
993 2291 1199 2351 familiaritate
1224 2292 1367 2351 Theronis

100 2381 213 2456 eiusque
240 2380 339 2458 gentis
366 2382 505 2439 uteretur
531 2382 562 2439 et
588 2380 620 2438 in
647 2379 778 2439 carmine
802 2378 835 2440 Ο.
855 2398 878 2437 11
902 2384 1004 2457 aperte
1033 2400 1063 2441 se
1092 2381 1157 2440 eius
1184 2381 1314 2439 amicum
1337 2384 1367 2439 et

100 2469 240 2529 fautorem
268 2469 421 2545 professus
450 2471 541 2546 esset,
572 2468 603 2526 in
633 2468 705 2527 aula
733 2468 874 2529 Hieronis
897 2470 1046 2529 exstitisse
1068 2469 1222 2547 probabile
1246 2469 1367 2545 estqui

101 2558 171 2636 regis
193 2558 326 2617 animum
349 2558 388 2616 ad
411 2558 594 2634 suspiciones
618 2577 746 2634 pronum
769 2558 862 2617 etiem
885 2559 981 2637 magis
1001 2560 1194 2638 exagitarent.
1231 2559 1289 2617 Sed
1307 2579 1366 2618 non

100 2647 196 2706 vicisse
226 2648 300 2707 istos
334 2647 561 2725 obtrectatores,
592 2646 643 2705 sed
672 2666 772 2725 regem
802 2647 920 2707 reiectis
950 2649 1078 2708 istorum
1107 2648 1266 2708 calumniis
1297 2647 1367 2705 Pin-

102 2736 207 2796 daricae
238 2737 343 2796 Musae
375 2737 509 2796 favorem
539 2735 710 2813 ambivisse,
740 2736 795 2796 hoc
824 2736 924 2813 ipsum
955 2757 1073 2797 carmen
1104 2738 1281 2798 documento
1313 2740 1365 2796 est.

105 2825 163 2894 Qua
186 2826 220 2885 de
243 2845 335 2886 cansa
357 2846 413 2903 ego
437 2827 492 2885 hoc
515 2844 634 2884 carmen
657 2828 726 2902 post
749 2825 783 2886 Ο.
802 2845 826 2884 11
847 2846 916 2887 vere
940 2827 1011 2885 anni
1034 2831 1108 2905 475,
1139 2846 1198 2903 quo
1221 2826 1368 2885 Heraclea

103 2914 231 2974 Thebana
255 2915 423 2994 agebantur
445 2906 488 2995 (v.
507 2914 586 2974 Prol.
605 2907 682 2995 xor),
706 2914 852 2991 seriptum
876 2919 906 2976 et
925 2916 1032 2976 Thebis
1057 2916 1219 2993 Syracusas
1242 2916 1367 2975 missum

103 3022 156 3064 esse
176 3009 271 3065 teneo.

178 3094 213 3152 In
230 3094 383 3171 prooemio
402 3097 492 3169 poeta
510 3093 651 3151 nuntium
666 3113 697 3153 se
715 3094 791 3153 ferre
811 3094 885 3153 dicit
903 3095 1045 3155 victoriae
1065 3095 1219 3175 quadrigis
1239 3096 1276 3155 ab
1296 3096 1366 3155 Hie-

104 3202 163 3242 rone
179 3186 284 3260 partae
303 3174 430 3264 (1—12),
454 3200 543 3258 quem
566 3187 602 3241 ut
625 3182 766 3259 Cinyram
789 3184 861 3242 olim
882 3202 900 3242 a
920 3184 1045 3261 cypriis,
1069 3185 1111 3244 sie
1130 3204 1209 3245 nunc
1228 3205 1246 3244 a
1264 3184 1366 3245 Locris

104 3271 255 3350 virginibus
268 3275 391 3351 gratnm
406 3272 540 3331 animum
554 3271 786 3331 testificantibus
800 3272 849 3349 pie
864 3274 1031 3349 praedicari
1045 3266 1189 3355 (la-20).
1210 3274 1276 3345 Qua
1289 3274 1321 3333 in
1335 3294 1366 3333 re

105 3380 161 3421 cnm
176 3363 286 3422 Locros
304 3360 471 3437 consilium,
491 3360 572 3437 quod
590 3360 676 3420 Ixion
694 3364 777 3421 rotae
802 3361 938 3440 illigatus
962 3364 1139 3423 mortalibus
1158 3363 1272 3423 dedisse
1291 3364 1366 3422 fere-

106 3450 188 3530 batur,
210 3452 297 3528 sequi
321 3450 445 3510 dixisset
468 3442 612 3531 (al-24),
635 3451 695 3509 iam
720 3451 830 3509 transit
852 3451 891 3509 ad
913 3452 1049 3512 fabulam
1068 3453 1104 3512 de
1122 3452 1224 3514 Ixione
1243 3472 1366 3512 narran-

107 3540 169 3618 dam,
189 3542 240 3618 qui
260 3539 342 3618 quod
359 3539 512 3617 parricidii
532 3540 628 3598 scelus
647 3540 844 3599 commisisset
862 3543 893 3599 et
910 3560 1034 3601 uxorem
1055 3543 1135 3601 Iovis
1156 3543 1269 3601 nefarie
1290 3544 1366 3619 peti-

108 3630 173 3708 isset,
186 3651 220 3690 ex
233 3630 314 3689 nube
329 3629 453 3689 Iunonis
472 3630 600 3688 formam
618 3628 739 3687 imitata
757 3629 917 3689 immanem
937 3631 1051 3707 prolem
1067 3632 1209 3691 Centauri
1228 3633 1367 3710 genuerit

107 3724 211 3796 etpost
231 3722 360 3779 mortem
383 3717 568 3797 gravissimis
596 3718 698 3794 poenis
726 3718 759 3777 in
782 3717 859 3779 Orco
884 3719 1039 3797 affligatur
1062 3712 1205 3802 (at-48).
1252 3721 1365 3779 Deinde

107 3807 171 3867 loris
196 3809 367 3886 maiestate,
397 3827 474 3884 quae
501 3807 533 3865 in
560 3808 616 3867 hac
644 3827 764 3884 quoque
791 3808 897 3867 fabula
924 3810 1084 3885 conspicua
1112 3812 1184 3887 fuit,
1213 3809 1365 3885 splendide

107 3897 242 3958 illustrata
265 3900 356 3974 poeta
379 3916 409 3957 se
434 3916 453 3956 a
474 3896 591 3973 probris
619 3897 776 3956 abhorrere
804 3901 956 3958 asseverat
984 3903 1014 3958 et
1041 3900 1079 3958 ad
1107 3899 1232 3959 encomii
1260 3899 1364 3958 carmi-

108 3988 143 4045 nis
161 4006 267 4047 munus
296 3986 430 4047 oratione
457 3986 567 4045 reflexa
588 3985 728 4046 Hieronis
752 4006 822 4063 opes
846 4007 915 4046 cum
937 3988 1050 4047 virtute
1074 3989 1249 4048 coniunctas
1272 3988 1365 4066 insig-

108 4076 171 4135 niter
196 4078 303 4136 laudat
330 4095 460 4152 eumque
490 4078 569 4152 orat,
599 4078 635 4133 ut
664 4076 766 4135 Musae
797 4076 910 4136 donum
939 4078 1035 4135 instar
1057 4078 1236 4137 Phoenissae
1260 4078 1365 4137 mercis

108 4166 213 4226 missum
230 4166 358 4245 benigne
378 4164 507 4242 accipiat
525 4167 556 4223 et
574 4163 682 4223 fidibus
701 4166 855 4225 succinens
875 4167 1025 4244 agendum
1043 4171 1128 4226 curet
1146 4158 1290 4249 (as-71).
1317 4167 1366 4226 Sic

109 4256 216 4329 epinicio
234 4257 366 4332 perfecto
385 4255 417 4313 in
436 4257 568 4314 extrema
581 4258 667 4330 parte
682 4246 818 4336 (tr-96)
834 4256 981 4334 carminis,
1001 4276 1093 4332 quam
1108 4256 1139 4315 in
1154 4256 1252 4315 media
1271 4256 1365 4333 epodo

110 4342 218 4420 incipere
240 4345 366 4421 mireris,
390 4363 476 4403 suam
499 4361 621 4402 causam
644 4347 734 4420 poeta
757 4344 832 4423 egit,
857 4345 1106 4422 familiariterque
1140 4366 1208 4405 cum
1236 4346 1365 4405 Hierone
1453 4384 1455 4391 ·

110 4433 263 4510 colloquens
289 4435 391 4493 monet
418 4453 499 4510 eum,
526 4435 563 4491 ut
590 4436 684 4492 semet
713 4433 776 4509 ipse
800 4437 961 4512 cognoscat
984 4455 1057 4495 neve
1081 4435 1289 4494 adulatoribus
1313 4454 1365 4493 au-

110 4539 159 4580 rem
177 4523 329 4602 praebeat,
359 4522 459 4600 ipsum
482 4523 520 4581 ab
543 4524 765 4582 assentatorum
789 4523 945 4582 fraudibus
968 4524 1057 4603 longe
1081 4525 1248 4603 abhorrere,
1271 4525 1365 4583 homi-

111 4629 164 4670 nem
182 4632 315 4672 veracem
337 4613 369 4671 in
393 4612 473 4672 omni
496 4612 593 4672 forma
610 4612 654 4671 rei
672 4612 810 4687 publicae
830 4613 981 4672 adulatori
1000 4617 1152 4690 praestare
1171 4617 1287 4692 ratum,
1311 4633 1366 4673 sua

112 4704 174 4761 sorte
195 4706 367 4764 contentum
386 4721 417 4761 se
435 4722 495 4762 non
516 4703 626 4763 altiora
648 4706 750 4779 petere
773 4722 870 4778 neque
894 4706 997 4762 contra
1021 4704 1177 4763 stimulum
1200 4704 1366 4783 calcitrare,

111 4788 236 4854 bonorum
257 4792 337 4854 enim
359 4791 573 4852 consuetudine
596 4795 633 4850 ut
655 4794 783 4872 fruatur,
807 4792 864 4852 sibi
887 4793 974 4853 unice
998 4793 1080 4855 cordi
1103 4812 1173 4857 esse.
