3417 5434
315 251 428 306 XLVIII
814 254 1093 308 PROLEGOMENA.

315 416 449 500 oedicis,
473 416 632 502 siquidem
656 416 685 481 ei
708 437 853 501 quoque,
875 417 952 482 licet
974 439 1039 482 non
1064 402 1368 503 ab'inventoribus,
1391 421 1427 482 at
1447 421 1561 483 tamen
1581 443 1601 482 a

314 521 454 588 Pindaro
482 523 653 609 postisque
679 523 814 589 scenicis
838 523 873 588 in
897 523 1044 609 dipodiae
1068 523 1302 589 dividebantur.
1349 524 1464 609 Itaque
1487 525 1524 589 in
1545 525 1601 589 his

316 651 444 714 quoque
468 631 604 696 duorum
628 630 747 715 pedum
769 630 854 696 ictus
878 630 942 696 boc
964 630 1061 695 modo
1084 630 1331 717 distinguendos
1355 631 1556 697 curavimus:

752 784 895 824 ,ἰυυιυ
922 757 974 821 vel
1003 797 1160 826 suu-u.

314 879 451 963 Epitriti
475 901 551 946 vero
580 885 612 945 et
634 880 815 946 choriambi
833 881 947 967 procul
975 882 1075 947 dubio
1098 904 1163 947 uno
1187 883 1256 948 ictu
1278 883 1434 968 primario
1456 881 1507 946 ita
1528 905 1602 966 per-

317 987 460 1052 cutiendi
483 991 573 1072 sunt,
595 992 633 1052 ut
655 989 739 1053 alter
760 1011 818 1073 pes
841 989 938 1074 arsis,
960 989 1063 1054 thesis
1087 989 1169 1054 alter
1192 995 1302 1075 partes
1325 994 1457 1055 tueatur

555 1114 903 1183 nastolae--
992 1114 1356 1183 aooissvelrooi..

322 1237 521 1323 Rhythmica
548 1239 651 1326 igitur
677 1239 804 1304 notatio
833 1261 945 1304 eorum
973 1261 1140 1324 versuum,
1171 1240 1227 1326 qui
1259 1263 1299 1305 ex
1331 1240 1411 1306 colis
1439 1239 1602 1324 dipodicis

318 1346 396 1410 solis
420 1351 586 1430 constant,
608 1345 675 1411 fere
698 1345 821 1410 nullam
843 1347 979 1430 praebet
998 1346 1239 1432 difficultatem,
1261 1347 1325 1411 nisi
1345 1347 1431 1430 quod
1449 1352 1523 1410 uter
1542 1369 1603 1430 pes
1703 1384 1704 1445 }

317 1452 478 1538 dipodiae,
505 1451 636 1538 priorne
664 1475 706 1516 an
732 1453 896 1537 posterior
923 1453 1072 1538 graviore
1100 1453 1168 1518 ictu
1189 1454 1392 1538 percutiatur
1414 1474 1482 1518 non
1505 1453 1605 1539 plane

318 1563 448 1624 constat

601 1677 913 1736 ssoaalloaof.
1002 1665 1351 1734 Larus-angurari,

316 1797 350 1857 et
378 1793 464 1876 quod
492 1815 511 1856 a
538 1792 702 1856 veteribus
732 1791 954 1876 grammaticis
980 1791 1066 1855 inter
1096 1791 1242 1875 dipodius
1270 1792 1371 1856 etiam
1398 1791 1605 1876 antispastus

317 1897 349 1986 (o
367 1959 384 1967 ,
404 1961 418 1967 ,
437 1897 470 1984 υ)
494 1898 615 1964 relatus
639 1903 698 1963 est.
743 1899 848 1982 Atque
872 1899 1014 1983 priorem
1038 1898 1275 1982 quaestionem,
1298 1901 1336 1962 ut
1358 1919 1441 1981 quae
1460 1898 1604 1962 maxime

317 2007 358 2070 ad
377 2006 618 2091 percussionem
637 2005 768 2070 iambici
788 2006 906 2070 senarii
926 2005 1101 2088 pertineat,
1118 2004 1181 2070 hoc
1199 2005 1272 2070 loco
1286 2004 1420 2069 missam
1434 2005 1603 2069 faciamus.

321 2113 548 2198 Antispastum
567 2135 644 2177 num
664 2117 750 2178 recte
770 2112 856 2178 inter
874 2112 1021 2198 dipodias
1040 2110 1241 2194 rettulerint,
1260 2111 1320 2176 viri
1337 2111 1426 2176 docti
1440 2111 1604 2176 dubitant.

317 2219 431 2304 Neque
464 2241 525 2305 ego
558 2220 782 2304 quaestionem
816 2219 1057 2303 difficillimam,
1093 2219 1144 2283 cni
1183 2218 1324 2284 musicae
1356 2224 1455 2283 notae
1486 2219 1604 2303 parodi

316 2327 510 2412 Euripideae
539 2326 667 2391 fabulae
692 2326 818 2392 Orestis
841 2349 881 2392 ex
909 2348 1032 2411 papyro
1055 2326 1189 2390 Raineri
1216 2347 1320 2410 nuper
1342 2325 1377 2390 in
1396 2325 1503 2390 lucem
1526 2348 1602 2410 pro

316 2432 474 2521 tractae¹)
506 2433 656 2498 nonnihil
688 2433 770 2499 lucis
799 2435 913 2498 afferre
940 2433 1105 2518 videntur,
1135 2433 1171 2497 in
1199 2431 1361 2518 angustiis
1388 2431 1487 2497 huius
1516 2454 1606 2497 com·

316 2541 468 2606 mentarii
492 2540 667 2606 diiudicare
691 2541 803 2606 ausim.
841 2539 879 2605 Id
902 2540 1010 2605 solnm
1032 2562 1162 2623 moneo,
1186 2538 1418 2623 antipasticam
1435 2539 1606 2623 dipodiam

319 2650 347 2714 si
371 2648 444 2732 quis
468 2649 620 2734 amplecti
644 2649 750 2732 malit,
774 2648 803 2712 ei
825 2649 862 2712 in
885 2647 1047 2730 versibus,
1070 2647 1176 2732 qualis
1200 2651 1250 2710 est
1273 2644 1377 2710 0.11

503 2773 661 2858 Ἄριστον
682 2771 744 2859 μὲν
766 2774 859 2858 ὕδωρ
882 2773 901 2838 ὁ
924 2769 961 2836 δὲ
984 2773 1107 2858 χρυσὸς
1129 2751 1314 2855 αἰθόμενον
1335 2779 1404 2855 πῦρ

253 2939 262 2958 .
315 2899 455 2984 primam
479 2899 637 2983 syllabam
660 2899 791 2964 brevem
814 2897 882 2962 ictu
905 2897 1083 2962 notandam
1106 2919 1175 2960 esse

680 3039 995 3106 maeror-15
1020 3041 1234 3106 o-aoss-‚

316 3170 383 3212 non
405 3147 544 3232 primam
567 3144 700 3231 longam
722 3146 756 3210 in
781 3147 942 3212 ambitum
965 3147 1065 3211 trium
1084 3151 1268 3229 temporum
1288 3147 1334 3210 ita
1351 3146 1607 3232 producendam,

320 3260 358 3319 ut
380 3254 504 3340 primae
528 3254 593 3318 arsi
617 3256 782 3320 anacrusis
806 3255 1036 3340 praemittatur

684 3377 1239 3444 ass-„uunul-lssvxulss-

407 3488 460 3553 De
492 3487 695 3552 notatione
725 3487 1044 3572 tetrapodiarum.
1090 3487 1130 3552 In
1158 3487 1333 3553 schematis
1360 3486 1505 3552 metricis
1533 3507 1603 3550 non

319 3595 424 3660 solum
450 3595 654 3679 dipodiarum
681 3594 823 3680 priorem
850 3594 954 3660 iatum
981 3595 1021 3658 ab
1050 3594 1153 3660 altero
1181 3594 1373 3658 distinctum
1400 3595 1516 3678 habes,
1543 3594 1602 3658 sed

319 3703 419 3768 etiarn
445 3703 721 3787 tetrapodicorum
749 3706 781 3766 et
804 3701 1079 3787 hexapodicorum
1103 3701 1248 3767 colorum
1271 3701 1411 3786 primam
1434 3701 1602 3785 dipodiam

320 3833 340 3875 a
361 3811 495 3895 reliquis
518 3810 566 3874 ita
590 3810 777 3894 discretam,
799 3814 836 3873 ut
858 3809 983 3893 primae
1007 3810 1156 3894 dipodiae
1179 3810 1262 3874 arsis
1284 3808 1441 3894 primaria
1463 3808 1603 3889 duobus,

319 3917 509 4002 posterioris
537 3916 589 3982 vel
615 3917 834 4006 posteriorum
862 3938 927 3980 uno
954 3922 1077 4001 puncto
1104 3921 1219 3981 notata
1246 3915 1297 3980 sit.
1350 3916 1422 3980 Hoc
1449 3915 1601 4000 inprimis

320 4026 361 4089 ob
385 4025 537 4089 metricas
559 4026 716 4110 rationes,
738 4029 776 4088 ut
799 4023 1003 4108 dipodiarum
1027 4029 1059 4088 et
1079 4023 1224 4088 colorum
1242 4024 1323 4087 fines
1342 4022 1603 4088 discriminaren·

318 4137 382 4218 tur,
404 4155 423 4197 a
445 4132 540 4196 nobis
564 4132 753 4198 institutum
776 4154 845 4196 esse
865 4154 963 4216 supra
985 4155 1015 4215 p.
1030 4129 1173 4195 XXVIII
1196 4131 1413 4214 exposuimus.
1455 4129 1604 4194 Eandem

320 4239 428 4304 auteni
460 4239 663 4304 notationem
696 4238 795 4302 etiam
823 4239 864 4302 ad
892 4242 1065 4323 praecepta
1092 4237 1351 4323 rhythmicorum
1378 4243 1524 4302 veterum
1554 4236 1605 4300 ita

319 4345 439 4411 referre
462 4345 599 4432 poteris,
622 4350 659 4409 ut
682 4345 920 4429 tetrapodicum
943 4344 1051 4410 colum
1073 4346 1160 4410 adda
1179 4346 1346 4410 σύνθετον
1365 4343 1605 4428 δωδεκάσημον

320 4477 391 4518 esse
419 4453 505 4518 dicas
534 4457 566 4517 et
593 4453 695 4518 ictum
722 4452 819 4537 primi
841 4451 933 4535 pedis
956 4451 1079 4534 primae
1104 4451 1252 4537 dipodiae
1276 4451 1393 4516 ceteris
1418 4451 1605 4537 graviorem

324 4581 536 4589 ——.—.—-.

413 4651 439 4718 1)
462 4645 630 4716 Wessely,
658 4645 770 4700 Mitteil.
801 4661 852 4699 aus
880 4644 930 4697 der
958 4643 1123 4716 Sammlung
1155 4645 1204 4699 des
1233 4643 1301 4716 Pap.
1327 4643 1455 4699 Emhers.
1483 4642 1606 4699 Rainers

321 4725 471 4790 vta—72,
491 4717 629 4804 Orosius
648 4717 749 4775 Philol.
766 4723 812 4786 52,
829 4715 917 4772 1‘14ff.
