3417 5434
464 322 499 374 11.
527 322 578 372 DE
596 322 690 372 ARTE
708 321 870 372 Marruca
887 322 1044 376 PINDARI.
1331 319 1396 374 XXI

101 481 223 546 deinde
239 483 268 548 si
284 483 406 548 alacres
422 483 544 569 dactyli
558 482 742 548 trochaeive
756 483 790 547 in
806 483 955 548 sedatum
969 484 1148 569 spondeum
1160 489 1348 570 excurrimt,
1360 488 1398 549 ut

401 650 707 676 o-co-o-c-
762 668 778 676 ,
821 604 985 696 (lvul)

448 757 777 784 -o-cc.o‚o-
814 775 830 783 -
890 713 1090 801 (0.11112),

102 840 249 926 denique
283 841 311 906 si
344 863 457 907 cursus
488 862 698 906 numerorum
731 839 791 904 sub
821 841 921 904 finem
947 839 1139 924 inflectitur,
1171 844 1209 905 ut
1236 841 1329 925 quasi
1357 842 1396 905 de

102 947 245 1034 fastigio
268 947 304 1012 in
327 947 445 1014 vallem
468 948 660 1012 descendere
683 947 846 1032 videatur,
869 952 907 1010 ut

424 1100 742 1142 :c--ro--.=
776 1115 828 1140 o-
866 1069 1160 1158 ὲν1(Ρ.117)

421 1210 663 1248 ‘’-uu.·.u-
718 1208 825 1248 ‚acco
885 1177 1058 1266 (N.1vl).

198 1323 243 1409 Ii,
270 1345 352 1408 quos
380 1324 477 1388 modo
505 1323 749 1408 descripsimus,
776 1345 889 1388 versus
916 1323 1057 1408 speciem
1081 1322 1300 1408 perfectorum
1328 1346 1395 1390 ver-

103 1453 206 1496 suum
221 1430 287 1515 ipsi
305 1452 383 1516 prae
403 1453 437 1495 se
456 1429 578 1515 ferunt;
597 1430 653 1495 sed
672 1434 749 1494 sunt
768 1429 823 1494 alii
843 1451 969 1512 versus,
990 1451 1071 1514 quos
1090 1435 1128 1494 ut
1142 1431 1304 1515 perfectos
1323 1453 1394 1498 esse

103 1539 355 1624 intellegamus,
382 1537 481 1619 ratio,
505 1559 587 1622 quae
610 1537 651 1601 iis
674 1559 748 1602 cum
771 1535 921 1622 proximo
945 1558 1073 1620 quoque
1093 1559 1186 1602 versu
1205 1537 1395 1624 intercedat,

101 1646 204 1710 nobis
242 1645 419 1730 spectanda
455 1648 519 1728 est,
555 1666 653 1729 quam
690 1643 850 1708 rationem
884 1647 921 1707 ut
959 1665 1209 1729 cognoscamus,
1250 1644 1392 1729 primum

104 1774 265 1837 quaerere
284 1774 344 1816 nos
365 1755 508 1837 oportet,
527 1773 591 1836 quo
611 1750 742 1816 tandem
762 1751 855 1815 modo
876 1771 989 1815 versus
1008 1772 1078 1815 sese
1097 1751 1242 1836 excipere
1257 1752 1392 1820 soleant

103 1861 220 1944 Atque
252 1859 379 1944 legibus
411 1858 517 1922 iustae
551 1856 796 1943 compositionis
830 1857 953 1942 optime
985 1879 1024 1921 ea
1056 1855 1200 1922 carmina
1232 1859 1393 1925 contineri

104 1968 275 2052 videntur,
296 1967 331 2031 in
356 1967 472 2051 quibus
495 1965 586 2052 prior
610 1964 745 2050 quisque
765 1986 878 2030 versus
897 1965 938 2028 ab
957 1964 1148 2048 insequente
1167 1965 1216 2030 ita
1233 1966 1392 2032 discretus

105 2080 174 2159 est,
193 2078 232 2138 ut
249 2096 369 2160 pausae
387 2074 479 2138 locus
493 2073 618 2138 medius
633 2071 765 2136 relictus
780 2072 832 2136 sit.
865 2071 937 2137 Hoc
952 2076 1061 2136 autem
1076 2073 1197 2158 duplici
1211 2072 1308 2137 modo
1322 2073 1393 2138 fieri

105 2203 222 2266 posse,
245 2181 401 2266 exemplis
424 2179 596 2245 illustrabo
618 2200 770 2244 versuum
789 2178 1180 2264 dactylo-epitriticorum
1199 2179 1238 2244 N.
1253 2183 1392 2265 1x2-3

107 2841 223 2907 Priore
257 2841 343 2907 enim
373 2841 446 2908 loco
474 2842 573 2927 primi
601 2865 713 2908 versus
741 2840 877 2906 extremi
904 2838 996 2925 pedis
1025 2839 1141 2904 ultima
1167 2864 1256 2926 pars,
1289 2842 1393 2907 altero

107 2950 183 3015 loco
212 2949 346 3014 secundi
372 2971 485 3014 versus
512 2949 609 3034 primi
636 2950 728 3036 pedis
755 2949 845 3034 prior
872 2969 948 3033 pars
972 2947 1076 3032 deest,
1102 2948 1187 3013 unde
1210 2947 1285 3014 illos
1308 2955 1394 3016 cata-

108 3055 259 3140 lecticos,
289 3055 350 3121 hos
384 3056 555 3141 acephalos
588 3079 700 3122 versus
734 3056 879 3121 dicimus.
924 3052 1058 3119 Talibus
1090 3053 1125 3118 in
1151 3056 1299 3122 versibus
1327 3079 1394 3122 non

110 3163 208 3227 modo
242 3183 307 3246 quo
338 3162 412 3228 loco
443 3184 555 3228 versus
585 3161 718 3226 finiatur
745 3165 778 3227 et
806 3164 977 3226 cantorum
1004 3164 1138 3244 pectora
1164 3162 1296 3228 silentio
1323 3166 1394 3229 refi-

110 3270 253 3354 ciantur,
285 3269 340 3334 sed
374 3267 473 3332 etiam
504 3273 585 3353 quot
617 3273 766 3353 tempora
796 3266 909 3331 inania
934 3267 992 3331 illa
1018 3289 1122 3352 pausa
1148 3269 1394 3356 complectatur,

109 3383 200 3442 certo
229 3375 357 3440 definiri
384 3379 501 3459 potest
548 3375 656 3459 Atque
680 3374 727 3440 sic
750 3373 930 3458 comparati
954 3373 983 3438 si
1006 3397 1118 3439 omnes
1141 3396 1253 3440 versus
1277 3384 1394 3462 esseut,

109 3484 142 3548 in
181 3482 360 3548 schematis
397 3483 540 3548 metricis
577 3503 644 3548 non
685 3481 791 3548 solum
830 3480 1031 3564 syllabarum
1067 3482 1261 3565 quantitatis
1298 3490 1393 3550 notas

109 3591 309 3675 posuissem,
328 3589 384 3654 sed
403 3589 501 3655 etiam
521 3590 725 3654 silentiorum
740 3588 806 3654 sive
821 3593 1005 3672 temporum
1017 3587 1172 3653 inanium.
1201 3591 1247 3654 At
1265 3596 1395 3657 tantum

111 3699 219 3782 abest,
247 3700 285 3760 ut
313 3695 463 3761 omnibus
491 3696 526 3760 in
553 3696 700 3762 versibus
726 3717 845 3780 pausae
870 3700 977 3760 certus
1000 3695 1091 3760 locus
1115 3697 1249 3762 relictus
1272 3697 1330 3784 sit,
1359 3703 1395 3763 ut

111 3805 144 3868 in
178 3802 378 3870 carminibus
411 3802 738 3889 dactylojepitriticis
768 3825 871 3888 paene
898 3801 1003 3868 maior
1030 3803 1075 3867 sit
1100 3825 1254 3868 numerus
1278 3789 1395 3870 eorum

111 3933 280 3994 versuum,
308 3909 364 3994 qui
390 3909 480 3974 nulla
507 3931 599 3975 mora
625 3909 820 3995 interpositu
846 3931 916 3974 sese
939 3909 1110 3994 excipiant.
1156 3909 1249 3985 Quod
1272 3916 1309 3976 ut
1333 3913 1394 3976 tibi

110 4019 321 4104 persuadeas,
342 4015 496 4100 inspicias
520 4017 617 4082 modo
639 4016 808 4101 stropham
832 4017 912 4082 odae
936 4016 1125 4102 Olympioae
1148 4017 1279 4103 tertiae,
1302 4020 1394 4084 cuius

111 4131 253 4211 quatuor
270 4124 397 4210 priores
415 4145 527 4188 versus
546 4123 709 4189 continuis
728 4124 872 4188 numeris
891 4124 1079 4208 decurrunt,
1098 4125 1147 4189 vel
1168 4124 1395 4211 longissimam

111 4235 206 4299 odam
231 4232 389 4318 Pythiam
418 4235 582 4317 quartam,
614 4231 706 4296 cuius
738 4236 771 4294 et
803 4231 837 4294 in
865 4230 1002 4315 stropha
1028 4235 1062 4295 ct
1088 4231 1124 4295 in
1151 4233 1254 4317 epodo
1282 4256 1394 4299 versus

112 4343 198 4408 3-5
221 4342 271 4406 ita
295 4339 483 4424 cohaerent,
506 4343 544 4403 ut
564 4338 648 4403 nihil
671 4337 771 4424 spatii
793 4337 900 4402 inanis
918 4338 1006 4402 inter
1024 4360 1080 4404 eos
1098 4339 1305 4406 interiectum
1324 4363 1395 4406 esse

113 4450 266 4515 videatur.
315 4447 471 4524 Quamvis
500 4451 609 4512 autem
636 4446 718 4510 tales
746 4467 874 4530 versus,
901 4445 1019 4528 quibus
1047 4445 1138 4510 nulla
1165 4469 1267 4532 pausa
1290 4453 1395 4514 metro

111 4555 244 4620 definita
275 4552 465 4641 (ἀνάπαυλα
497 4550 667 4641 ἔμμετρος)
699 4551 872 4617 interiecta
901 4552 958 4632 sit,
994 4551 1030 4615 in
1066 4553 1182 4618 ceteris
1215 4555 1394 4620 carminum

111 4663 285 4749 generibus
309 4660 375 4724 rari
399 4661 477 4745 sint,
499 4660 581 4725 illud
599 4666 709 4725 tamen
728 4663 850 4742 manet,
874 4681 978 4743 neque
997 4681 1036 4723 ex
1055 4662 1272 4725 continuitate
1290 4683 1406 4747 neque·

110 4793 148 4834 ex
170 4769 333 4834 incisione
358 4789 469 4832 cursus
491 4789 700 4833 numerorum
724 4771 813 4832 certa
830 4766 950 4830 indicia
967 4788 1081 4831 versus
1099 4767 1185 4832 finiti
1202 4767 1271 4853 peti
1288 4789 1395 4854 posse,
