3417 5434
888 1161 1043 1216 ΠΤΘΙΟΝ.
1062 1162 1105 1216 Z'.

633 1323 987 1408 ΜΕΓΑΚΛΕΙ
1028 1324 1364 1410 ΑΘΗΝΑΙΩι

892 1519 1103 1573 'subplantat

908 1804 1084 1874 strophae.

876 3629 1117 3710 Argumentum.
1235 3689 1241 3702 ,

445 3757 570 3817 Carmen
602 3760 657 3819 hoc
690 3760 836 3835 scriptum
869 3763 914 3818 est
946 3760 976 3818 in
1008 3760 1150 3819 honorem
1182 3759 1310 3835 Pythiae
1342 3758 1487 3818 victoriae
1518 3757 1612 3818 curulis

356 3847 499 3925 Megaclis
523 3849 715 3924 Hippocratis
738 3849 938 3908 Atheniensis.
986 3847 1078 3908 Ortus
1106 3849 1132 3908 is
1160 3852 1225 3908 erat
1252 3849 1287 3907 de
1316 3849 1520 3908 illustrissima
1541 3857 1611 3926 gente

356 3937 459 3995 Attica
482 3938 778 4015 Alcmaeonidarum,
807 3939 842 3997 de
867 3957 927 4014 qua
951 3937 1098 3997 uberrime
1122 3937 1194 3998 olim
1217 3937 1386 3996 Boeclrhius
1408 3939 1494 4015 Enpl.
1513 3948 1561 3996 300
1578 3953 1612 4008 ss,

356 4045 451 4101 nuper
474 4027 646 4104 ToepferuS,
670 4027 806 4086 Attische
831 4027 1011 4105 Genealogie
1036 4039 1086 4086 225
1104 4027 1132 4085 ff.
1156 4027 1393 4103 disputaverunt.
1440 4027 1538 4103 Atque
1558 4025 1613 4083 Alc·

355 4115 529 4174 maeonidae
554 4116 674 4192 quidem
697 4137 756 4176 uon
781 4118 877 4176 solum
899 4136 1015 4174 summa
1034 4117 1064 4175 in
1083 4116 1237 4193 republica
1256 4115 1433 4174 Atheniensi
1452 4115 1612 4176 auctoritate

356 4207 386 4263 et
413 4205 549 4279 potentia
578 4205 737 4282 florebant,
766 4207 817 4264 sed
845 4206 937 4264 etiarn
968 4225 1119 4265 sacrorum
1148 4206 1287 4265 ludorum
1319 4205 1475 4281 splendore
1504 4204 1611 4283 glorian

358 4312 428 4352 suae
453 4294 557 4353 domus
581 4314 761 4373 magnopere
785 4295 946 4374 augebant,
970 4295 1116 4372 siquidem
1136 4297 1166 4354 et
1185 4295 1331 4371 templum
1350 4294 1507 4370 Apollinis,
1525 4311 1612 4352 cuma
1661 4331 1662 4336 κ

356 4382 554 4443 Pisistratidis
573 4384 603 4442 in
622 4384 745 4443 exilium
763 4386 860 4445 exacti
879 4389 986 4462 essent,
1005 4384 1161 4463 magnifice
1181 4384 1452 4444 exaedificaverunt
1470 4376 1516 4463 (P.
1530 4400 1567 4440 vri
1582 4391 1611 4437 lc.
1661 4381 1662 4464 ζ

357 4472 425 4532 Her.
445 4491 464 4530 v
484 4484 525 4531 62.
550 4473 638 4532 Paus.
653 4493 673 4532 x
693 4485 717 4552 ὁ,
739 4468 785 4556 13)
805 4478 836 4534 et
855 4476 995 4534 Alcmaeo
1016 4473 1060 4534 Ol.
1077 4477 1117 4534 47
1135 4467 1251 4554 (potius
1266 4477 1305 4534 57
1323 4492 1379 4533 sec.
1398 4473 1574 4532 Boeclrhinm
1589 4473 1610 4526 el

356 4561 500 4620 Herodoti
519 4556 662 4644 interpp.)
679 4563 896 4623 nobilissimam
910 4564 1067 4624 victoriam
1082 4561 1270 4640 Olympicum
1286 4563 1441 4641 quadrigis
1456 4563 1610 4622 consecutus

356 4653 402 4708 est
415 4642 458 4730 (v.
473 4652 563 4711 schol.
578 4653 616 4710 ad
635 4653 721 4711 inser.
737 4656 768 4712 et
785 4654 894 4712 Herod.
910 4673 941 4712 vr
958 4645 1031 4734 125).
1059 4653 1088 4711 Is
1108 4672 1237 4730 quoque,
1252 4653 1304 4729 qui
1323 4652 1379 4712 hoc
1398 4651 1524 4710 carmine
1541 4667 1608 4724 prce·

355 4739 481 4818 dicatur,
504 4741 651 4819 blegaoles
671 4744 740 4800 ante
759 4743 900 4818 Pythiam
918 4742 1075 4802 victoriam
1095 4743 1170 4802 alias
1188 4741 1330 4801 victorias
1348 4741 1505 4800 Isthmicas
1523 4741 1550 4798 et
1565 4737 1608 4812 Py·

356 4829 453 4888 thicas
475 4833 690 4909 reportaverat,
715 4851 912 4910 quamquam,
935 4852 995 4909 qua
1019 4831 1218 4909 ambiguitate
1242 4831 1358 4890 dicendi
1381 4829 1525 4888 Pindarus
1546 4847 1568 4886 u
1585 4835 1609 4882 ll
