3417 5434
594 293 752 364 ussurus
771 315 845 367 vus.

158 473 400 560 Ἀλκιμέδοντα
422 471 459 539 δὲ
481 495 547 560 παρ
572 478 707 560 Κρόνου
731 478 824 562 λόφῳ

162 591 273 666 θῆκεν
294 581 558 666 Ὀλυμπιονίκαν.

162 685 205 772 lp
230 687 264 753 δ’
291 688 412 774 ἐσορᾶν
433 691 546 772 καλός,
563 691 655 776 ’ἔργῳ
680 687 709 753 τ’
736 689 776 753 οὐ
799 689 881 752 κατὰ
903 689 1015 764 sertor
1038 687 1181 772 ἐλέγχων
1325 706 1358 753 νο

80 817 93 862 ν
164 795 296 874 έξένεπε
319 793 468 880 κρατέων
490 795 577 882 πάλᾳ
601 796 839 880 δολιχήρετμον
862 801 1008 877 Αἴγιναν
1029 796 1172 880 πάτραν·

162 906 252 968 ἔνθα
277 901 352 991 Σῴ-
374 925 467 986 τειρα
490 903 574 978 Διὸς
596 901 706 980 ξενίου

161 1011 333 1096 πάρεδρος
355 1009 501 1075 ἀσκεῖται
527 1008 627 1094 Θέμις

1122 1121 1203 1202 Eve-
1226 1115 1270 1200 β’·
1374 1113 1378 1122 ’

162 1205 249 1290 ἔξοχ’
279 1206 479 1292 ἀνθρώπων.
525 1205 598 1270 ὅτι
622 1207 686 1290 γάρ
709 1207 795 1270 πολὺ
818 1203 874 1269 καὶ
896 1209 1003 1291 πολλᾷ
1026 1203 1122 1290 ῥέπῃ,

163 1313 257 1400 ὀρθᾷ
281 1314 466 1398 διακρίνειν
489 1311 588 1396 φρενὶ
611 1315 655 1397 μὴ
679 1314 768 1397 παρὰ
791 1315 924 1396 καιρόν,

82 1439 111 1484 ro
163 1419 344 1501 δυσπαλές,
363 1421 486 1504 τεθμὸς
501 1418 541 1483 δέ
555 1444 605 1496 τις
618 1419 799 1485 ἀθανάτων
813 1418 867 1484 καὶ
882 1418 974 1483 τάνδ’
993 1417 1143 1505 ἁλιερκέα
1157 1421 1271 1506 χώραν

160 1529 429 1592 παντοδαποῖσιν
452 1525 614 1591 ὑπέστασε
637 1524 743 1604 ξένοις
1326 1544 1360 1591 35

162 1637 263 1698 κίονα
288 1635 477 1717 δαιμονίαν·

165 1741 183 1807 ὁ
207 1737 242 1804 δ’
270 1738 477 1804 ἐπαντέλλων
500 1742 620 1825 χρόνος

164 1856 268 1912 τοῦτο
292 1846 451 1931 πράσσων
473 1848 517 1930 μὴ
540 1846 652 1931 κάμοι·

1112 1951 1204 2018 Ἀντ.
1228 1954 1271 2039 β’.

88 2061 117 2106 3ο
166 2049 301 2128 Δωριεῖ
322 2047 390 2129 λαῷ
413 2040 654 2126 ταμιευομέναν
677 2039 709 2119 ἐξ
733 2044 875 2106 Αἰακοῦ·
1326 2062 1361 2109 40

164 2151 223 2215 τὸν
246 2160 328 2224 παῖς
351 2148 368 2213 ὁ
394 2139 740 2234 Λατοῦςέὐρυμέδων
763 2173 797 2214 τε
821 2151 1006 2232 Ποσειδᾶν,

90 2276 296 2283 ——--..-——·

88 2341 109 2395 τ’
128 2343 155 2396 ἐν
172 2341 224 2413 μὲν
243 2341 372 2397 Boeckh:
392 2340 422 2394 oi·
441 2340 492 2411 μὲν
512 2341 542 2396 έν
560 2341 631 2410 (sine
650 2337 689 2410 ὃς)
711 2344 779 2410 ΑΒ,
800 2341 830 2404 ὃς
849 2342 879 2396 οὲ
900 2342 952 2413 μὲν
973 2343 1004 2397 ἐν
1026 2343 1081 2397 OD
1102 2346 1131 2397 et
1152 2344 1180 2397 A
1201 2363 1237 2399 m.
1253 2361 1305 2398 rec.
1327 2377 1361 2383 —

88 2415 224 2482 πρόφατον
244 2413 346 2468 Trich:
369 2411 536 2481 πρόφαντον
555 2412 689 2480 ΑΒΟΙ),
713 2422 847 2483 προφανῆ
867 2414 1074 2482 Schneidewin,
1099 2412 1128 2477 ὃς
1147 2415 1177 2468 σὲ
1195 2414 1362 2484 πρόσφατον

89 2486 113 2537 λι
130 2485 224 2560 Νεμέᾳ
245 2485 399 2553 Hermann,
417 2503 443 2538 v.
459 2501 523 2538 ann.
539 2483 573 2537 cl.
590 2483 659 2553 phil.
675 2489 873 2553 ras(1882)1uo
887 2518 920 2524 —
937 2492 978 2539 17.
997 2485 1055 2554 πάρ
1070 2487 1112 2542 B:
1130 2486 1208 2554 παρὰ
1223 2487 1314 2541 ACD
1327 2519 1362 2525 -

91 2561 125 2608 18.
143 2557 247 2624 ἔθηκεν
264 2558 292 2610 A
308 2587 340 2594 —
357 2561 397 2610 20.
419 2553 505 2621 ἐξένν.
520 2556 581 2610 AB
600 2587 633 2594 -
653 2560 694 2609 23.
716 2553 783 2610 δτιι
803 2555 853 2610 ὅθι
873 2575 944 2610 unus
963 2575 997 2611 ex
1016 2556 1185 2624 scholiastiS,
1205 2560 1237 2612 ut
1249 2557 1363 2610 videtur

91 2659 115 2665 -
128 2632 212 2681 πολλᾶ
228 2629 271 2682 B:
290 2627 379 2681 πολλὰ
394 2627 483 2681 AGD
503 2659 536 2666 -
555 2621 625 2714 ρέπη
645 2626 750 2697 Bergkr
770 2623 850 2696 ῥέποι
871 2629 1002 2695 ABOD,
1020 2624 1098 2697 ὁέπει
1112 2631 1181 2700 Byr.
1197 2647 1220 2683 c.
1235 2629 1305 2684 dett.
1326 2661 1360 2669 -

89 2705 123 2752 λλ.
141 2682 287 2767 διαάρῖναι
305 2701 333 2753 A
352 2731 386 2738 -
405 2704 447 2752 25.
467 2699 514 2752 καλ
533 2681 630 2753 πάντές
651 2697 770 2752 fortasse
789 2701 836 2754 acl
855 2699 909 2754 τάν
927 2732 962 2739 -
981 2705 1023 2754 26.
1042 2701 1236 2763 παντοδαποῖς
1250 2701 1312 2755 BD
1326 2734 1360 2740 -

91 2841 231 2911 genitalem
257 2841 352 2896 Iovem
376 2840 462 2906 dixit,
486 2859 542 2895 non
565 2843 624 2894 tam
647 2841 723 2910 quod
747 2842 931 2896 nascentibus
953 2842 994 2896 eis
1018 2843 1098 2897 lavor
1116 2842 1190 2896 lovis
1210 2842 1360 2912 obtigerat,

91 2930 164 2980 quarn
187 2913 266 2982 quod
285 2930 304 2966 a
321 2913 400 2981 Iove,
426 2913 506 2982 patre
526 2912 624 2980 Aeaci,
648 2911 816 2983 Blepsiadae
836 2914 974 2984 originem
992 2914 1084 2984 gentis
1105 2914 1285 2981 derivabant,
1305 2931 1362 2983 qua

92 2983 224 3039 simillima
238 2984 351 3038 ratione
368 2985 437 3046 Ζεὺς
451 2983 466 3037 ὁ
480 2982 625 3053 γενέθλιος
639 2983 872 3040 P.1vretdieitur
889 3018 924 3025 —
944 2991 986 3040 19.
1006 2987 1039 3039 οά
1054 2985 1127 3039 κατὰ
1142 2981 1216 3048 εἶδος
1231 2983 1360 3056 ἐλέγχων·

92 3054 174 3125 dispar
191 3055 249 3124 illi,
271 3056 307 3109 de
325 3072 381 3124 quo
398 3055 535 3122 Tyrtaeus
550 3072 586 3109 ιο
602 3053 671 3108 dicit
689 3055 762 3110 κατὰ
781 3055 809 3110 δ’
831 3057 937 3126 ἀγλαὸν
956 3053 1031 3119 εἶδος
1050 3055 1162 3127 ἐλέγχει,
1181 3074 1232 3127 par
1250 3057 1279 3111 L.
1295 3057 1359 3110 Cor-

93 3127 155 3180 nelio
173 3126 308 3197 Scipioni,
323 3126 402 3181 cuius
421 3125 451 3179 in
470 3124 615 3196 epitaphio
635 3125 770 3196 scriptum
789 3129 842 3182 cst:
865 3130 964 3198 μνοίαν
980 3129 1070 3195 forata
1088 3130 1201 3183 νίτῖαῖεί
1214 3131 1360 3198 parisuma

92 3199 138 3262 [cit
156 3229 185 3238 —
205 3198 281 3252 κατὰ
297 3242 303 3252 .
320 3240 326 3252 .
343 3242 348 3252 ,
364 3195 494 3268 ἐλέγχων·
515 3197 605 3267 figura
622 3198 745 3267 τμήσεως
763 3199 960 3268 praeverbium
975 3199 1047 3253 κατὰ
1062 3217 1080 3252 a
1094 3217 1144 3254 suo
1158 3200 1244 3254 verbo
1259 3197 1363 3269 ἐλέγχει

94 3267 253 3324 disiunctum
274 3273 325 3336 est,
344 3272 377 3323 ut
395 3285 479 3339 saepe
498 3285 555 3321 non
573 3268 663 3322 solum
683 3270 758 3338 apud
778 3270 938 3338 Homerum,
958 3272 1007 3324 sed
1026 3271 1113 3324 etiam
1131 3270 1285 3324 Pindarum
1304 3271 1361 3324 fac-

93 3341 142 3392 turn
162 3345 261 3394 est-
280 3347 323 3394 22.
342 3339 482 3409 πάρεδρος
506 3339 581 3393 Iovis
606 3339 768 3409 hospitalia,
795 3342 875 3395 cuius
901 3342 960 3395 iure
987 3343 1113 3397 advenae
1138 3345 1168 3395 et
1193 3345 1361 3396 mercatores

94 3411 157 3479 apud
173 3412 328 3484 Aeginetae
347 3409 514 3465 fruebantur
532 3411 576 3479 (cf.
591 3411 625 3466 N.
641 3431 669 3464 rv
683 3414 727 3480 ia),
747 3413 860 3466 lustitia
879 3431 897 3466 a
915 3412 1038 3467 Pindaro
1057 3413 1103 3466 hic
1123 3417 1152 3468 et
1169 3413 1203 3467 N.
1219 3430 1274 3467 ns
1294 3412 1362 3466 dici-

94 3487 137 3550 tur,
154 3487 183 3536 nt
201 3481 277 3553 Δίκη
296 3483 370 3536 lovis
389 3483 425 3536 ab
444 3482 568 3536 Hesiodo
588 3497 651 3553 opp.
667 3499 705 3538 sss
725 3485 754 3536 et
772 3501 789 3537 a
808 3484 946 3554 Sophocle
965 3484 1094 3539 OC.1sss.
1119 3483 1198 3550 Quod
1217 3483 1361 3553 πάρεδρον

96 3551 170 3622 Θέμιν
183 3555 261 3624 dicit,
277 3554 375 3608 divina
393 3570 514 3624 persona
532 3570 595 3607 eam
613 3554 714 3620 induit,
734 3555 809 3622 quod
828 3562 923 3610 autem
943 3555 1177 3623 adulterarem,
1197 3555 1226 3609 id
1245 3556 1361 3626 perinde

95 3623 185 3680 dictum
203 3629 247 3680 est
267 3642 301 3679 ac
321 3625 420 3679 sinon
445 3626 498 3679 dea
524 3628 599 3678 esset
624 3626 673 3679 sed
699 3625 788 3680 virtus
814 3659 848 3666 -
875 3633 917 3683 23.
945 3627 987 3680 dn
1002 3671 1029 3683 ..
1048 3673 1052 3682 .
1068 3623 1153 3699 ῥέπῃ·
1182 3626 1360 3681 coniunctivo

96 3697 119 3747 iu
134 3697 310 3766 generalibus
329 3696 476 3752 sententiis
495 3695 622 3750 relativis
642 3697 701 3750 sine
727 3698 868 3766 particula
887 3696 923 3753 ἂν
943 3699 979 3752 ad
998 3699 1157 3768 exemplum
1175 3699 1290 3753 Homeri
1308 3699 1361 3751 ire-

96 3771 197 3833 queuter
213 3769 356 3823 Pindarus
375 3769 476 3836 utitur,
497 3771 529 3821 ut
547 3767 578 3823 0.
593 3787 625 3820 111
639 3783 673 3824 ιο.
693 3787 721 3822 vr
736 3786 774 3837 ⁷⁶3
793 3770 966 3840 multiplices
993 3773 1088 3823 autern
1114 3773 1143 3823 et
1167 3770 1246 3823 varie
1270 3770 1362 3838 impli-

97 3843 163 3893 catae
177 3857 278 3895 causae
294 3842 324 3893 et
338 3839 403 3893 lites
417 3842 605 3894 mercatorum
618 3856 679 3894 esse
695 3839 836 3895 solent-
850 3848 893 3896 25.
908 3843 957 3895 acl
966 3841 1064 3895 τάνδε·
1080 3841 1105 3894 si
1119 3843 1192 3895 recte
1202 3841 1361 3895 Boeckhius

97 3907 156 3962 hanc
172 3912 255 3966 odam
274 3911 424 3981 Olympiae
443 3913 587 3964 cantatam
610 3927 672 3964 esse
695 3913 810 3980 statuit,
833 3913 919 3968 τάνδε
939 3931 995 3966 non
1013 3913 1049 3966 de
1067 3930 1097 3966 re
1116 3913 1259 3982 praesenti
1276 3915 1309 3965 ut
1326 3912 1361 3969 N.

97 3997 121 4030 111
132 3998 161 4036 os.
175 4003 211 4036 ru
225 4003 264 4052 se,
284 3983 335 4036 sed
354 3985 389 4036 de
407 3999 436 4036 re
456 3986 541 4036 antea
560 3981 687 4037 indicata
706 3985 736 4036 et
753 3983 783 4036 in
801 4001 858 4054 qua
877 3985 1042 4054 exponenda
1061 3985 1151 4038 oratio
1170 3988 1310 4050 versatur,
1330 3987 1363 4037 ut

99 4049 124 4104 A,
137 4071 170 4106 ru
184 4071 208 4110 so
222 4057 252 4108 et
266 4054 295 4109 P.
311 4073 331 4106 u
346 4069 380 4122 ss,
395 4053 591 4123 accipiendum
605 4057 655 4108 est.
684 4054 829 4108 Particula
843 4058 892 4110 καῖ
906 4056 1005 4110 addita
1019 4055 1130 4126 Aegina
1145 4073 1206 4108 cnm
1222 4055 1361 4124 Olympia,

99 4139 169 4188 quam
186 4129 215 4179 et
231 4126 325 4194 ipsam
342 4124 574 4192 πολυξενωτάταν
593 4123 690 4179 O.1so
709 4126 793 4196 dixit,
818 4129 996 4197 componitur
1018 4159 1053 4166 —
1077 4132 1118 4182 28.
1143 4127 1159 4180 δ
1179 4125 1207 4180 δ’
1229 4170 1257 4182 ..
1276 4128 1362 4197 κάμοι

100 4195 177 4249 naha
197 4196 347 4251 interiecta
371 4200 447 4265 sunt,
473 4198 505 4250 ut
527 4195 603 4250 infra
624 4215 649 4250 v.
668 4213 695 4250 ss
718 4195 754 4260 ὣς
774 4241 780 4252 .
801 4242 806 4253 ,
827 4197 896 4262 Διός
918 4231 953 4238 -
980 4205 1021 4254 30.
1050 4204 1156 4266 Δωριεῖ
1176 4201 1233 4269 λαῷ
1253 4240 1259 4251 .
1279 4241 1286 4253 .
1307 4241 1311 4251 .
1333 4198 1362 4264 ἐξ

100 4265 199 4320 Αἰακοῦ·
221 4269 293 4324 haec
318 4285 381 4322 cum
406 4269 526 4322 historia
551 4271 580 4321 et
605 4285 696 4321 rerum
721 4269 842 4324 veritate
868 4272 1009 4342 pugnant,
1033 4269 1173 4337 siquidem
1198 4271 1308 4323 Aeacus
1333 4276 1363 4323 et

101 4338 191 4392 veteres
215 4339 325 4395 incolae
351 4338 460 4394 insulae
485 4339 592 4394 Achaei
618 4343 700 4394 erant
724 4342 753 4394 et
777 4342 866 4395 Dores
890 4342 980 4396 multo
999 4344 1063 4411 post
1080 4343 1204 4394 Aeacum
1222 4341 1362 4412 Aeginam

102 4405 247 4465 iurasemnt
259 4415 296 4483 (v.
312 4411 398 4467 schol.
414 4429 439 4465 a.
454 4411 480 4465 h.
497 4411 524 4480 l.,
539 4411 571 4464 fr.
588 4428 608 4477 1,
622 4410 705 4466 Paus.
720 4431 741 4463 11
755 4428 789 4481 ss,
803 4416 839 4483 o);
856 4414 905 4466 sed
919 4412 1042 4482 politicis
1056 4411 1215 4466 rationibus
1228 4412 1287 4465 iam
1301 4414 1361 4466 turn

102 4475 218 4536 buteriae
231 4483 316 4538 fidem
330 4484 554 4552 corrumpebant.
583 4482 723 4536 Nimirum
737 4501 792 4552 quo
806 4485 933 4554 tempore
947 4486 1027 4538 Iones
1040 4483 1227 4537 Athenienses
1241 4484 1361 4554 Aegine-

102 4551 179 4606 tsmrn
191 4569 256 4623 opes
271 4555 402 4624 frangere
415 4553 576 4624 cupiebant,
586 4554 750 4626 Aeginetae,
766 4573 829 4608 cum
843 4557 949 4609 Dorum
966 4555 1071 4610 auxilio
1086 4558 1117 4609 et
1130 4555 1266 4608 societate
1281 4572 1362 4609 suam

105 4617 244 4679 libertatern
263 4625 337 4680 tueri
356 4630 531 4693 conarentur,
550 4625 606 4694 ipsi
624 4625 712 4679 Dores
731 4643 815 4697 puros
835 4644 864 4682 se
884 4627 1082 4696 venditabant,
1101 4626 1169 4681 licet
1188 4642 1222 4679 ex
1241 4626 1363 4681 Achaeis

104 4695 127 4744 et
140 4693 252 4751 Doribus
270 4695 354 4750 mixti
372 4695 487 4764 fuerint3
508 4697 541 4752 cf.
557 4697 591 4753 N.
606 4716 637 4749 n1
652 4717 672 4753 s.

162 4771 200 4822 ³1.
218 4767 320 4840 incipit
337 4767 473 4823 fabularis
493 4785 558 4840 pars
578 4769 722 4840 carminis;
741 4769 857 4826 fabulae
876 4788 1015 4826 summam
1033 4787 1067 4825 ex
1085 4770 1206 4825 Homero
1222 4770 1361 4826 Pindarus
