3417 5434
632 327 767 399 [sunau
785 330 817 381 x.
820 329 830 399 J

142 488 231 573 μάλα
253 485 314 573 μὲν
336 488 486 576 ἀνδρῶν
509 491 613 556 δικαί-
666 584 670 591 ’

189 620 237 661 ων
259 598 518 683 περικαδόμενοι.
564 595 619 662 καὶ
641 598 707 683 μάν
730 603 821 663 θεῶν
843 599 961 663 πιστὸν
984 594 1089 680 γένος.

1171 801 1251 883 Στρ.
1271 795 1313 861 δ’.

88 916 126 963 55
147 902 417 985 μεταμειβόμενοι
440 898 472 967 δ’
498 898 634 980 ἐναλλάξ
658 898 783 987 άμέραν
806 900 867 967 τάν
889 898 950 986 μὲν
972 903 1061 988 παρὰ
1083 901 1183 989 πατρί
1205 908 1292 992 φίλῳ

147 1005 194 1072 Δὶ
217 1006 387 1093 νέμονται,
410 1010 472 1075 τάν
494 1006 526 1073 δ’
547 1009 612 1074 ὑπὸ
635 1009 770 1075 κεύθεσι
789 1012 885 1091 γαίας
904 1007 940 1075 ἐν
958 1008 1095 1092 γυάλοις
1115 1010 1296 1096 Θεράπνας,
1317 1028 1367 1077 loo

145 1117 274 1200 πότμον
297 1114 518 1200 ἀμπιπλάντες
541 1115 670 1201 όμοίον·
695 1113 763 1182 ἐπεὶ

146 1231 266 1287 τοῦτον
289 1222 309 1307 ἢ
332 1222 469 1307 πάμπαν
491 1224 571 1301 θεὸς
595 1226 729 1308 ἔμμεναι
752 1225 857 1289 οἰκεῖν
879 1220 909 1288 τ’
934 1223 1066 1312 οὐρανῷ

145 1328 238 1395 εἵλετ’
266 1332 371 1395 αἰῶνα
393 1329 562 1415 φθιμένου
586 1331 801 1415 Πολυδεύκης
825 1330 997 1417 Κάστορος
1019 1330 1056 1396 ἰν
1078 1330 1217 1421 πολέμῳ.
1317 1349 1367 1397 110

88 1454 124 1501 60
145 1437 205 1503 τὸν
229 1438 291 1523 γάρ
309 1436 401 1515 Ἴδας
423 1436 509 1523 ἀμφὶ
531 1442 650 1523 βουσίν
673 1460 742 1515 πως
764 1442 867 1522 χολω-

190 1542 264 1621 θείς
286 1546 429 1630 ἔτρωσεν
451 1542 588 1629 χαλκέας
611 1547 732 1630 λόγχας
754 1544 854 1632 ἀκμᾷ·

162 1869 206 1919 56.
231 1864 268 1919 Δί
290 1862 416 1918 Boeolsh:
443 1860 487 1917 διῒ
505 1862 533 1917 Β
543 1864 572 1917 D
590 1895 625 1903 —
643 1862 771 1933 νίμοντα.
791 1864 821 1919 D
840 1897 873 1904 -
892 1863 945 1919 τάν
967 1862 1001 1919 δ’
1022 1867 1053 1921 D
1071 1898 1104 1906 —
1124 1864 1269 1935 δερύπεας
1286 1869 1317 1923 D
1335 1899 1368 1908 -

86 1942 132 1990 57.
154 1936 290 2005 ἀμπιμπλ.
306 1933 377 1989 οοιιί.
391 1934 559 1989 Herwcrden
578 1937 610 1989 ut
628 1938 671 1989 est
689 1935 719 1990 in
733 1936 763 1991 D
779 1968 811 1976 -
831 1942 872 1990 60.
893 1937 969 2011 ἀκμᾷ
988 1936 1059 1992 coni.
1075 1938 1173 1994 Peuw:
1193 1938 1281 2013 αἰχμᾷ
1295 1940 1368 2007 BD,

87 2008 149 2082 ἀκᾷ
169 2006 241 2062 coni.
260 2007 347 2075 Bury;
372 2006 443 2061 conf.
463 2005 497 2060 N.
517 2024 545 2059 ιι
564 2022 589 2061 ss
608 2038 643 2047 -
1198 2058 1200 2061 ,

88 2239 180 2293 supra
197 2241 222 2277 v.
237 2239 264 2279 ιε
281 2217 431 2289 Χαρίτεσσί
448 2238 477 2275 τε
497 2221 545 2274 καλ
563 2222 614 2275 σὺν
635 2218 825 2291 Τυνδαρίδαις
844 2224 873 2276 ct
890 2238 974 2293 saepe
997 2224 1074 2293 apud
1096 2223 1261 2293 Pindarum3
1285 2225 1319 2280 cl.
1339 2226 1368 2281 P.

87 2315 109 2347 ιι
130 2310 172 2362 εις
197 2312 292 2349 coram
311 2292 399 2363 igitur
416 2291 546 2347 ludorum
564 2292 703 2347 Mercurio
722 2295 758 2364 (v.
774 2292 804 2347 Ο.
819 2313 848 2346 ιι
862 2309 895 2349 τε.
914 2292 944 2349 Ρ.
959 2312 981 2347 ιι
993 2298 1030 2376 ro)
1049 2297 1079 2349 et
1096 2294 1265 2365 Tyndaridis
1285 2300 1369 2368 atque

87 2365 207 2421 Herculi
217 2369 252 2437 (v.
264 2365 295 2421 0.
305 2384 337 2418 ιιι
351 2366 387 2434 ss)
397 2366 543 2432 tamquam
557 2366 659 2419 sortem
670 2367 791 2435 (μοῖραν)
801 2364 938 2435 obtigisse
952 2365 1041 2420 badrt
1053 2398 1088 2406 —
1102 2371 1144 2423 54.
1159 2369 1208 2422 καλ
1221 2367 1278 2434 μὰν
1291 2373 1369 2424 θεῶν

87 2438 193 2493 πιστὸν
215 2434 308 2507 γένος,
333 2438 418 2505 atque
440 2434 566 2504 profecto
585 2435 669 2490 fidem
687 2438 813 2505 praestat
831 2436 947 2491 deorum
964 2453 1053 2506 genus
1074 2470 1105 2477 —
1126 2444 1167 2493 bo.
1187 2439 1314 2495 fabulam
1333 2440 1368 2495 de

89 2509 263 2579 Tyndaridis
278 2506 394 2563 alternis
408 2505 439 2561 in
453 2506 530 2561 caelo
545 2506 712 2576 degentibus
727 2506 877 2562 novitiam
886 2507 1023 2563 Homerus
1034 2508 1086 2564 Od.
1095 2528 1124 2562 11
1138 2526 1190 2575 εστι
1205 2510 1240 2566 cf.
1251 2510 1282 2567 P.
1293 2531 1321 2564 rr
1335 2528 1368 2566 ιι.

89 2582 163 2635 Cum
182 2584 277 2635 autem
295 2578 347 2635 alii
365 2577 482 2633 alternis
501 2576 600 2631 diebus
619 2578 768 2633 Dioscuros
787 2595 844 2633 una
862 2578 990 2633 incaelo
1009 2582 1038 2634 et
1056 2577 1157 2635 nna'in
1173 2581 1243 2636 Orco
1259 2582 1368 2653 degere,

89 2652 143 2707 alii
171 2652 288 2707 alternis
310 2648 420 2704 vicibus
446 2647 565 2703 alterum
590 2666 624 2703 ex
650 2648 792 2705 Dioscuris
817 2650 848 2704 in
871 2649 963 2718 caelo,
989 2649 1110 2705 alterum
1129 2652 1160 2705 in
1179 2652 1249 2707 Orco
1267 2654 1369 2735 degere

89 2725 242 2779 nauarent
260 2728 295 2792 (v.
311 2720 461 2790 Holzingcr
480 2720 516 2775 ad
531 2720 666 2791 Lycopbr.
681 2720 759 2776 Alex.
774 2740 799 2776 v.
814 2724 873 2788 ιιι),
892 2721 1013 2777 Pindaro
1032 2725 1180 2791 utramque
1199 2726 1367 2779 sententiam

108 2794 233 2851 lacuisse
252 2798 319 2849 sunt
337 2791 385 2864 qui
404 2794 512 2863 putent.
542 2794 633 2861 Atque
651 2792 772 2863 priorem
791 2792 906 2847 fabulae
924 2794 1042 2847 formam
1061 2793 1159 2875 procul
1178 2795 1264 2849 dubio
1283 2799 1370 2865 poeta

87 2816 119 2924 δ’.
141 2886 171 2921 ιιι
196 2883 221 2922 ss
247 2867 360 2937 probat3
388 2863 418 2918 in
444 2866 591 2933 utramque
617 2868 711 2920 autem
737 2863 907 2919 sententiam
931 2881 995 2919 cum
1020 2864 1103 2919 huius
1129 2865 1260 2921 carminis
1286 2870 1369 2923 finem

87 2944 125 3008 (ι.
142 2955 168 2993 ει
184 2942 236 3007 sq.)
254 2934 433 3009 interpretari
447 2934 541 3003 liccat,
560 2938 655 2990 tamen
669 2936 745 3006 prior
759 2935 900 2991 sententia
913 2936 1037 2991 fraterno
1056 2937 1154 3021 amori,
1171 2956 1227 3007 quo
1241 2956 1299 2993 una
1312 2938 1367 2992 fra·

88 3015 148 3064 tres
167 3007 253 3063 etiarn
271 3010 375 3064 mortui
393 3007 494 3077 degere
513 3006 637 3077 cupiunt,
657 3006 895 3063 accommodatior
912 3011 967 3074 est;
987 3008 1108 3077 denique
1125 3008 1156 3062 λιι
1169 3026 1266 3064 versus
1279 3024 1305 3065 ss
1320 3027 1365 3078 ss,

89 3082 161 3136 licet
184 3080 267 3135 alteri
292 3078 461 3146 sententiae,
488 3080 520 3133 ut
542 3078 629 3133 verba
651 3077 882 3151 μεταμειβόμενοι
905 3078 1021 3145 ἐναλλάξ
1045 3096 1125 3135 suam
1143 3084 1293 3150 utrumque
1310 3080 1369 3135 vim

89 3152 254 3220 obtineant,
278 3152 369 3222 magis
392 3149 487 3204 favere
506 3148 669 3219 videantur,
692 3153 787 3205 tamen
809 3166 845 3204 ne
868 3149 954 3221 priori
973 3150 1086 3220 quidem
1110 3151 1267 3207 sententiae
1285 3151 1369 3223 plane

89 3224 292 3290 adversantur3
318 3223 391 3279 unda
411 3238 475 3274 curn
493 3220 563 3275 duas
583 3220 696 3275 fabulae
721 3222 824 3275 formas
843 3221 936 3277 eidem
953 3224 1055 3292 poetae
1072 3222 1207 3303 probatas
1231 3240 1292 3278 esse
1310 3223 1369 3278 veri

89 3292 314 3349 dissimillimum
338 3294 387 3362 sit,
414 3292 544 3346 omnibus
570 3291 638 3347 locis
657 3296 739 3348 teneo
757 3292 880 3348 Pindaro
898 3291 974 3347 idem
992 3292 1146 3363 placuisse,
1169 3298 1203 3349 ut
1220 3294 1368 3350 Dioscuros

89 3365 211 3421 alternis
230 3364 339 3420 vicibus
358 3361 599 3437 (μεταμειβόμενοι
619 3362 735 3430 ἐναλλάξ
755 3363 813 3419 scil.
830 3363 944 3435 ἡμέρας)
958 3362 1079 3419 alterum
1093 3365 1169 3419 diem
1181 3365 1212 3419 in
1227 3366 1298 3420 Orco
1312 3384 1369 3419 una

89 3438 195 3508 degere
204 3439 359 3507 putaret—
369 3443 411 3493 56.
423 3434 453 3489 ἐν
462 3433 576 3505 γυάλοις
588 3434 746 3503 Θεράπνας·
758 3436 910 3491 obversata
917 3438 1019 3505 poetae
1029 3452 1090 3491 esse
1098 3435 1231 3491 videntur
1239 3435 1368 3507 sepulcra

89 3510 284 3576 subterranea,
303 3508 400 3577 qualia
417 3506 542 3575 Mycenis
559 3510 589 3561 et
603 3506 769 3562 Orchomcni
787 3512 816 3561 et
833 3507 1044 3563 Lacedaemone
1062 3506 1223 3563 etiamnunc
1241 3512 1367 3577 exstant3

89 3580 168 3649 quod
183 3578 208 3632 si
222 3579 265 3635 ita
278 3583 328 3648 est,
343 3583 375 3634 ut
387 3580 446 3635 iarn
460 3578 523 3633 Ern.
536 3577 646 3633 Curtius
660 3577 792 3649 Pelopon.
807 3598 828 3631 ιι
842 3595 882 3633 asc
895 3578 966 3632 bene
981 3577 1129 3647 divinavit,
1143 3578 1259 3634 Pindari
1274 3582 1369 3634 astate

89 3669 125 3706 ea
139 3668 192 3722 pro
212 3651 354 3723 sepulcris,
373 3650 493 3707 necdum
511 3666 561 3719 pro
577 3649 736 3704 thensauris
750 3649 850 3703 habita
865 3652 931 3703 sunt
945 3681 978 3690 -
992 3654 1034 3703 58.
1054 3657 1166 3705 τοῦτον·
1187 3651 1247 3707 scil.
1261 3648 1369 3720 πότμον

89 3722 191 3783 διιοιον
205 3754 241 3763 -
254 3728 296 3777 69.
316 3724 419 3779 αἰῶνα·
439 3724 548 3790 tempus
563 3720 777 3791 sempiternum
796 3723 920 3791 cognata
935 3721 1010 3775 enim
1028 3724 1095 3775 sunt
1112 3722 1177 3790 αίεί,
1197 3721 1253 3792 idg.
1269 3724 1368 3787 αιύιιίε,

89 3798 120 3849 et
134 3794 236 3861 αἰῶνα,
255 3813 349 3849 aecum
364 3826 398 3835 -
413 3799 454 3848 60.
474 3791 548 3861 ἀμφί
561 3788 670 3863 βουσίν·
691 3792 789 3847 schol:
808 3792 826 3863 ἡ
841 3792 949 3859 ἱστορία
963 3792 1021 3848 ἐστὶ
1033 3792 1160 3862 τοιαύτη·
1180 3795 1306 3863 Λυγκεύς
1320 3794 1369 3846 καί

84 3866 165 3929 ’λδας
189 3864 215 3920 οἰ
237 3863 373 3935 Ἀφαρέως
394 3865 494 3924 παῖδες
516 3862 736 3933 έμνηστεύσαντο
760 3863 811 3927 τὰς
828 3863 993 3918 Λευκίππου
1015 3862 1176 3933 θυγατέρας
1195 3862 1302 3935 Φοίβην
1320 3864 1369 3918 καί

88 3936 252 4006 Ἐλάειραν,
278 3935 350 3991 κατὰ
368 3934 400 3991 δὲ
418 3936 469 4005 τὴν
488 3943 543 3988 τῶν
562 3932 658 4005 γάμων
677 3932 796 4005 εὐωχίαν
815 3936 880 3998 τοὺς
899 3934 1088 4001 Διοσκούρους
1107 3935 1146 3998 εἰς
1165 3932 1287 3990 ἑστίασιν
1306 3934 1368 3989 ἐκά-

87 4014 187 4063 λεσαν·
208 4007 235 4062 οί
253 4005 283 4062 δὲ
302 4006 352 4071 τὰς
370 4004 456 4075 κόρας
474 4004 694 4075 άφαρπάσαντες
712 4004 883 4076 ἀπέφευγον,
904 4006 931 4061 ολ
951 4004 983 4060 ol
1005 4003 1122 4060 ἐδίωκον
1140 4007 1188 4060 καί
1206 4008 1370 4062 συνίσταται

87 4090 148 4143 τοῖς
168 4077 383 4149 Ἀφαρητιάδαις
406 4080 454 4133 καί
476 4085 534 4140 τοῖς
558 4080 740 4146 Διοσκούροις
763 4076 836 4147 μάχη
861 4078 926 4144 περί
948 4086 1003 4131 τῶν
1026 4076 1123 4146 γάμων
1143 4079 1193 4132 καλ
1210 4080 1369 4146 ἀναιρεῖται

89 4151 217 4218 Κάστωρ.
256 4146 316 4205 είτα
334 4150 515 4217 Πολυδεύκης
533 4150 643 4205 ἀνεῖλεν
662 4146 850 4220 ἀμφοτέρους,
870 4146 1082 4219 συμπράξαντος
1100 4157 1151 4204 τοῦ
1170 4149 1239 4214 Διδς
1256 4151 1306 4204 καί
1323 4169 1366 4204 κε-

90 4223 200 4289 ραυνόν
223 4224 318 4285 αύτοίς
341 4222 559 4291 ἐπιπέμψαντος.
584 4219 650 4275 ὁδε
669 4218 813 4289 Πίνδαρος
836 4221 870 4274 ού
894 4223 942 4274 διὰ
965 4220 1015 4282 τὰς
1038 4219 1150 4302 νύμφας
1168 4222 1255 4291 φησίν
1274 4222 1370 4283 αύτοῑς

89 4298 262 4365 γεγενῆσθαι
286 4294 339 4363 τὴν
361 4292 471 4361 στάσιν,
497 4291 567 4347 ἀλλὰ
593 4292 641 4347 διὰ
667 4294 741 4417 βοῶν
764 4289 929 4348 δπελασίαν.
966 4291 1054 4346 Vetus
1073 4291 1162 4363 igitur
1179 4292 1333 4347 scholiasta
1351 4309 1369 4346 a
1435 4294 1439 4300 ”

88 4366 226 4433 Pindaro,
251 4367 283 4419 ut
301 4382 336 4419 ne
354 4364 454 4419 heroas
478 4363 579 4433 impios
602 4363 666 4433 puel
681 4380 759 4418 arum
778 4368 905 4433 raptores
923 4362 1011 4417 fuisse
1030 4362 1148 4432 diceret,
1172 4363 1299 4418 fabulam
1318 4364 1368 4418 im-

89 4438 229 4490 mutatam
249 4453 309 4490 esse
333 4436 442 4504 statuit,
466 4452 556 4503 neque
579 4434 631 4488 boc
650 4452 668 4489 a
687 4434 808 4490 Pindaro
831 4433 945 4505 ingenio
969 4433 1098 4489 absimile
1117 4438 1161 4489 est
1174 4435 1220 4503 (cf.
1231 4436 1260 4490 P.
1273 4454 1305 4488 ιιι
1319 4439 1368 4503 ιε);

89 4511 218 4563 attamen
243 4508 398 4562 notandum
425 4510 469 4561 est
494 4506 550 4560 iam
577 4523 610 4560 ex
635 4509 729 4561 vetere
750 4505 873 4559 carmine
892 4505 971 4576 spico
990 4504 1154 4575 Cypriorum
1172 4505 1302 4561 Proclum
1321 4524 1367 4559 ex-

89 4577 227 4649 cerpsisse
246 4595 275 4633 se
294 4578 386 4633 dicere
413 4578 494 4634 haec:
521 4576 552 4631 ἐν
570 4578 657 4632 τούτω
680 4576 711 4633 δὲ
732 4575 849 4646 Κάστωρ
869 4577 938 4647 μετὰ
956 4575 1153 4640 Πολυδεύκους
1169 4577 1220 4641 τὰς
1240 4575 1301 4631 Ἴδα
1320 4579 1366 4631 καί

90 4648 221 4719 λαγκίας
239 4651 306 4776 {otc
329 4649 535 4719 ἀφαιρούμενοι
554 4632 758 4718 {pupilianam
785 4666 840 4717 quo
860 4665 923 4702 cum
942 4646 1124 4717 compilatore
1147 4649 1204 4702 fere
1227 4647 1368 4703 consentit

90 4720 221 4791 Apollod.
260 4720 310 4777 ibl.
330 4740 361 4775 ιιι
381 4738 431 4790 rso,
457 4720 499 4775 ita
524 4722 620 4775 tamen
644 4724 677 4774 ut
702 4720 843 4791 virginum
868 4722 981 4790 raptum
1005 4736 1069 4773 cum
1094 4736 1190 4791 pugna
1215 4720 1250 4776 de
1277 4719 1366 4776 bubus

91 4792 202 4862 abactis
221 4793 369 4860 cohaerere
389 4792 540 4865 significet,
565 4792 598 4847 cf.
618 4792 770 4861 Holzinger
788 4791 825 4847 ad
843 4790 980 4875 Lycophr.
995 4806 1042 4856 ιιι,
