3417 5434
331 291 396 353 216
801 293 949 343 emnam
969 293 1126 344 1111111111

332 463 488 520 cantatum
511 479 573 520 esse
597 460 765 520 Boechhius
788 460 905 538 statuit,
926 479 986 536 qua
1005 463 1105 519 tamen
1124 459 1160 518 de
1183 479 1214 517 re
1237 479 1284 517 me
1308 478 1366 518 non
1390 459 1607 518 adsentientem

330 551 378 609 vir
399 550 589 609 doctissimus
612 550 710 609 habet.

420 639 584 698 Exorditur
601 642 692 715 poeta
710 657 728 696 a
747 640 828 698 clara
846 641 934 716 gente
953 638 1198 714 Heraclidamm,
1223 637 1372 696 Thessalis
1396 657 1489 714 aeque
1513 641 1607 714 atque

332 729 575 788 Lacedaemoniis
598 728 837 804 imperitantium
861 719 969 808 (1—3).
1016 727 1073 787 Sed
1103 727 1207 785 statim
1230 726 1267 785 ab
1290 727 1346 786 hac
1369 747 1414 804 re,
1444 731 1479 786 nt
1508 727 1608 786 aliena

332 837 351 876 a
369 816 492 878 consilio
515 817 573 876 sibi
595 816 757 894 proposito,
781 836 811 876 se
834 820 956 876 revocat
978 817 1016 876 ad
1039 816 1252 893 praedicandos
1270 815 1422 875 Aleuadas
1444 819 1474 876 et
1492 815 1607 892 Hippo-

333 909 421 985 clem,
445 907 498 984 qui
521 907 623 966 diaulo
646 907 743 967 victor
766 907 891 982 Delphis
913 907 1103 965 renuntiatus
1131 905 1238 984 patris,
1267 905 1388 981 quibis
1413 903 1555 982 Olympia
1579 912 1609 963 et

332 997 424 1056 semel
452 996 563 1073 Pythia
585 996 703 1074 vicerit,
731 996 861 1073 vestigia
882 996 966 1074 legat
989 999 1019 1055 et
1042 1014 1097 1072 ope
1121 995 1244 1054 deorum
1268 995 1359 1054 etiam
1389 996 1478 1071 plura
1501 995 1608 1054 decora

333 1088 548 1147 consecuturus
576 1086 628 1162 sit3
658 1086 740 1145 omni
767 1085 888 1162 quidem
916 1105 951 1144 er
977 1089 1062 1162 parte
1086 1084 1205 1144 beatam
1227 1084 1323 1143 vitam
1346 1084 1525 1144 mortalibus
1548 1105 1607 1143 non

333 1195 503 1236 concessam
533 1194 595 1235 esse
623 1195 719 1251 neque
746 1175 828 1235 viam
856 1175 894 1232 ad
921 1174 1181 1251 Hyperboreorum
1209 1173 1329 1232 beatam
1355 1177 1475 1252 gentem
1505 1177 1608 1250 patere

334 1259 460 1347 (4-30).
505 1265 583 1324 Hinc
610 1266 762 1341 profectus
789 1264 924 1322 fabulam
952 1263 1117 1340 subtexuit,
1145 1263 1229 1322 tenui
1260 1262 1310 1322 filo
1338 1263 1423 1322 illam
1453 1283 1522 1323 oum
1552 1262 1608 1338 Py·

333 1355 415 1415 thica
432 1354 560 1414 victoria
583 1354 797 1430 cohaerentem,
812 1353 848 1413 de
863 1354 978 1429 Perseo,
999 1354 1121 1413 Danaae
1139 1351 1210 1429 filio,
1228 1371 1324 1428 usque
1344 1353 1383 1412 ad
1399 1351 1609 1429 Hyperboreos

334 1446 509 1520 penetrante
532 1447 564 1504 et
586 1446 697 1503 sortem
719 1442 922 1502 felicissimam
945 1443 1059 1503 visente
1082 1441 1169 1501 istius
1192 1442 1304 1518 gentis,
1333 1461 1410 1518 quae
1434 1441 1488 1500 snb
1513 1442 1609 1500 tutela

334 1533 484 1610 Apollinis
507 1533 618 1593 morbis
636 1535 668 1591 et
685 1533 846 1592 senectutis
865 1533 953 1590 mahs
975 1534 1077 1591 careat
1099 1533 1129 1590 et
1152 1531 1265 1590 choreis
1289 1531 1609 1606 comissationibusque

334 1641 444 1682 vacans
470 1622 666 1682 laetissimam
693 1621 788 1681 vitam
816 1623 906 1700 degat
935 1612 1078 1703 (31—50).
1124 1620 1238 1680 Iterum
1265 1639 1283 1678 a
1310 1623 1399 1698 grata
1429 1621 1484 1679 hac
1512 1621 1610 1696 specie

335 1713 483 1788 perlectae
511 1711 666 1772 felicitatis
694 1730 724 1770 se
751 1729 894 1772 revocans
924 1711 962 1769 ad
989 1709 1144 1786 Hippoclis
1167 1713 1353 1786 praesentem
1378 1709 1532 1769 fortunam
1555 1729 1612 1766 sua

335 1803 422 1860 llusa
441 1802 650 1861 illustrandam
669 1801 747 1859 redit
766 1791 911 1880 (sl—63).
947 1799 1008 1858 Sub
1027 1799 1116 1858 finem
1134 1818 1153 1857 a
1167 1798 1309 1876 Thorace,
1327 1817 1387 1858 uno
1407 1819 1443 1858 111
1457 1798 1612 1875 Aleuadis,

335 1891 373 1950 ad
397 1910 515 1950 carmen
538 1890 708 1950 faciendum
731 1890 894 1950 invitatum
918 1909 948 1948 se
972 1907 1034 1948 esse
1057 1888 1216 1965 profitetur
1239 1891 1270 1948 et
1287 1888 1385 1966 gentis
1404 1887 1612 1947 Aleuadarum

333 1979 474 2058 regimen,
498 1999 558 2056 qno
583 1979 792 2038 Thessalorum
815 1997 863 2038 res
887 1979 999 2054 optime
1023 1977 1276 2056 administrentur,
1300 1977 1424 2036 candide
1447 1977 1561 2036 laudat.

422 2068 570 2128 Pindarus
594 2068 756 2128 admodum
777 2068 894 2128 iuvenis
919 2069 973 2127 hoc
997 2085 1114 2126 carmen
1137 2068 1250 2144 panxit,
1274 2067 1325 2126 sed
1344 2067 1405 2125 iam
1424 2067 1455 2125 in
1473 2067 1529 2126 hoc
1547 2085 1612 2126 car-

334 2159 426 2236 mine,
457 2158 590 2217 omnium
620 2158 843 2235 antiquissimo,
875 2157 993 2235 egregie
1025 2159 1120 2215 artem
1149 2156 1346 2233 epiniciorum
1373 2156 1539 2216 carminum
1563 2176 1613 2214 ex-

334 2248 451 2324 pressit.
496 2247 596 2306 Habes
620 2247 755 2306 fabulam
777 2246 947 2306 laudationi
970 2246 1128 2324 intextam,
1157 2246 1322 2306 orationem
1346 2245 1509 2322 splendidis
1533 2265 1612 2304 oom-

334 2336 542 2414 parationibus
561 2330 619 2419 (21
640 2349 682 2397 51.
702 2349 743 2394 34.
764 2330 812 2417 37)
833 2335 1057 2412 audacibusque
1076 2335 1259 2412 metaphoris
1283 2339 1465 2413 exornatam,
1488 2335 1613 2395 chorum

335 2429 436 2503 partes
467 2429 574 2502 poetae
603 2446 662 2486 non
695 2445 765 2485 suas
797 2428 946 2501 tuentem,
979 2424 1106 2501 denique
1135 2425 1298 2484 sententias
1326 2424 1450 2484 deorum
1477 2443 1614 2484 reveren-

335 2516 411 2575 tiam
435 2507 492 2596 (20.
512 2527 554 2575 21.
573 2527 616 2574 44.
636 2507 686 2596 47)
715 2517 746 2574 11
773 2473 967 2591 optimatiuin
996 2514 1129 2574 favorem
1159 2507 1204 2594 (71
1226 2507 1284 2596 sq.)
1309 2513 1465 2590 spirantes
1507 2514 1614 2572 Altera

336 2625 371 2664 111
393 2608 479 2682 parte
508 2624 567 2664 non
596 2604 705 2663 desunt
731 2605 801 2663 huic
824 2602 948 2663 carmini
972 2602 1111 2662 iuvenilis
1135 2603 1303 2663 ardorist
1273 2607 1303 2662 ct
1326 2603 1470 2663 audaciae
1493 2603 1613 2680 indicia,

335 2693 415 2754 unde
444 2693 525 2770 quod
551 2693 636 2752 filum
664 2693 808 2753 orationis
835 2693 923 2752 modo
952 2691 1126 2751 inchoatum
1154 2684 1251 2774 (1.4)
1281 2691 1614 2769 1111111111111111111111

337 2783 599 2860 Hyperboreorum
622 2803 657 2841 11
680 2782 878 2842 remotissimo
902 2781 966 2841 loco
991 2781 1178 2841 arcessiverit
1196 2775 1237 2860 (v.
1257 2793 1289 2841 31
1310 2775 1372 2862 ss.,)
1393 2783 1530 2858 regiones
1550 2801 1614 2857 sep-

337 2877 402 2932 tent
389 2873 532 2931 trionales
559 2875 590 2931 et
617 2872 814 2931 occidentales
842 2871 1072 2930 commutaverit
1109 2882 1148 2944 ’1.
1175 2863 1238 2952 46),
1267 2871 1394 2948 denique
1429 2871 1557 2949 frigidas
1586 2877 1614 2930 et

337 2962 382 3020 dit
369 2960 570 3037 thyrambicas
598 2961 707 3021 eloout
698 2980 780 3021 rones
809 2959 947 3036 descript
939 2979 1080 3036 sonasque
1111 2980 1170 3020 non
1198 2961 1311 3038 titgerit
1338 2953 1379 3042 (v.
1400 2971 1443 3019 aa.
1463 2953 1525 3038 34),
1554 2961 1613 3018 iam

337 3057 473 3110 veterum
497 3051 700 3110 criticorum'
691 3071 723 3109 111
745 3049 988 3151 reprehensiones
1011 3049 1201 3108 insumit.-
1224 3050 1272 3109 Ad
1295 3053 1479 3125 postremum
1502 3049 1613 3109 adnot)

339 3143 470 3216 quatuor
498 3140 709 3216 antiquissima
737 3139 866 3215 epinicia
893 3139 1015 3196 Pindari
1040 3139 1140 3198 omnia
1168 3140 1227 3216 Pyt
1214 3139 1279 3198 thia
1302 3131 1402 3218 esse(
1389 3131 1435 3218 (P
1456 3158 1483 3197 x.
1502 3158 1556 3197 1111.
1575 3159 1613 3196 11.

339 3222 406 3305 vul,
430 3228 511 3305 quod
534 3249 569 3287 ex
592 3229 699 3287 intima
721 3227 939 3305 familiaritate,
964 3247 1024 3304 qua
1043 3232 1220 3304 pociacum
1239 3228 1442 3288 sacerdotibus
1461 3228 1613 3304 Delphicis

340 3318 517 3377 coniunctus
542 3321 606 3376 erat
606 3317 846 3395 ,explicandum
870 3336 932 3376 esse
955 3317 1081 3428 videtur.

884 3470 928 3536 De
951 3424 1072 3538 metris.

429 3584 576 3644 Canninis
598 3586 698 3663 huius,
722 3586 802 3663 quod
824 3586 1003 3645 Pindarus'
996 3586 1112 3645 iuvenis
1134 3587 1248 3664 panxit,
1267 3586 1383 3645 numeri
1402 3593 1474 3645 sunt
1492 3586 1612 3654 Aeoliei,
1680 3639 1681 3650 ,

341 3676 510 3735 exultantes
533 3675 579 3734 illi
602 3679 633 3733 et
655 3676 717 3734 ritu
739 3696 889 3752 paeonum
907 3675 998 3734 libere
1018 3678 1211 3753 vagantes,u
1190 3679 1226 3734 t
1244 3693 1331 3751 saepe
1351 3679 1381 3734 11
1400 3676 1613 3735 sententiarum

341 3769 371 3824 et
389 3784 582 3823 numerorum
600 3768 700 3824 rectus
719 3766 790 3825 ordo
809 3766 996 3840 interruptus
1020 3765 1067 3825 sit.
1105 3765 1221 3824 Divisio
1240 3783 1381 3824 versuum
1401 3766 1431 3823 in
1451 3766 1516 3826 cola
1533 3763 1612 3822 haud

340 3854 502 3914 mediocres
526 3854 720 3913 difficultates
743 3855 875 3931 praebet,
898 3855 1074 3944 praesertim
1097 3874 1164 3913 cum
1188 3855 1273 3913 iuxta
1295 3872 1411 3932 versus,
1436 3855 1489 3931 qui
1511 3854 1613 3931 procul

341 3943 463 4003 dubio
455 3964 486 4001 1n
510 3942 646 4019 dipodias
670 3944 821 4004 dividendi
843 3947 915 4002 sunt
935 3930 1005 4025 (s.tr
1026 3957 1048 4002 1.
1069 3955 1093 4022 2,
1113 3964 1158 4020 ep
1179 3955 1201 4002 1.
1222 3937 1261 4026 2),
1282 3943 1335 4002 alii
1354 3947 1510 4003 occurrant
1511 3963 1614 4022 ,-quo

341 4053 408 4091 rum
438 4033 615 4109 tetrapodiis
645 4033 791 4110 tripodias
820 4033 995 4093 commixtas
1025 4051 1087 4093 esse
1118 4032 1254 4112 vulgos
1241 4036 1381 4092 statuunt
1413 4025 1479 4114 (etr.
1504 4045 1527 4092 3
1545 4045 1568 4091 4.
1591 4043 1613 4108 6,

342 4143 386 4198 ep.
408 4113 446 4202 3).
488 4122 602 4181 Verum
630 4123 756 4182 audacia
784 4124 810 4183 si
836 4123 893 4182 tibi
920 4143 980 4183 non
1008 4123 1114 4200 deerit,
1143 4142 1245 4182 omues
1272 4141 1375 4182 versus
1403 4143 1451 4182 me
1479 4123 1550 4182 duce
1577 4080 1613 4181 ad

343 4211 511 4287 dipodioam
539 4212 724 4272 scansionem
753 4213 798 4271 ita
826 4213 992 4291 revocabis,
1023 4215 1059 4271 nt
1088 4212 1226 4289 tripodiis
1255 4211 1315 4270 nisi
1341 4212 1373 4270 in
1396 4211 1453 4271 fine
1477 4231 1611 4272 versuum

343 4302 427 4360 locus
445 4321 505 4360 non
523 4302 721 4379 relinquatur.
758 4303 823 4362 Hoc
843 4302 964 4379 quidem
982 4305 1097 4362 eertum
1116 4319 1178 4361 esse
1198 4302 1281 4381 duco,
1301 4302 1448 4378 syllabam
1471 4301 1610 4360 initialem
1680 4329 1681 4342 2

344 4390 432 4466 epodi
454 4409 596 4450 versuum
623 4392 707 4451 tertii
734 4391 836 4468 quarti
860 4391 961 4467 quinti
983 4412 1043 4452 non
1066 4391 1219 4451 anaorusis
1242 4391 1304 4451 vim
1325 4392 1446 4468 habere,
1478 4392 1528 4451 sed
1549 4409 1610 4466 par·

343 4483 406 4538 tem
427 4479 542 4555 primae
568 4481 705 4556 dipodias
732 4481 860 4560 efficere3
890 4481 989 4540 minus
1014 4481 1070 4540 hoo
1095 4481 1169 4540 mihi
1194 4483 1324 4558 constat,
1349 4483 1453 4540 utrum
1480 4481 1609 4556 strophae

344 4588 447 4628 versus
475 4573 602 4645 quartus
631 4573 661 4629 et
688 4571 813 4646 quintus
841 4590 860 4629 a
886 4571 1092 4648 monosyllaba
1120 4589 1157 4630 an
1188 4570 1225 4628 ab
1253 4569 1381 4629 iambica
1408 4569 1545 4630 anaciusi
1570 4569 1609 4626 in·
1680 4575 1681 4586 ’

345 4657 467 4733 cipiant.
490 4689 534 4699 -
556 4659 681 4718 Poetam
708 4661 815 4720 victori
838 4681 970 4739 carmen,
999 4661 1079 4737 quod
1107 4661 1214 4720 chorus
1237 4660 1370 4718 virorum
1392 4661 1609 4736 Ephyraeorum

345 4747 378 4805 in
401 4747 608 4807 comissatione
632 4754 752 4808 caneret
774 4742 939 4832 (11111),
963 4751 1077 4810 misisse
1101 4751 1185 4827 duco,
1209 4767 1401 4828 quamquam,
1420 4750 1445 4808 si
1465 4750 1530 4826 quis
1547 4766 1608 4825 poe·
