3417 5434
621 367 754 418 aarum
773 368 817 419 vr.
1294 362 1357 426 183

84 536 240 613 cubuerat,
270 537 423 612 praeclare
453 536 599 597 aemulari
628 535 734 594 laudat
762 525 906 616 (19-46).
952 533 1000 592 Ad
1028 536 1211 610 postremum
1241 533 1357 592 iuvenis

82 626 180 684 dilecti
202 629 321 686 ceteras
343 625 480 704 virtutes,
503 625 689 703 modestiam,
712 623 847 684 studium
870 624 1030 702 poeticum,
1049 643 1166 683 morum
1185 623 1356 682 comitatem

81 715 234 791 praedicat
256 707 402 797 (ιι-ιι).

166 802 311 883 Carmen,
339 805 420 881 quod
442 804 591 863 Pindarus
613 803 730 863 iuvenis
753 802 872 880 panxit,
896 801 1022 861 audacia
1045 802 1304 878 comparationum
1327 805 1357 860 et

80 907 194 953 tumore
219 893 366 954 orationis
394 894 557 953 iuvenilem
584 892 718 952 animum
745 896 851 969 poetae
879 891 988 968 prodit.
1034 891 1115 950 Illud
1138 891 1250 968 ipsum,
1276 892 1356 968 quod

80 983 302 1060 Thrasybulum
325 1002 379 1060 pro
402 986 489 1059 patre
508 1001 602 1059 equos
621 984 774 1061 regentem
792 1001 862 1041 cum
880 981 1041 1040 Antilocho
1060 1000 1114 1057 pro
1133 983 1218 1057 patre
1237 981 1357 1040 fortiter

79 1073 239 1132 dimicante
258 1075 289 1132 et
306 1075 433 1133 mortem
452 1072 644 1132 occumbente
663 1071 858 1148 comparavit,
877 1071 973 1130 iustos
992 1069 1065 1130 fines
1084 1069 1289 1130 similitudinis
1308 1090 1356 1129 ex-

80 1161 179 1221 cedere
206 1162 337 1222 ridetur.
381 1161 485 1221 Nihilo
511 1163 614 1220 tamen
641 1160 749 1238 secius,
777 1160 804 1220 si
833 1161 890 1221 hoc
917 1179 1036 1220 carmen
1066 1159 1258 1218 Pindaricum
1288 1179 1355 1219 cum

81 1252 298 1329 antiquissimo,
316 1251 349 1311 P.
369 1269 404 1328 x,
416 1250 586 1328 contuleris,
606 1269 786 1329 magnopere
809 1250 915 1326 paucis
939 1249 1024 1308 annis
1048 1251 1143 1309 artem
1162 1253 1269 1325 poetae
1288 1269 1355 1326 pro-

80 1348 196 1400 vectam
218 1344 250 1401 et
272 1340 496 1402 corroboratam
518 1359 580 1400 esse
605 1339 745 1400 invenies.

623 1475 668 1542 De
690 1475 813 1542 mauis.

166 1607 315 1668 Carminis
337 1608 428 1666 huius
450 1608 568 1667 numeri
590 1608 706 1670 Aeolici
729 1609 800 1666 sunt
821 1606 974 1682 paeonicis
996 1605 1091 1682 mixti,
1114 1607 1193 1666 unde
1216 1627 1270 1684 pro
1294 1611 1354 1669 tro-

81 1697 182 1757 chaica
209 1698 333 1774 dipodia
359 1717 447 1774 saepe
475 1698 602 1758 creticus
630 1701 661 1758 et
687 1698 736 1757 vel
762 1696 924 1773 paeonicus
951 1714 1003 1772 pes
1030 1700 1195 1772 usurpatus
1220 1699 1273 1757 est.
1319 1698 1354 1758 In

82 1787 227 1864 dipodias,
258 1806 335 1864 quas
364 1787 395 1845 in
426 1787 588 1848 embaterio
618 1787 747 1847 carmine
778 1805 870 1862 quam
900 1785 1027 1846 maxime
1058 1789 1222 1864 exspectes,
1252 1807 1354 1848 omues

84 1895 183 1934 versus
206 1877 381 1936 dividendos
404 1876 516 1955 curavi,
540 1877 621 1953 quod
642 1879 679 1934 ut
700 1877 732 1934 in
755 1874 906 1952 plerisque
924 1875 1059 1934 versibus
1082 1876 1170 1935 facile
1194 1876 1291 1954 cessit,
1310 1878 1355 1937 ita

83 1965 111 2023 in
133 1966 269 2026 versibus
293 1965 400 2042 quinto
423 1969 454 2024 et
477 1970 559 2026 sexto
583 1964 770 2026 dimetiendis
793 1965 986 2042 gravissimas
1010 1963 1204 2025 difficultates
1226 1967 1355 2047 paravit,

84 2075 157 2129 quae
181 2055 409 2131 cumpluribus
432 2055 527 2115 modis
551 2055 682 2131 expediri
708 2059 842 2131 possent,
871 2073 952 2134 eum,
981 2055 1035 2131 qui
1063 2054 1136 2113 mihi
1164 2055 1265 2132 potior
1292 2074 1355 2116 esse

84 2143 242 2222 ridebatur,
266 2145 298 2202 in
321 2144 472 2204 schemate
495 2144 551 2204 hoc
573 2144 696 2204 metrico
719 2142 848 2220 exhibui,
873 2143 1001 2203 alterum
1026 2143 1056 2202 in
1075 2143 1153 2203 Prol.
1173 2164 1201 2221 p.
1217 2163 1268 2204 nvr
1286 2165 1354 2222 pro·

84 2233 174 2307 posui.
219 2232 360 2293 Ceterum
386 2234 488 2292 confer
515 2252 592 2309 quae
620 2233 655 2292 de
685 2231 833 2292 similibus
860 2233 996 2292 versibus
1024 2252 1116 2310 supra
1144 2233 1182 2292 ad
1206 2232 1239 2294 Ο.
1259 2253 1279 2292 x
1303 2236 1353 2295 ad·

85 2323 256 2382 notavimus.
271 2355 315 2364 —-
330 2322 455 2381 Carmen
470 2327 626 2381 cantatum
644 2340 707 2381 esse
721 2321 842 2380 videtur
854 2321 980 2397 Delphis
998 2327 1067 2398 post
1085 2323 1182 2400 ipsam
1196 2323 1354 2384 victoriam

84 2411 111 2468 in
132 2431 240 2489 pompa
263 2413 302 2471 ad
325 2411 472 2487 templum
494 2411 645 2487 Apollinis
668 2431 686 2470 a
709 2411 897 2486 Thrasybulo
927 2411 1050 2488 eiusque
1078 2412 1239 2472 comitibus
1269 2413 1353 2472 insti·

86 2505 148 2558 tuta
171 2496 230 2580 (vv,
252 2495 344 2582 1-4).
390 2501 469 2560 Nam
491 2500 596 2577 primis
620 2501 758 2560 carminis
781 2500 917 2559 versibus
946 2501 1070 2560 chorum
1097 2503 1196 2578 ipsum
1224 2503 1255 2560 in
1284 2503 1353 2563 Del-

84 2590 166 2662 phica
183 2610 253 2650 area
271 2591 393 2650 choreas
413 2590 570 2650 ducentem
589 2591 692 2650 audire
706 2592 737 2649 et
751 2593 885 2667 spectare
905 2590 990 2650 uobis
1009 2590 1153 2650 videmur.
1185 2593 1353 2668 Aptissima

84 2697 147 2739 sero
165 2680 312 2740 incedenti
331 2681 419 2740 choro
438 2679 499 2739 fuit
516 2679 759 2756 monostrophica
782 2679 958 2756 compositio
982 2680 1134 2759 carminis3
1157 2701 1184 2740 v.
1204 2681 1282 2742 Prol.
1302 2702 1350 2743 ax.

85 2767 182 2844 Neque
204 2769 321 2828 ultimis
344 2769 484 2828 carminis
506 2770 620 2847 verbis,
644 2770 753 2846 quibus
784 2769 937 2844 epularem
963 2769 1202 2829 comissationem
1228 2772 1266 2830 ad
1291 2774 1352 2832 vic-

86 2859 186 2917 toriam
207 2859 415 2918 celebrandam
439 2859 550 2918 factam
572 2859 698 2918 iudicari
721 2858 890 2918 Boeckhius
913 2859 1043 2937 putavit,
1067 2877 1085 2916 a
1107 2861 1263 2936 proposita
1286 2880 1351 2922 sen-

86 2948 173 3006 tentia
199 2969 328 3008 revocor.
373 2948 504 3008 Possunt
533 2949 613 3007 enim
639 2949 693 3008 illa
721 2947 812 3007 verba
842 2948 934 3006 etiam
963 2949 1001 3006 ad
1030 2967 1147 3008 morum
1178 2949 1350 3012 comitatem

86 3035 256 3114 Thrasybuli
283 3038 453 3098 universam
481 3041 535 3096 aut
563 3039 601 3097 ad
624 3039 730 3114 epulas
756 3041 826 3114 post
851 3056 994 3114 pompam
1021 3039 1210 3115 apparandus
1238 3042 1351 3102 referri.

284 3226 474 3294 Ἀκούσατ’·
498 3223 518 3311 ἦ
542 3229 642 3312 -γὰρ
666 3225 862 3305 ἑλικώπιδος
883 3226 1079 3313 Ἀφροδίτας
1160 3236 1240 3318 Στρ.
1264 3232 1306 3299 α’.

290 3338 437 3421 ἄρουραν
460 3334 481 3419 ἣ
505 3340 657 3422 Χαρίτων

287 3442 539 3527 ἀναπολίζομεν,
562 3442 716 3527 ὀμφαλὸν
739 3439 918 3527 ἐριβρόμου

288 3551 413 3633 χθονὸς
436 3549 469 3626 ἐς
491 3590 505 3599 -
528 3550 625 3614 νάϊον
647 3551 914 3634 τιροσοιχόμενον

148 3778 225 3813 saara
243 3779 347 3816 aromo.
386 3763 470 3816 Inscr.
506 3761 678 3830 Ξενοκράτει
698 3759 901 3835 Ἀκραγαντίνῳ
921 3761 1023 3832 ἅρματι
1042 3765 1069 3816 Β
1079 3763 1109 3817 D
1126 3796 1161 3803 —
1180 3763 1285 3820 Sobel:
1306 3765 1349 3834 γε’-

85 3849 194 3896 γραιιται
212 3832 384 3902 Ξενοκράτει
399 3831 602 3902 Ἀκραγαντίνω
620 3832 778 3902 νενικηκότι
797 3833 870 3888 κατὰ
889 3834 940 3902 τὴν
959 3835 1004 3888 κδ’
1026 3834 1177 3901 Πυθιάδας
1201 3837 1272 3891 conf.
1293 3837 1313 3890 Ι.
1328 3855 1348 3889 11

87 3900 157 3958 inser.
172 3935 204 3942 —
220 3909 243 3957 3.
263 3904 479 3974 ἀνατολήσομεν
498 3905 568 3960 coni.
584 3891 698 3960 Schmid
713 3937 746 3945 -
761 3911 786 3959 4.
806 3904 889 3960 νάϊον
908 3905 977 3960 ocni.
994 3905 1148 3962 Hermann:
1169 3907 1240 3962 ναὸν
1259 3908 1348 3977 οοδδ.,

87 3975 172 4027 latebo
189 3974 260 4029 coni.
276 3975 369 4045 Bergk
386 4007 422 4016 -

145 4135 331 4171 comarum.
363 4137 389 4173 v.
407 4123 429 4171 1.
449 4118 600 4172 ἀκούσατε·
620 4118 754 4172 Horatius
769 4119 797 4173 G.
812 4138 844 4172 111
859 4137 879 4188 a,
894 4135 906 4176 ο
921 4121 1045 4174 receditis?
1064 4139 1102 4174 οιι
1121 4137 1161 4174 rere
1180 4123 1251 4176 ludit
1271 4141 1346 4176 omu-

85 4186 138 4240 oste
158 4189 288 4244 ι’κιοκίοὲ
310 4191 409 4244 audire
431 4197 456 4244 et
474 4191 568 4245 videor
582 4193 646 4259 pios
665 4207 757 4244 errore
771 4209 824 4259 per
842 4193 916 4246 lucos
935 4208 991 4244 non
1010 4195 1084 4245 recte
1099 4191 1236 4246 Graecum
1255 4211 1346 4248 exem-

85 4257 294 4331 plarerprsesit3
314 4260 420 4315 etenim
433 4260 573 4315 ἀκούσατε
586 4279 643 4315 nou
662 4263 706 4316 est
723 4261 933 4332 interrogantis,
953 4262 1002 4316 sed
1022 4263 1199 4319 admonentis
1219 4263 1345 4319 homines
1396 4265 1399 4272 '

86 4331 213 4398 praeconia
232 4331 298 4400 ritu,
317 4335 349 4385 ut
368 4331 487 4386 audiant
505 4335 535 4386 et
552 4332 657 4403 linguis
675 4333 838 4387 faveant-
854 4332 1018 4402 Ἀφροδίτας
1033 4334 1158 4402 ἄρουραν
1174 4333 1189 4403 ἢ
1204 4335 1346 4404 Χαρίτων·

88 4399 188 4456 l'eneris
207 4407 236 4458 et
254 4403 417 4458 Gratiarum
435 4421 505 4458 arva
522 4408 636 4474 poetam
654 4407 683 4458 et
701 4404 815 4458 chorum
834 4409 982 4459 canentem
1000 4405 1179 4460 orbiculatim
1195 4423 1345 4490 peragrare

86 4474 167 4533 (schol.
186 4476 241 4530 ὑπὸ
258 4476 291 4529 τὸ
310 4473 412 4546 χωρίον
430 4474 679 4545 ἀναστρεφόμεθα)
697 4479 782 4546 poeta
800 4476 878 4532 dicit.
909 4477 1024 4532 Veneris
1048 4480 1142 4532 autem
1162 4479 1250 4532 hortis
1270 4480 1345 4534 1dem

86 4545 175 4611 poesim
196 4549 354 4616 comparat,
382 4548 458 4616 quod
482 4550 599 4616 utreque
623 4547 795 4602 amoenitate
818 4548 959 4603 excellunt
986 4549 1031 4618 (of.
1051 4551 1081 4602 P.
1101 4569 1118 4603 v
1138 4565 1164 4603 ιι
1188 4552 1217 4603 et
1240 4551 1272 4605 fr.
1292 4555 1346 4619 eo);

86 4615 134 4668 noli
149 4618 220 4671 enim
238 4635 302 4672 cum
320 4617 449 4673 Disaenio
469 4620 504 4672 de
522 4619 646 4674 carmine
660 4619 798 4674 amatorio
813 4621 939 4690 cogitare
954 4652 987 4660 -
1003 4627 1027 4676 3.
1047 4621 1176 4690 ὀμφαλὸν
1196 4619 1344 4694 ἐριβρόμου

86 4689 175 4752 χθονὸς
191 4689 218 4752 ἐς
235 4688 330 4743 νάϊον·
351 4689 381 4742 in
398 4690 531 4745 umbilico
551 4691 626 4745 orbis
645 4695 783 4745 terrarum
796 4692 962 4761 Delphicum
976 4692 1113 4763 templum
1127 4692 1251 4763 positum
1266 4693 1342 4748 credi

87 4761 143 4812 uota
157 4777 199 4815 res
217 4763 273 4829 est,
294 4761 329 4814 de
348 4779 404 4830 qua
422 4762 503 4816 sodes
522 4763 649 4816 conferas
668 4763 698 4818 P.
712 4780 779 4830 1v43
800 4761 945 4836 ἐρίβρομος
963 4768 1059 4818 sautem
1076 4764 1123 4817 hic
1142 4765 1219 4818 locus
1239 4765 1344 4820 dicitur

87 4830 173 4895 partim
198 4836 313 4904 propter
339 4831 462 4887 rivorum
489 4851 674 4903 curruumque
698 4835 859 4905 strepitum,
885 4835 989 4905 partim
1012 4838 1126 4906 propter
1149 4853 1341 4906 repercussam
