3417 5434
809 313 958 365 PINDARI
975 311 1142 365 astructa.

882 475 927 540 De
949 474 1071 541 nstris.

428 590 600 649 Carminum
623 589 730 649 horum
753 592 849 648 metra
872 588 1159 665 dactylo-epitritica
1182 588 1221 646 ad
1246 607 1381 648 severam
1403 591 1435 647 et
1457 589 1618 665 antiquam

339 699 474 740 normam
503 679 670 755 composita
700 681 785 756 sunt,
814 681 851 737 ut
880 678 1019 738 similiter
1048 680 1140 754 atoue
1170 678 1202 735 in
1230 678 1362 738 carmine
1390 676 1424 737 Ο.
1448 697 1485 736 ιιι
1512 696 1618 737 cursus

339 789 530 829 numerorum
557 788 626 828 raro
654 770 745 844 atque
774 786 863 844 saepe
895 788 933 826 ne
960 767 992 826 in
1018 766 1077 826 fine
1104 767 1226 844 quidem
1253 767 1444 845 singulorum
1474 786 1617 827 versuum

339 860 526 935 interruptus
550 858 597 917 sit.
635 857 739 917 Solum
761 857 793 915 in
816 874 906 917 versu
929 868 963 916 os
985 856 1042 917 hoc
1065 856 1122 915 sibi
1145 857 1274 933 sumpsit
1296 859 1386 933 poeta
1408 857 1562 934 licentiae,
1583 861 1618 915 ut

339 948 467 1008 nominis
485 947 600 1024 proprii
620 944 777 1005 Τελεσιάδα
795 948 905 1005 natura
924 949 1084 1007 excusatus
1101 946 1224 1025 longam
1241 946 1383 1022 dactylici
1397 946 1482 1023 pedis
1496 947 1529 1005 in
1543 946 1618 1005 duas

339 1039 443 1098 breves
463 1037 575 1098 solvere
595 1036 719 1095 auderet
742 1029 792 1116 (cf.
812 1037 848 1094 N.
869 1054 913 1095 vn
932 1028 989 1117 70).
1022 1036 1170 1095 Versuum
1192 1055 1263 1096 vero
1285 1036 1393 1096 divisio
1415 1040 1541 1112 poetam
1560 1056 1618 1097 non

339 1127 506 1204 prohibuit,
537 1126 698 1202 quominus
727 1125 891 1203 catalexin,
922 1144 1000 1201 quae
1029 1124 1118 1184 tinem
1147 1125 1262 1201 periodi
1293 1125 1466 1185 antecedere
1496 1129 1527 1184 et
1550 1146 1618 1185 con-

339 1217 505 1277 versionem
532 1208 665 1292 rhythmi
693 1214 824 1274 indicars
852 1216 941 1292 solet,
970 1215 1002 1273 in
1029 1214 1153 1291 stropha
1179 1217 1250 1273 ante
1277 1214 1420 1273 ultimum
1449 1215 1618 1275 membrum

340 1305 518 1383 paenultimi
541 1322 654 1381 versus,
677 1304 709 1363 in
731 1303 826 1380 epodo
849 1307 919 1380 post
941 1304 1070 1380 primam
1092 1306 1209 1381 partem
1231 1304 1333 1362 ultimi
1355 1322 1460 1364 versus
1483 1314 1619 1381 poneret.
1688 1308 1690 1363 :

339 1395 439 1472 Epodi
466 1394 628 1455 versiculos
656 1393 779 1453 tertium
807 1396 839 1453 et
866 1396 1007 1470 quartum
1035 1393 1196 1469 quominus
1222 1394 1254 1451 in
1281 1412 1377 1452 unum
1403 1412 1525 1454 versum
1550 1415 1621 1454 con-
1688 1388 1690 1405 '

340 1485 503 1563 iungerom,
528 1484 703 1560 scrupulum
728 1482 828 1543 animo
853 1483 1021 1543 iniecerunt
1045 1483 1178 1559 syllabae
1206 1483 1353 1559 ancipites
1381 1483 1414 1541 in
1438 1483 1498 1542 tine
1520 1504 1572 1543 vv.
1586 1496 1620 1543 ss
1688 1476 1690 1483 ’

341 1576 372 1633 et
394 1586 427 1634 87
452 1574 607 1633 admissae.
632 1604 674 1613 -
698 1572 838 1631 Carmina
865 1572 925 1632 duo
952 1573 985 1632 in
1012 1572 1221 1633 comissatione
1247 1572 1370 1648 publica
1392 1592 1411 1631 a
1433 1573 1525 1633 choro
1550 1592 1621 1633 can-

340 1663 434 1723 tanda
462 1682 492 1722 se
519 1663 683 1723 destinasse
710 1665 801 1739 poeta
822 1662 913 1722 verbo
935 1660 1080 1741 κωμάζειν
1101 1662 1148 1721 bis
1170 1664 1317 1738 usurpato
1340 1654 1404 1743 (vv.
1422 1672 1448 1721 8.
1467 1654 1519 1745 90)
1543 1663 1622 1722 indi-

342 1753 435 1829 cavit3
458 1772 555 1829 neque
578 1752 642 1811 ullo
664 1752 697 1810 in
720 1751 850 1811 carmine
872 1751 1032 1813 Pindarico
1055 1752 1152 1812 oratio
1174 1751 1271 1830 magis
1294 1770 1387 1828 quam
1406 1752 1438 1809 in
1455 1752 1513 1811 hoc
1536 1754 1622 1813 chori

340 1842 477 1919 partibus
505 1841 732 1901 adcommodata
759 1843 817 1919 est3
846 1860 977 1917 namque
1002 1841 1078 1900 nihil
1105 1842 1137 1899 in
1164 1844 1227 1899 tam
1254 1842 1345 1919 longo
1372 1840 1504 1901 carmine
1526 1841 1566 1901 de
1589 1861 1622 1901 se

340 1935 431 2009 poeta
453 1932 597 2008 loquitur,
621 1931 722 1990 omnia
744 1950 779 1990 ex
803 1931 952 1991 sententia
974 1934 1006 1989 et
1026 1949 1154 2007 persona
1172 1930 1267 1990 totius
1285 1929 1376 1991 chori.
1409 1930 1497 2001 Quod
1514 1934 1624 1990 antem

341 2013 643 2103 bis(vv.1oet'53)
667 2020 797 2080 secunda
823 2037 950 2096 persona
977 2020 1090 2096 plurali
1113 2011 1202 2101 (ἴστε)
1229 2038 1303 2079 usus
1331 2023 1389 2098 est,
1416 2020 1473 2079 hoc
1501 2024 1560 2079 aut
1586 2022 1625 2080 de

341 2111 491 2169 choreutis
515 2128 577 2169 sese
601 2110 728 2169 invicem
747 2110 996 2186 compellantibus
1015 2112 1070 2168 aut
1088 2109 1125 2168 de
1144 2109 1232 2169 choro
1251 2128 1393 2169 coronam
1409 2109 1526 2170 rivium
1547 2111 1625 2170 allo-

342 2202 452 2277 quente
476 2200 663 2275 interpretor.
710 2199 822 2257 Tamen
850 2200 885 2258 de
909 2200 999 2259 choro
1021 2198 1173 2277 gradatim
1195 2198 1372 2275 procedente
1396 2198 1538 2276 equidem
1562 2220 1625 2259 non

342 2289 549 2367 cogitaverim,
574 2288 817 2365 quandoquidem
839 2308 937 2365 neque
959 2288 1062 2365 pausis
1085 2288 1158 2348 satis
1181 2288 1272 2364 spatii
1295 2288 1326 2346 in
1349 2288 1408 2348 fine
1431 2288 1625 2368 singulorum

340 2398 482 2439 versuum
508 2378 647 2437 relictum
673 2380 718 2437 est
742 2397 837 2454 neque
862 2379 1036 2438 catalectico
1058 2377 1190 2454 tripodis
1211 2377 1313 2436 ultimi
1335 2397 1440 2438 versus
1462 2379 1555 2455 epodi
1578 2380 1625 2437 la-

342 2468 397 2527 cile
420 2468 558 2545 passibus
581 2467 662 2526 chori
686 2467 824 2542 adaptari
847 2470 960 2545 potest3
984 2486 1167 2544 quamquam
1186 2466 1211 2525 si
1229 2466 1357 2527 audacia
1374 2467 1431 2527 tibi
1449 2488 1509 2527 non
1528 2468 1626 2545 deest,

341 2558 467 2617 alteram
490 2557 699 2616 difficultatem
722 2557 778 2615 bac
801 2556 947 2617 divisione
970 2557 1075 2616 tollere
1098 2556 1223 2631 poteris:

834 2676 1120 2726 lssl-wnwld

394 2824 440 2884 Εί
459 2843 510 2896 τις
531 2818 666 2905 ἀνδρῶν
688 2818 884 2903 εὐτυχήσαις
906 2818 927 2903 ἢ
950 2821 1014 2883 σὺν
1037 2818 1184 2897 εὐδόξοις
1207 2818 1344 2895 ἀέθλοις
1421 2825 1503 2908 Στρ.
1521 2822 1570 2887 α’.

394 2926 414 3010 ἢ
437 2926 550 2992 σθένει
573 2926 720 2991 πλούτου
743 2924 870 3011 κατέχει
892 2923 1018 3011 φρασίν
1041 2926 1139 3009 κίανίγ
1162 2928 1278 3011 κόρον,

394 3034 483 3113 ἄξιος
506 3033 672 3116 εὐλογίαις
695 3032 804 3099 ἀστῶν
826 3038 993 3117 μεμίχθαι.
1608 3058 1625 3101 5

396 3146 475 3225 Ζεῦ,
498 3140 636 3226 μεγάλαι
660 3137 691 3204 d'
717 3137 831 3226 ἀρεταί
853 3146 993 3217 θνατοῖς
1015 3138 1149 3205 ἕπονται

359 3266 374 3315 5
394 3248 428 3314 ἐκ
452 3247 565 3314 σέθεν·
590 3248 661 3326 ζώει
685 3244 722 3312 dl
744 3247 880 3332 μάσσων
903 3249 1001 3330 ὄλβος
1023 3246 1240 3332 ὀπιζομένων,
1262 3253 1418 3331 πλαγίαις

439 3353 474 3421 dl
498 3354 676 3441 φρένεσσιν

394 3464 455 3547 οὐχ
479 3463 566 3547 ὁμῶς
589 3462 696 3527 πάντα
719 3465 841 3546 χρόνον
863 3462 1001 3528 θάλλων
1024 3462 1139 3547 ὁμιλεῖ.
1594 3488 1627 3532 ιο

341 3597 406 3605 ...-

412 3657 492 3693 viam
511 3631 615 3692 inemo.
652 3639 736 3693 lnscr.
755 3656 809 3694 om.
828 3640 896 3694 BD
919 3638 959 3708 (in
983 3639 1014 3694 D
1036 3638 1090 3693 hoc
1114 3656 1227 3693 carmen
1253 3657 1316 3693 cum
1360 3641 1531 3696 ressedente
1561 3662 1627 3697 con-

339 3712 467 3765 iunctum
486 3713 547 3780 est),
566 3708 663 3773 ίιιιιοις
682 3728 715 3765 ex
734 3710 821 3765 schol.
840 3710 884 3764 ed.
903 3710 996 3776 Rom,
1014 3708 1177 3783 παγκρατίῳ
1195 3711 1321 3781 Boseth,
1340 3658 1439 3776 ίπποις
1456 3714 1628 3788 παγκρατίῳ

341 3782 439 3853 scripsi
458 3784 490 3836 ut
508 3782 626 3836 duorum
646 3782 801 3835 carminum
819 3785 986 3852 argumenta
1004 3782 1268 3852 comprehenderem
1285 3814 1318 3823 -
1338 3783 1445 3839 Schol:
1464 3782 1626 3855 γέγραπται

340 3853 470 3927 Μελίσσῳ
491 3850 619 3927 Θηβαίῳ·
644 3849 724 3915 οὗτος
742 3850 869 3921 ἐνίκησεν
884 3851 998 3923 Ἴσθμια
1017 3854 1065 3907 καλ
1084 3852 1190 3923 Νέμεα,
1210 3851 1373 3923 πρόσκειται
1391 3854 1423 3909 δὲ
1442 3864 1477 3928 τῇ
1498 3856 1564 3929 ᾠδῇ
1584 3858 1628 3911 ἴτ’

340 3947 404 3989 ποις
423 3924 521 3980 διὰτὸ
541 3946 560 3995 μ
597 3927 701 3994 δηλοῦν
719 3923 768 3979 τὸν
786 3922 933 3993 Πίνδαρον
951 3924 983 3978 τὸ
1002 3933 1051 3980 τοῦ
1070 3922 1261 3996 ἀγωνίσματος
1280 3920 1367 3996 είδος,
1386 3924 1511 3997 πότερον
1528 3928 1627 4000 κέλητι

340 3995 527 4087 ἢτεθρίππφ,
536 4017 566 4123 μ)
578 4016 628 4051 νον
643 3994 674 4050 δὲ
690 3992 862 4071 ἱπποδρομίᾳ
877 3996 950 4067 λέγει
963 3996 1179 4065 ἐστεφανῶσθαι
1197 3997 1243 4068 (cf.
1257 4016 1282 4052 ν.
1300 4002 1346 4068 ιε);
1366 4001 1398 4052 at
1415 3999 1483 4055 vide
1502 4019 1529 4058 v.
1549 4019 1578 4056 ιε
1596 4034 1627 4042 -

341 4077 365 4125 5.
384 4086 517 4139 φρενεσιν
584 4100 617 4109 »-

412 4229 601 4265 οοιιαειειιιιιι.
620 4230 646 4265 v.
659 4218 681 4265 l.
701 4211 752 4265 obv
767 4210 893 4276 εὐδόξοις
906 4207 1022 4274 ἀέθλοις
1035 4212 1121 4283 iunge
1135 4229 1199 4265 cum
1214 4211 1392 4283 εὐτυχήσαις·
1408 4212 1444 4267 de
1458 4215 1514 4269 σὺν
1528 4232 1557 4270 c.
1570 4217 1629 4271 dat

340 4302 390 4354 pro
410 4282 532 4353 simplici
551 4281 648 4337 dativo
668 4282 876 4337 instrumentali
896 4282 967 4337 conf.
983 4282 1012 4337 P.
1028 4300 1085 4338 rsa.
1105 4284 1139 4337 N.
1154 4304 1170 4337 x
1185 4300 1212 4337 ιο
1226 4316 1259 4323 -
1275 4290 1299 4338 2.
1320 4282 1439 4355 κατέχει,
1455 4302 1629 4358 oppressum

340 4359 430 4424 tenet;
454 4356 488 4409 cf.
510 4354 565 4409 Sol.
585 4370 610 4422 ι,
629 4370 649 4409 e.
679 4353 802 4424 Theogn.
823 4370 862 4409 ssa
888 4386 921 4394 —
949 4361 974 4409 4.
1005 4359 1072 4409 Ζεῦ·
1095 4356 1190 4409 Iovem
1212 4355 1328 4410 invocat
1346 4358 1375 4411 et
1393 4357 1471 4426 quod
1497 4375 1629 4413 summus

340 4427 465 4482 omnium
488 4429 580 4481 rector
602 4428 647 4479 set
669 4428 697 4480 et
716 4426 791 4494 quod
810 4425 981 4480 Nemeaeam
998 4425 1148 4481 victoriam
1165 4426 1281 4481 Melisso
1299 4426 1465 4498 impertivit.
1505 4431 1629 4486 Senten-

340 4499 382 4553 tia
410 4496 510 4553 similis
538 4499 582 4551 est
609 4497 668 4551 P.1
691 4514 725 4553 ιι.
758 4496 878 4567 Maesa,
896 4498 1022 4569 Orpheus
1051 4518 1077 4568 p.
1097 4516 1136 4553 me
1161 4498 1234 4553 falso
1262 4498 1317 4552 huc
1343 4498 1458 4555 rettulit
1482 4501 1628 4571 placitum

340 4570 530 4625 Christianum
545 4569 579 4622 de
593 4568 746 4623 virtutibus
762 4568 870 4623 animas
885 4572 1057 4623 mortuorum
1071 4569 1272 4624 comitantibus
1286 4570 1316 4624 in
1330 4571 1416 4642 Apoc.
1431 4571 1534 4627 Ioann.
1552 4592 1590 4641 ιι,
1606 4592 1628 4627 ιι

341 4675 376 4683 -
396 4648 419 4697 6.
446 4642 495 4711 οὐχ
515 4640 588 4710 ὁμῶς
611 4656 783 4709 quamquam
801 4658 863 4695 cum
883 4641 978 4695 πάντα
997 4639 1100 4711 χρόνον
1117 4639 1197 4711 iungi
1215 4645 1323 4711 potest,
1341 4642 1443 4697 melius
1463 4646 1569 4699 tamen
1588 4663 1627 4699 ru

339 4715 429 4768 fertur
447 4713 484 4767 ad
501 4709 633 4781 πλαγίαις
651 4709 809 4782 φρένεσσιν,
828 4716 861 4767 ut
878 4712 958 4782 impii
976 4712 1104 4768 homines
1118 4730 1175 4766 non
1189 4730 1279 4782 aeque
1293 4716 1380 4783 atque
1394 4714 1464 4769 iusti
1478 4719 1626 4788 perpetui-

339 4788 399 4841 tate
427 4784 556 4838 fortunae
579 4782 634 4836 frui
654 4782 783 4837 dicantur
804 4816 834 4824 -
855 4784 955 4855 ὁμιλεῖ,
975 4783 1069 4853 adest;
1089 4784 1124 4841 cf.
1143 4785 1173 4839 P.
1192 4804 1231 4839 vu
1250 4803 1262 4841 ο
1281 4788 1310 4840 et
1328 4784 1392 4841 Eur.
1412 4786 1456 4843 El.
1475 4805 1519 4844 sco
1538 4790 1579 4843 τὰ
1597 4789 1626 4842 δὲ
