3417 5434
637 363 760 414 NEMEA
780 362 853 414 Vlll.

158 527 248 591 οἵτε
272 537 432 611 κρανααῖς
454 524 490 589 ἐν
511 523 604 589 Ἀθά-

202 652 315 699 ναισιν
338 635 480 719 ἅρμοζον
502 635 659 718 στρατόν,

157 742 194 805 οἳ
213 740 244 806 τ’
270 740 334 806 ἀνὰ
358 739 519 826 Σπάρταν
542 738 778 821 Πελοπηϊάδαι,

159 846 269 926 ίκίτας
287 889 299 897 -
320 850 449 914 Αἰακοῦ
471 858 602 932 σεμνῶν
625 845 776 929 γονάτων
799 846 914 921 πόλιός
935 842 972 907 θ’
997 840 1082 928 ὑπὲρ
1105 846 1206 925 φίλας
1296 878 1299 881 ’

158 955 269 1021 ὰστῶν
292 954 325 1021 θ’
353 951 437 1039 ὑπὲρ
460 952 560 1019 τῶνδ’
586 954 728 1038 ἅπτομαι
750 951 864 1037 φέρων

101 1079 136 1125 15
161 1064 292 1128 Λυδίαν
314 1065 435 1148 μίτραν
458 1061 626 1145 καναχηδὰ
649 1057 935 1142 πεποι-κιλμέναν,

158 1174 294 1247 Δείνιος
317 1171 443 1235 δισσῶν
466 1170 612 1234 σταδίαν

204 1274 259 1343 καὶ
281 1278 405 1361 πατρὸς
428 1274 525 1358 Μέγα
549 1280 716 1360 Νεμεαῖον
738 1276 877 1358 άγαλμα.

159 1386 225 1448 σὺν
248 1390 317 1471 θεῷ
341 1383 403 1469 γάρ
427 1408 478 1447 τοι
502 1380 683 1467 φυτευθεὶς

206 1493 305 1576 ὄλβος
327 1490 537 1577 ἀνθρώποισι
560 1490 825 1576 παρμονώτερος·

1187 1652 1267 1730 Στρ.
1287 1646 1330 1728 β’.

160 1760 262 1843 ὅσπερ
286 1756 341 1823 καὶ
365 1759 516 1843 Κινύραν
540 1762 648 1845 ἔβρισε
672 1758 803 1843 πλούτῳ
827 1760 947 1841 ποντίᾳ
970 1758 1006 1819 ἔν
1029 1777 1107 1819 ποτε
1131 1756 1266 1842 Κύπρῳ.
1350 1772 1384 1818 30

159 1868 294 1950 ἵσταμαι
318 1868 359 1949 δὴ
382 1864 481 1931 ποσσὶ
504 1868 657 1949 κούφοις,
681 1862 837 1948 άμπνεύν
860 1887 894 1927 τε
917 1865 997 1946 πρίν
1020 1886 1051 1926 τι
1075 1861 1194 1945 φάμεν.

102 1990 139 2037 20
160 1974 267 2038 πολλὰ
291 1974 354 2057 γὰρ
375 1978 484 2059 πολλᾷ
508 1971 667 2038 λέλεκται·
691 1972 794 2059 νεαρὰ
819 1968 851 2034 δ’
878 1969 1052 2055 ἐξευρόντα
1075 1970 1176 2053 δόμεν
1198 1966 1333 2055 βασάνῳ

160 2084 195 2157 ἐς
218 2082 351 2164 ἔλεγχον
374 2080 459 2156 ἄπας
481 2080 650 2156 κίνδυνος·
674 2081 706 2143 ὅ·
1351 2092 1385 2137 35

206 2198 271 2262 φον
295 2183 331 2251 δὲ
354 2190 448 2270 λόγοι
471 2192 705 2271 φθονεροῖσιν·

184 2438 222 2487 11.
248 2443 396 2501 κρακαιαῖς
419 2435 448 2488 D
472 2466 505 2474 -
531 2440 571 2489 12.
601 2432 795 2503 Πελοπηϊάδαι
823 2432 894 2487 coni.
918 2431 1045 2487 Schmid:
1069 2431 1239 2499 πελοπηΐδαι
1262 2430 1328 2484 BD
1352 2462 1385 2469 -

106 2510 150 2557 14.
172 2502 279 2594 φέρυνι
308 2504 397 2574 φίλων
416 2506 445 2559 D
458 2539 497 2593 μ-
520 2511 558 2559 16,
580 2508 723 2573 Νεμεαῖον
742 2504 813 2559 coni.
833 2504 941 2558 Pausa:
969 2501 1081 2590 νίμειον
1100 2502 1166 2555 BD
1185 2533 1217 2541 -
1238 2505 1280 2589 Ῑβ.
1302 2499 1387 2567 ὅσπερ

105 2577 148 2630 B:
169 2593 261 2663 ωσπερ
280 2576 310 2630 D
328 2610 361 2617 -
382 2596 486 2631 ποντιω
504 2578 530 2631 ί)
550 2610 581 2616 -
604 2582 644 2631 19.
664 2578 767 2631 άναιτν.
783 2576 812 2630 D
831 2608 865 2615 -
884 2581 926 2629 20.
946 2578 1034 2648 πολλᾳ
1053 2574 1152 2628 Pauw:
1171 2576 1261 2626 πολλα
1275 2572 1339 2626 BD
1352 2604 1387 2611 -

106 2652 152 2701 21.
172 2644 204 2701 δὲ
225 2650 301 2717 topos
320 2666 373 2702 om.
389 2648 567 2713 Tricliniani;
596 2648 659 2703 fort.
675 2646 748 2715 δφον
767 2650 936 2715 φθονεροῖοι
954 2644 986 2701 δὲ
1005 2643 1114 2716 μόμφος
1137 2642 1258 2713 (μομφαί
1280 2642 1389 2697 mavult

107 2718 290 2776 Hsrwerdenl
311 2753 343 2760 —
363 2724 516 2789 φθονεροῖς
534 2718 662 2774 ίάιιτεται
681 2717 766 2773 schol.
786 2718 823 2772 ad
842 2718 926 2789 Soph.
946 2717 1022 2771 Aiae.
1043 2732 1083 2773 ιιι
1100 2748 1133 2756 -

110 2896 263 2950 interesset
282 2897 453 2968 significaret
472 2898 544 2951 inter
563 2898 682 2952 Graecos
702 2896 840 2968 principes
861 2895 928 2949 olim
947 2914 998 2949 sua
1012 2897 1112 2965 sponte
1126 2896 1219 2950 Aeaco
1233 2894 1387 2950 iustissimo

106 2966 197 3021 iudici
224 2969 451 3039 obtemperantes
475 2972 503 3023 et
528 2969 679 3039 Aeginetae
703 2972 865 3037 ceterosque
888 2967 1009 3022 Graecos
1031 2983 1104 3020 nunc
1128 2965 1231 3020 inritos
1260 2967 1387 3037 superbis

108 3039 329 3094 Atheniensibus
347 3040 535 3095 oboedientes.
565 3040 605 3095 De
625 3040 722 3095 fabula
740 3038 898 3110 principum
913 3038 1082 3093 Graecorum
1100 3036 1237 3092 auxilium
1255 3041 1285 3091 et
1303 3038 1388 3093 inter—

106 3109 263 3165 cessionem
285 3112 369 3166 Aeaci
390 3111 599 3183 implorantium
624 3110 660 3165 ad
688 3112 721 3166 N.
741 3130 758 3163 v
778 3128 802 3165 10
821 3112 1026 3165 commentatus
1047 3127 1107 3163 sum
1128 3140 1159 3149 -—
1182 3116 1222 3164 11.
1242 3118 1388 3178 κρανααῖς,

107 3181 225 3241 saxosis.
245 3182 322 3251 quod
341 3184 487 3253 epitheton
506 3199 609 3238 ornans
628 3186 671 3237 est
690 3183 804 3237 Ithacae
824 3181 933 3235 insulae
952 3182 1027 3251 apud
1041 3180 1201 3248 Homerum,
1219 3181 1308 3235 Attici
1327 3182 1389 3252 agri

108 3253 186 3323 apud
210 3252 363 3307 Pindarum
387 3256 528 3311 O.v11aa
553 3273 601 3307 xru
620 3270 645 3309 ss
671 3288 701 3294 -
726 3254 856 3321 στρατὸν,
885 3252 1035 3323 populum
1064 3251 1129 3306 vide
1152 3252 1189 3305 ad
1214 3253 1244 3307 Ο,
1263 3270 1289 3307 v.
1310 3270 1335 3306 rs
1354 3285 1388 3293 -

110 3331 151 3378 12.
178 3325 385 3393 Πελοπηϊάδαι·
416 3326 488 3380 falso
516 3327 569 3380 hoc
596 3342 696 3380 nomen
721 3343 738 3379 a
761 3324 883 3379 Pindaro
910 3323 1062 3377 formatum
1090 3326 1134 3376 est
1161 3322 1198 3376 ad
1227 3323 1389 3393 analogiam

110 3396 369 3465 patronymicorum
385 3415 402 3451 a
416 3398 577 3451 nominibus
596 3396 626 3451 in
644 3416 704 3461 -ευς
721 3396 920 3463 derivatorum,
939 3397 972 3449 ut
989 3394 1170 3462 Πηλείιάδαι
1185 3398 1214 3448 et
1227 3395 1390 3464 Πηληιάδαι

108 3484 126 3521 a
146 3466 261 3521 nomine
280 3469 389 3537 Πηλεύς
408 3502 439 3509 -
462 3476 503 3525 15.
523 3466 633 3523 Λυδίαν
651 3466 763 3539 μίτραν·
791 3466 875 3538 μίτρα
893 3466 984 3521 infula
1002 3465 1221 3535 supplicantium
1240 3469 1296 3531 est,
1316 3484 1390 3536 quae

111 3536 203 3593 Λυδία
227 3540 279 3592 hoc
304 3539 365 3594 loco
389 3540 482 3608 audit,
509 3541 584 3608 quod
607 3556 703 3609 preces
727 3540 763 3593 ad
783 3542 906 3594 Aeaeum
925 3541 955 3592 et
971 3541 1063 3592 totum
1087 3538 1139 3591 hoc
1163 3554 1274 3592 carmen
1293 3538 1390 3607 Lydiis

108 3609 203 3663 modis
222 3612 350 3665 canenda
369 3615 462 3679 erant,
481 3616 512 3665 ut
532 3612 602 3665 bene
621 3611 730 3665 monuit
749 3611 821 3665 alter
844 3610 1011 3664 scholiasta:
1036 3606 1122 3671 οὕτως
1145 3604 1205 3663 εἴτε
1227 3608 1260 3663 τὸ
1283 3608 1390 3679 ποίημα

109 3683 199 3735 αὑτοῦ
213 3682 250 3744 ὡς
264 3680 356 3737 Λυδία
371 3681 491 3751 ἁρμονία
507 3682 697 3753 γεγραμμένον
717 3716 749 3722 -
770 3688 812 3736 le.
831 3684 935 3736 δισσῶν
953 3678 1075 3735 σταδίαν
1093 3682 1191 3735 ornate
1229 3698 1260 3734 ro
1279 3680 1390 3751 vulgari

109 3753 236 3820 διαύλου,
257 3756 289 3807 ut
308 3738 377 3809 scite
397 3740 535 3809 adnotant
550 3753 670 3809 scholia:
689 3756 791 3808 δισσῶν
810 3752 841 3807 δὲ
862 3750 989 3818 σταδίων,
1006 3749 1048 3805 ὅτι
1062 3754 1196 3817 διαυλοδρ
1214 3770 1272 3821 μσς.
1303 3752 1388 3805 Nam-

107 3840 163 3893 que
183 3824 276 3877 stadio
296 3842 448 3894 numquam
468 3825 598 3879 Dinidem
613 3825 714 3879 vicisse
729 3842 762 3879 ex
779 3824 920 3879 indicibus
935 3823 1074 3877 victorum
1087 3826 1196 3878 veteres
1211 3823 1389 3893 grammatici

106 3897 282 3965 compertum
302 3896 454 3964 habebant,
474 3896 553 3950 utin
572 3901 738 3979 argumento
758 3894 891 3951 carminis
912 3894 1081 3965 exposui-
1101 3893 1245 3964 Νεμέαιον
1265 3894 1387 3964 ἄγαλμα·

106 3968 193 4022 deeus
217 3966 388 4021 Nemeaeum
412 3985 523 4023 samen
550 3968 648 4035 Lydris
676 3968 766 4021 modis
789 3966 975 4036 compositum
997 3964 1114 4034 dicitur,
1142 3966 1217 4034 quod
1241 3964 1389 4021 victoriam

108 4038 283 4162 Nmffin
302 4037 428 4093 illustrat
443 4072 474 4080 -
492 4047 532 4093 17.
553 4040 604 4093 σὺν
623 4043 694 4111 θεῷ·
715 4042 826 4109 spectat
845 4038 882 4092 ad
900 4054 1004 4107 preces,
1023 4053 1094 4105 quas
1112 4036 1198 4107 paulo
1217 4038 1283 4091 ante
1302 4042 1338 4105 (v.
1353 4040 1388 4105 rs)

107 4112 196 4179 poeta
266 4112 334 4164 erat.

180 4186 221 4234 18,
247 4180 349 4235 sensim
373 4182 409 4235 ad
433 4182 590 4236 fabularem
614 4186 722 4251 partem
742 4180 875 4234 carminis
893 4179 997 4233 transit
1015 4212 1048 4219 -
1069 4176 1154 4247 ὅσπερ
1173 4178 1232 4233 scil.
1252 4178 1332 4242 θείς·
1353 4179 1388 4233 de

106 4252 211 4321 Cinyra
230 4254 324 4307 vetere
343 4269 409 4322 rege
428 4256 513 4322 atque
533 4252 677 4307 sacerdote
697 4252 780 4323 Cypri
801 4272 825 4307 v.
845 4252 875 4304 P.
895 4271 915 4304 11
936 4268 960 4306 ιε
981 4284 1011 4291 -
1033 4256 1075 4305 19.
1095 4249 1158 4304 ἵστα
1199 4268 1221 4303 ι·
1242 4252 1274 4303 ut
1292 4250 1389 4305 0.1ss

103 4324 193 4377 verbo
217 4321 386 4394 ἀφίσταμαι,
414 4325 446 4379 N.
468 4344 483 4377 v
506 4341 529 4378 ss
552 4324 637 4379 verbo
657 4327 792 4394 στήσομαι
811 4340 921 4377 cursum
941 4321 1077 4377 orationis
1096 4271 1221 4377 inhibdit
1245 4322 1282 4375 ad
1302 4321 1389 4375 aliam

104 4412 166 4449 rem
184 4393 369 4463 transiturus,
389 4394 429 4449 sic
449 4395 494 4449 hie
513 4412 625 4464 quoque
645 4396 728 4449 verbo
748 4393 864 4464 ἵσταμαι
881 4394 1032 4449 inchoatae
1051 4392 1222 4447 narrationis
1241 4392 1319 4447 filum
1339 4394 1388 4446 ab·

103 4464 195 4536 rupit,
220 4469 252 4519 ut
275 4466 438 4535 priusquam
462 4468 546 4535 plura
568 4466 780 4537 proloqueretur
804 4465 934 4537 spiritum
958 4466 1073 4520 duceret
1097 4497 1128 4505 -
1154 4471 1195 4519 20.
1220 4464 1309 4518 πολλὰ
1334 4469 1388 4533 γὰρ

104 4542 195 4613 πολλᾷ
215 4536 351 4591 λέλεκται·
372 4538 489 4607 quinam
507 4538 597 4593 multa
615 4538 694 4592 vario
713 4538 796 4592 modo
815 4538 850 4591 de
866 4536 970 4606 Cinyra
988 4536 1112 4591 dixerint
1129 4534 1278 4603 nescimus,
1297 4552 1389 4604 neque

103 4611 191 4676 hano,
215 4609 265 4663 sed
288 4608 434 4679 penuriam
459 4610 618 4679 argumenti
640 4625 737 4665 veram
760 4625 889 4676 causam,
913 4625 961 4661 cur
984 4607 1142 4662 orationem
1160 4606 1196 4661 de
1215 4606 1319 4676 Cinyra
1338 4607 1387 4661 ab·

103 4683 255 4750 rumperet,
275 4680 361 4735 fuisse
381 4680 545 4735 crediderim
563 4680 699 4747 -νεαρὰ
719 4680 880 4747 ἐξευρόντα·
900 4679 1006 4733 bocer
1026 4678 1088 4734 loco
1107 4678 1303 4749 cognoscimus
1321 4678 1387 4731 Pin·

102 4752 166 4807 dari
190 4768 295 4806 morem
319 4751 431 4806 fabulas
455 4751 636 4818 immutandi,
660 4770 715 4821 quo
740 4752 774 4805 de
798 4752 835 4805 ad
859 4752 889 4804 P.
908 4770 940 4803 ιιι
959 4768 984 4805 ss
1003 4750 1225 4819 disputavimus,
1244 4749 1275 4804 in
1292 4766 1385 4819 repre-

102 4824 252 4879 hensiones
272 4823 422 4877 acerrimas
443 4823 638 4878 incurrisse-
659 4830 701 4880 21.
721 4822 797 4886 ἅπας
815 4820 957 4884 κίνδυνος·
978 4840 1079 4892 purum
1096 4826 1196 4892 putum
1215 4821 1383 4891 periculam3
