3417 5434
895 1085 1047 1138 ΠΤΘΙΟΝ.
1068 1081 1112 1137 F‘.

660 1247 899 1330 ΙΕΡΩΝΙ
946 1246 1348 1333 ΣΤΡΑΚΟΣΙΩι

931 1442 1077 1496 ΚΕΛΗΤΙ.

916 1725 1095 1797 Strophae.

459 3680 630 3751 Remotam,
658 3698 718 3740 non
744 3682 894 3739 recentem
921 3679 1080 3739 victoriam
1108 3680 1199 3739 celetc
1227 3683 1347 3756 partam
1370 3672 1412 3761 (v.
1434 3674 1483 3761 74)
1506 3682 1559 3741 hoo
1579 3696 1629 3738 oar·

371 3790 439 3830 meu
462 3771 596 3846 spectare
619 3773 710 3846 poeta
732 3769 883 3845 particula
907 3765 977 3829 ποτέ
994 3788 1022 3828 v.
1041 3780 1074 3827 '14
1093 3769 1269 3845 declaravit3
1293 3770 1354 3828 iam
1377 3789 1446 3830 cum
1470 3791 1505 3831 ox
1527 3766 1630 3830 scholiis

372 3860 410 3918 ad
435 3860 467 3917 P.
487 3878 498 3916 1
522 3861 553 3918 et
574 3876 610 3916 111
633 3859 719 3919 inser.
739 3862 926 3935 compertum
953 3858 1116 3917 habeamus
1144 3858 1305 3918 Hieronem
1332 3858 1444 3936 Pythia
1471 3861 1560 3920 celate
1585 3856 1628 3931 bis

372 3949 459 4024 Pyth.
481 3951 521 4008 26
542 3950 573 4008 et
592 3952 643 4025 27,
661 3948 776 4026 vicisse,
796 3948 834 4007 ad
851 3948 906 4006 has
925 3947 1067 4008 victorias
1085 3947 1279 4007 illustrandas
1301 3949 1527 4025 opportunitate
1545 3946 1628 4007 nescio

372 4057 433 4115 qua
464 4038 566 4097 oblata
595 4040 715 4113 poetam
744 4037 801 4097 hoo
828 4057 947 4097 carmen
975 4036 1126 4113 scripsisse
1154 4040 1293 4114 apparet3
1320 4058 1417 4115 neque
1446 4039 1525 4098 enim
1553 4056 1630 4096 unam

371 4146 526 4205 coronam,
556 4127 607 4185 sed
630 4128 731 4203 plures
754 4144 878 4186 coronas
901 4146 929 4187 v.
949 4138 981 4185 73
1005 4126 1166 4203 praedicat.
1213 4126 1278 4198 Quo
1302 4131 1403 4187 autem
1427 4132 1558 4206 tempore
1580 4146 1631 4186 osr-

372 4237 440 4277 men
467 4216 612 4293 scriptum
640 4216 692 4295 sit,
720 4235 884 4295 cognomen
916 4215 1056 4275 Hieronis
1088 4215 1230 4276 Αἰτναίου
1259 4208 1300 4297 (v.
1326 4209 1375 4299 69)
1402 4221 1434 4277 et
1460 4218 1554 4278 totius
1579 4236 1630 4276 car·

372 4306 462 4365 minis
485 4309 696 4384 argumentum
719 4306 793 4365 satis
816 4308 898 4365 certa
919 4305 1030 4365 indicia
1048 4306 1199 4382 praebent.
1237 4306 1374 4382 Namque
1394 4306 1536 4379 Αἰτναῖος
1553 4307 1630 4365 Hiero

372 4398 443 4454 ante
461 4395 566 4453 urbem
584 4396 713 4454 Aetnam
733 4392 778 4456 01.
796 4398 845 4472 76,
863 4400 878 4453 1
901 4394 1052 4454 conditam
1071 4395 1275 4472 cognominari
1293 4414 1353 4455 non
1371 4397 1482 4473 potuit,
1501 4401 1531 4457 et
1548 4397 1629 4471 splen·

372 4484 458 4543 didae
481 4484 624 4543 victoriae
652 4484 796 4559 Pythicae
826 4484 966 4545 Hieronis
994 4484 1148 4562 quadrigis
1172 4504 1197 4543 a.
1218 4486 1282 4543 474
1305 4487 1410 4561 partae
1434 4482 1629 4544 nulladumin

372 4575 428 4633 hoc
450 4573 580 4633 carmine
604 4574 716 4633 mentio
738 4574 781 4633 fit.
826 4574 933 4650 Itaque
957 4574 1036 4634 inter
1059 4592 1151 4633 annos
1175 4576 1238 4632 476
1264 4576 1295 4633 et
1316 4578 1389 4651 474,
1412 4575 1539 4635 fortasse
1561 4570 1629 4631 brevi

372 4665 442 4721 anto
472 4662 690 4741 expeditionem
717 4668 821 4724 eontra
847 4664 1005 4743 Etruscos,
1033 4683 1093 4740 quo
1122 4667 1254 4740 tempore
1282 4683 1383 4742 regern
1413 4665 1515 4723 morbo
1537 4660 1630 4723 calculi
