3417 5434
304 323 369 386 236
775 325 923 376 emnam
942 325 1108 380 amicam.

308 511 385 568 quas
408 491 556 550 Pindarus
579 509 635 550 sua
657 492 745 552 Musa
767 485 820 573 (N.
838 511 850 550 1
872 495 903 551 et
921 492 957 551 N.
977 484 1023 568 m)
1046 491 1220 570 illustravit,
1243 492 1328 569 equis
1351 511 1404 551 seu
1428 492 1589 570 quadrigis

305 584 483 642 consecutus
506 584 559 639 est
587 613 625 622 —
649 581 714 641 Iam
738 600 798 658 quo
817 584 950 658 ternpore
969 582 1025 641 hoc
1044 601 1162 641 carmen
1180 582 1364 641 Nemeaeum
1382 582 1588 658 compositum

303 670 356 747 sit,
380 671 405 730 si
429 689 569 748 quaeres,
592 673 661 746 post
684 669 813 729 Aetnam
834 671 939 730 urbem
963 671 1113 731 conditam
1137 661 1178 752 (v.
1203 683 1218 730 c
1242 673 1273 730 et
1296 670 1385 730 schol.
1409 671 1448 730 ad
1471 663 1589 752 insen),

303 760 376 818 dum
402 759 551 818 Pindarus
581 758 611 816 in
640 760 724 838 regia
754 759 825 819 aula
852 759 991 819 Hieronis
1019 762 1220 820 commoratur
1249 758 1289 819 (v.
1315 753 1377 840 19),
1405 760 1436 819 id
1462 779 1588 836 compo·

305 849 397 908 situm
416 868 479 909 csse
498 851 613 908 certum
632 852 687 909 est
722 849 814 909 Porro
834 867 903 908 oum
921 849 1085 908 Pindarum
1104 851 1173 925 post
1190 849 1278 908 ludos
1292 849 1417 925 Pythios
1433 847 1478 909 Ol.
1496 854 1550 926 76,
1567 853 1585 908 3

305 938 469 1015 Syracusas
498 937 614 998 venisse
642 941 674 997 et
699 941 769 1013 post
795 938 882 998 ludos
907 937 952 998 Ol.
977 941 1028 1014 77,
1054 942 1069 996 1
1100 940 1169 997 ante
1194 935 1240 998 01.
1266 941 1352 1016 78,1
1381 938 1449 998 inde
1473 938 1588 998 abiisse

303 1031 433 1106 constet,
460 1027 618 1087 vintoniam
640 1027 834 1104 Nemeaeum,
862 1027 912 1087 cui
934 1026 1150 1104 praedicandae
1177 1027 1234 1087 hoc
1257 1046 1375 1088 carmen
1398 1027 1589 1088 destinatum

304 1119 362 1195 est,
390 1119 445 1176 ant
468 1114 513 1177 01.
541 1119 594 1194 76,
614 1120 633 1174 4
658 1119 713 1176 aut
737 1115 782 1176 01.
810 1120 902 1196 77,2
931 1118 1116 1194 reportatam
1143 1135 1206 1176 csse
1230 1135 1347 1177 necesse
1371 1119 1424 1177 est.
1470 1117 1588 1176 Utrum

304 1226 374 1266 vero
401 1207 472 1282 post
503 1225 542 1264 an
575 1207 644 1264 ante
678 1206 715 1266 N.
746 1225 777 1264 rx
811 1206 867 1266 hoc
902 1225 1020 1266 carmen
1052 1207 1167 1266 factum
1202 1205 1253 1280 sit,
1293 1208 1372 1266 certo
1407 1207 1584 1266 testimonio

303 1314 447 1373 caremus,
474 1295 532 1354 nisi
560 1295 640 1372 quod
667 1295 765 1354 exitus
791 1295 882 1355 huius
912 1295 1051 1355 carminis
1079 1294 1175 1373 magis
1203 1295 1342 1356 convenit
1367 1295 1431 1355 seni
1453 1296 1587 1355 militiae

302 1385 381 1444 lasso
403 1387 435 1443 et
451 1387 522 1460 post
538 1384 655 1444 labores
674 1402 869 1444 aerumnosae
887 1385 968 1444 vitae
988 1385 1088 1461 quiete
1108 1384 1188 1443 dulci
1207 1385 1327 1444 fruenti.
1364 1385 1483 1462 Exigua
1502 1386 1588 1444 enim

302 1472 375 1532 fides
398 1475 444 1532 est
467 1473 644 1533 scholiastae
667 1474 705 1532 ad
723 1493 751 1532 r.
769 1484 785 1532 8
809 1473 984 1533 adnotantis
1008 1477 1077 1558 νικᾷ
1096 1469 1127 1532 δὲ
1148 1481 1204 1532 νῦν
1223 1472 1321 1532 ἳππων
1340 1471 1446 1552 ἅρματι
1463 1481 1587 1550 πρῶτον

304 1559 540 1641 ἀγωνισάμενος,
567 1563 655 1640 longe
678 1583 749 1622 vero
773 1562 870 1623 minor
892 1563 1089 1640 probabilitas
1112 1563 1277 1622 sententiae
1300 1563 1502 1622 Bornemanni
1526 1563 1587 1624 hoc

305 1671 423 1712 carmen
447 1653 543 1710 multo
567 1655 646 1730 ante,
670 1672 730 1728 quo
753 1655 887 1729 tempore
907 1652 1064 1712 Chromius
1084 1652 1204 1712 Gelonis
1228 1671 1358 1712 sororem
1380 1671 1505 1712 uxorem
1529 1653 1587 1711 dn·

304 1742 405 1818 cebat,
429 1742 575 1818 scriptum
599 1759 661 1800 esse
684 1741 858 1801 conicientis
882 1735 999 1824 (Jahrb.
1023 1743 1050 1801 d.
1074 1741 1109 1801 cl.
1133 1741 1186 1799 Ph.
1213 1743 1295 1801 1891
1321 1761 1349 1818 p.
1369 1733 1445 1822 279).

390 1831 426 1888 in
448 1830 600 1907 prooemio
623 1833 713 1907 Poeta
736 1831 774 1890 ab
793 1829 930 1909 Ortygia,
953 1831 1009 1890 dea
1031 1833 1158 1907 patrona
1181 1829 1367 1908 cognominis
1385 1831 1585 1907 paeninsulae

302 1919 509 1979 celeberrimae
537 1919 769 1998 Syracusarum,
798 1939 919 1980 exorsus
947 1921 985 1978 ad
1011 1920 1169 1980 victoriam
1200 1919 1412 1979 illustrandam
1439 1920 1585 1998 Chromii,

302 2009 432 2068 Nemeae
462 2028 553 2068 curru
579 2011 712 2086 partam,
742 2027 805 2069 sese
835 2009 968 2087 accingit
995 2001 1111 2092 (1-9).
1157 2009 1242 2079 Quod
1273 2008 1433 2068 consilium
1459 2009 1505 2067 ita
1532 2029 1585 2068 ex-

303 2098 452 2175 sequitur,
480 2101 517 2156 ut
546 2099 676 2174 primum
705 2098 839 2157 Siciliam
869 2099 998 2158 insulam
1026 2099 1057 2157 in
1086 2098 1215 2176 gratiam
1239 2098 1437 2175 Proserpinae
1465 2118 1484 2156 a
1510 2099 1586 2159 love

304 2187 538 2263 opulentissimis
560 2187 684 2247 urbibus
708 2190 846 2248 ornatam
865 2192 896 2248 et
913 2188 1030 2248 coronis
1049 2185 1213 2264 Olympicis
1232 2187 1416 2246 illustratam
1436 2180 1585 2268 (13—18),

302 2280 369 2334 tum
396 2276 518 2336 victoris
545 2276 641 2352 ipsius
664 2277 902 2352 hospitalitatem
930 2277 1142 2337 liberalitatem
1169 2276 1378 2336 fortitudinem
1401 2277 1585 2353 sapientiam

304 2365 428 2425 summis
452 2349 591 2424 laudibus
614 2366 718 2426 efferat
736 2359 880 2448 (18—32).
917 2366 1031 2426 Deinde
1055 2366 1137 2425 saltu
1156 2366 1229 2424 satis
1254 2365 1362 2425 audaci
1385 2367 1423 2424 ad
1442 2366 1585 2426 Herculis
1682 2373 1683 2396 ¹

302 2456 415 2514 famam
446 2454 676 2531 praedicandam
709 2457 826 2514 transit.
877 2457 942 2514 Iam
973 2456 1120 2514 infantem
1152 2475 1221 2514 eum
1253 2455 1329 2514 duos
1359 2459 1511 2532 serpentes
1545 2457 1585 2514 ab

301 2545 416 2604 Iunone
440 2544 542 2603 invida
560 2544 667 2605 missos
686 2545 821 2624 angendc
845 2563 991 2622 enecasse,
1014 2545 1092 2604 unde
1111 2544 1258 2604 Tiresiam
1276 2547 1377 2604 vatem
1396 2549 1586 2622 auguratum
1682 2559 1683 2630 f

303 2651 365 2694 esse
388 2634 486 2692 multa
509 2634 596 2693 illum
618 2635 772 2711 praeclara
794 2634 929 2693 facinora
952 2637 1195 2710 perpetraturum
1218 2651 1281 2694 esse
1305 2635 1336 2692 et
1359 2633 1397 2692 ad
1415 2637 1585 2694 extremum

303 2723 341 2784 ob
368 2724 489 2802 egregia
515 2724 624 2783 merita
646 2725 726 2782 inter
747 2724 817 2784 deos
845 2727 998 2800 receptum
1017 2724 1055 2782 iri
1070 2716 1213 2805 (aa-72).
1250 2723 1333 2782 Haec
1356 2725 1460 2782 autem
1478 2723 1586 2782 fabula
1682 2717 1683 2794 Ῑ

303 2833 372 2872 oum
405 2816 582 2891 argumento
610 2813 749 2873 carminis
782 2833 816 2873 eo
846 2813 1003 2872 cohaerere
1035 2816 1135 2890 patet,
1167 2812 1247 2888 quod
1275 2811 1433 2872 Chromius
1461 2813 1585 2874 laudem

303 2902 441 2962 Herculis
472 2902 681 2962 aemulabatur
710 2905 741 2961 et
768 2901 894 2962 fortasse
925 2903 1016 2962 etiam
1043 2921 1206 2980 cognomen
1229 2902 1382 2979 Herculei,
1412 2905 1450 2961 ut
1477 2905 1586 2979 postea
1682 2933 1683 2936 ¹

302 2992 382 3051 inter
403 2991 554 3051 Romanos
576 2992 772 3068 imperatores
794 2992 874 3051 Nero
898 2982 993 3072 (Cass.
1017 2991 1075 3051 Dio
1099 3001 1145 3068 63,
1165 2985 1214 3070 νο)
1238 2994 1269 3050 et
1291 2990 1508 3069 Maximianus,
1531 2992 1586 3050 ad·
1682 2981 1683 2984 ¹

303 3081 443 3141 factabat.
480 3081 584 3156 Neque
608 3081 685 3138 illud
706 3081 856 3140 immerito
879 3081 1051 3140 Disaenium
1075 3080 1216 3140 statuisse
1239 3081 1325 3158 duco,
1349 3081 1428 3140 sicut
1452 3079 1585 3140 Tiresias
1682 3083 1683 3088 ’

302 3173 387 3229 rates
410 3170 534 3229 Herculi
562 3168 716 3229 laboribus
742 3171 899 3247 perfuncto
928 3170 1022 3229 vitam
1048 3169 1169 3229 beatam
1196 3169 1227 3228 in
1252 3168 1380 3246 Olympo
1405 3189 1474 3230 cum
1497 3170 1585 3230 Heba
1682 3235 1683 3240 ,

303 3278 394 3318 uxore
417 3258 641 3337 transigendam
664 3259 845 3335 praedixerit
868 3252 915 3340 (41
935 3250 999 3339 ss),
1022 3258 1067 3316 ita
1089 3259 1252 3318 Pindarum
1281 3278 1401 3336 quoque
1432 3257 1585 3336 Chromio,

305 3348 358 3424 qui
380 3351 411 3407 et
434 3349 497 3424 ipse
520 3348 636 3408 iuvenis
655 3349 716 3406 iam
734 3349 886 3424 praeclare
905 3369 952 3408 res
971 3348 1103 3426 gesserit,
1126 3349 1196 3424 post
1215 3349 1383 3408 exantlatos
1401 3348 1521 3408 labores
1539 3369 1585 3408 se-

303 3456 405 3497 renam
424 3440 607 3497 senectutem
628 3456 697 3497 cum
714 3438 826 3497 blanda
845 3457 937 3498 uxore
956 3437 1157 3516 peragendam
1178 3437 1350 3514 vaticinari;
1369 3438 1412 3497 sic
1430 3438 1512 3496 enim
1531 3457 1586 3514 op-

303 3526 375 3586 time
396 3525 571 3603 explicatur,
595 3547 655 3603 quo
678 3530 767 3602 pacto
786 3527 962 3588 felicitatem
981 3527 1064 3587 illam
1083 3526 1221 3587 Herculis
1240 3526 1412 3600 laetissimis
1431 3527 1585 3587 coloribus

304 3633 449 3675 cromans
473 3616 580 3676 eximio
604 3617 728 3675 carmini
751 3617 840 3677 finem
863 3620 952 3693 poeta
974 3617 1151 3693 imposuerit
1174 3608 1328 3698 (ca—72).
1375 3615 1461 3686 Quod
1480 3619 1585 3676 autern
1682 3675 1683 3678 ,

304 3705 452 3764 Pindarus
480 3725 539 3766 non
567 3705 627 3764 iam
658 3726 676 3764 a
703 3706 837 3783 mythica
864 3706 1035 3767 narratione
1064 3705 1101 3764 ad
1128 3705 1272 3765 victorem
1295 3704 1395 3782 ipsum
1419 3706 1523 3784 rediit,
1552 3707 1585 3764 id

303 3794 441 3856 similiter
463 3797 494 3854 et
517 3795 580 3871 ipse
602 3795 640 3854 N.
663 3815 683 3854 x
707 3799 738 3855 et
759 3796 904 3856 Horatius
928 3815 951 3856 c.
970 3813 1006 3853 111
1030 3807 1044 3854 5
1068 3795 1211 3854 instituit.

847 3949 892 4016 Dc
914 3949 1036 4016 metris.

390 4063 490 4122 Hatra
512 4064 625 4141 egregii
643 4063 734 4122 huius
753 4063 894 4123 carminis
921 4061 1216 4139 dactylo-epitritica
1239 4063 1324 4138 sunt,
1349 4065 1488 4122 avctore
1512 4061 1584 4124 sim-

303 4152 439 4229 plicitate
457 4153 549 4212 huius
567 4153 684 4231 generis
703 4153 868 4213 carminum
881 4154 927 4214 ita
940 4153 1061 4230 deflexa,
1075 4155 1111 4211 ut
1124 4153 1244 4228 praeter
1257 4150 1402 4227 tripudias
1417 4151 1585 4228 dactylicas
1682 4193 1683 4196 =

304 4242 396 4301 etiam
423 4242 609 4318 tetrapodiae
638 4243 784 4304 admissae
807 4244 869 4304 sint
893 4237 959 4326 (str.
984 4255 999 4302 6
1023 4261 1068 4318 ep.
1092 4233 1136 4322 2),
1165 4259 1242 4317 quae
1270 4241 1374 4300 eadem
1396 4241 1525 4302 variatio
1551 4245 1585 4303 in
1670 4259 1678 4278 ⁸

303 4330 484 4391 carminibus
508 4329 543 4392 Ο.
566 4351 610 4409 vr,
638 4333 670 4392 P.
694 4352 738 4411 iv,
766 4334 803 4392 N.
826 4354 859 4410 r,
886 4335 909 4393 Ι.
933 4352 953 4393 v
981 4331 1117 4393 occmrit.
1165 4330 1311 4407 Strophae
1339 4349 1443 4390 versus
1467 4333 1585 4407 primus
1682 4401 1683 4418 ,

303 4423 335 4480 et
365 4421 525 4496 secundus,
560 4421 667 4480 tertius
699 4426 730 4481 et
761 4426 888 4498 quartus
919 4422 1117 4483 continuitate
1145 4439 1337 4480 numerorum
1365 4421 1445 4479 inter
1472 4439 1503 4480 sc
1533 4443 1583 4482 co-

305 4511 426 4570 haerere
449 4510 598 4569 ridentur.
634 4511 747 4570 Verum
770 4531 839 4570 cum
863 4513 891 4571 ei
913 4511 1042 4571 licentiis
1064 4510 1167 4569 hiatus
1186 4503 1247 4580 (vv.
1263 4519 1305 4569 28.
1320 4500 1369 4590 64)
1393 4512 1424 4568 ct
1447 4510 1584 4586 syllabas
1682 4511 1683 4578 l

304 4599 444 4674 ancipitis
471 4591 532 4680 (vv.
557 4610 599 4658 37.
624 4592 681 4681 57.)
708 4601 778 4677 plus
805 4602 897 4661 semel
920 4601 1064 4678 dirempti
1093 4599 1165 4674 sint,
1189 4598 1220 4655 in
1245 4598 1380 4676 singulos
1403 4617 1507 4660 versus
1531 4621 1584 4661 eos

304 4688 483 4765 coniungere
509 4688 658 4767 dubitavi,
686 4691 782 4769 magis
810 4693 846 4749 ut
873 4711 909 4749 ne
937 4693 1055 4750 mutata
1080 4707 1222 4748 versuum
1245 4688 1451 4748 numeratione
1475 4689 1584 4750 turbas

303 4797 461 4857 moverem,
485 4796 576 4856 quam
600 4779 680 4856 quod
702 4780 895 4842 Boeckbiana
917 4780 1023 4842 divisio
1048 4779 1126 4840 mibi
1143 4777 1241 4856 magis
1264 4777 1455 4856 probabatur.
1493 4777 1585 4844 carta
