3417 5434
636 314 769 365 PYTHIA
786 315 833 366 IV.

58 487 116 534 205
138 477 326 556 φοίνισσα
349 473 386 542 δὲ
411 479 579 563 Θρηικίων
602 475 703 560 ἀγέλα
724 477 859 562 ταύρων
881 476 1028 563 ὑπᾶρχεν

137 578 207 646 καί
235 586 435 649 νεόκτιστον
458 588 567 650 λίθων
589 588 714 668 βωμοῖο
736 582 852 670 θέναρ.

120 674 181 765 Ιἐς
210 686 258 754 δὲ
283 692 446 757 κίνδυνον
468 688 729 779 βαθὺνζίέμενοι

195 796 376 863 δεσπόταν
399 802 554 864 λίσσοντο
576 809 682 884 ναῶν,

138 995 368 1080 συνδρόμων
389 995 557 1080 κινηθμὸν
579 995 801 1081 ἀμαιμάκετον
1159 1001 1239 1085 Στρ.
1265 995 1299 1062 ι’.
1323 1013 1375 1063 370

141 1100 327 1185 ἐκφυγεῖν
353 1112 487 1189 πετρᾶν.
531 1104 669 1189 δίδυμαι
697 1104 761 1190 γὰρ
789 1106 869 1169 ἔσαν
894 1105 985 1189 ζωαί,
1007 1102 1264 1170 κυλινδέσκοντό
1288 1128 1322 1169 τε

341 1213 343 1218 ’
1055 1213 1290 1298 κραιπνότεραι

59 1314 167 1399 arci)
209 1318 467 1403 βαρυγδούπων
498 1316 629 1403 ἀνέμων
662 1321 782 1403 στίχες·
824 1316 898 1383 ἀλλ’
932 1319 996 1401 ἤδη
1028 1320 1183 1384 τελευτὰν
1214 1330 1323 1395 κεῖνος

1056 1426 1157 1491 αὐταί

143 1494 319 1596 ἡμιθέων
340 1516 443 1591 πλόος
464 1516 596 1598 ἄγαγεν.
642 1514 675 1592 ές
700 1520 810 1580 Φᾶσιν
832 1512 864 1579 δ’
890 1518 1015 1580 ἔπειτεν
1156 1450 1172 1503 ς
1323 1532 1375 1581 375

147 1620 314 1701 ἤλυθον·
337 1624 423 1686 ἔνθα
445 1623 682 1687 κελαινώπεσσι
706 1625 887 1706 Κόλχοισιν
909 1626 988 1707 βίαν

147 1724 266 1810 μῖξαν
288 1728 398 1815 Αἰήτᾳ
419 1726 450 1793 τ’
475 1729 599 1817 ἀγανῷ.
643 1731 762 1794 πότνια
786 1727 818 1793 δ’
843 1728 1012 1807 ὀξυτάτων
1033 1726 1159 1813 βελέων
1324 1747 1376 1795 380

147 1838 322 1899 ποικίλαν
346 1841 446 1919 ίυγγα
468 1835 693 1922 τετράκναμον
718 1821 959 1921 Ού-λυμπόθεν

73 1958 129 2003 εισ
151 1940 198 2005 έν
227 1942 340 2029 ἀλύτῳ
365 1940 515 2020 ζεύξαισα
537 1944 657 2032 κύκλφ,

153 2136 302 2222 μαινάδ’
327 2140 425 2225 ὄρνιν
447 2138 677 2225 Κυπρογένεια
701 2138 803 2227 φέρεν
1165 2141 1249 2207 Ἀντ.
1273 2141 1309 2207 ι’.

83 2348 174 2404 ῖσδνν
198 2383 233 2390 -
254 2350 330 2405 ἐναλ.
351 2350 450 2406 1301)
467 2383 501 2391 —
521 2356 581 2406 206.
601 2349 692 2406 λίθων
710 2352 806 2408 Tricl:
826 2350 939 2407 λίθινον
958 2354 1092 2421 BODE3
1111 2350 1203 2423 θέναρ
1223 2356 1317 2426 βωμοῦ
1336 2356 1376 2409 λί·

81 2426 175 2476 θινον
202 2421 277 2476 coni.
297 2421 445 2476 Ahlwardt
463 2455 499 2463 -
517 2428 577 2477 208.
603 2423 762 2493 σύνδρομον
787 2426 817 2480 E
836 2456 863 2464 -
888 2430 947 2479 209.
974 2422 1090 2495 δίδυμαι
1116 2426 1157 2480 D:
1183 2423 1297 2495 δίδυμοι
1316 2427 1380 2481 Bc

83 2523 117 2532 -
137 2495 290 2562 κραιπνὸν
308 2496 338 2548 D
356 2496 499 2563 (accentus
523 2499 552 2548 et
575 2515 592 2549 ν
610 2495 640 2548 in
663 2496 716 2563 lit.)
742 2528 775 2535 -
802 2502 862 2551 211.
888 2494 933 2551 d‘:
959 2494 986 2565 γ’
1010 2497 1042 2564 0,
1068 2497 1143 2565 quod
1169 2514 1203 2551 ex
1228 2517 1258 2551 τε
1284 2501 1376 2551 ortum
1450 2505 1453 2510 '

83 2564 206 2618 videtur
230 2596 266 2605 -
290 2563 377 2619 ἔπειτ’
399 2565 477 2633 droit.
497 2568 538 2634 B,
562 2566 649 2620 ἔπειτ’
667 2611 672 2621 .
688 2610 694 2621 .
710 2566 750 2633 ἥλ.
771 2568 801 2621 D
823 2567 875 2636 (lit.
896 2568 969 2621 inter·
988 2588 1002 2621 τ
1021 2571 1050 2622 et
1069 2566 1096 2637 ἥ)
1117 2601 1149 2607 -
1174 2575 1234 2624 212.
1260 2587 1336 2623 -πεσι
1357 2571 1380 2621 (2¹

88 2669 118 2674 —
135 2643 206 2693 213.
220 2634 247 2690 τ’
264 2637 362 2707 ἀγανῷ
376 2637 447 2691 coni.
462 2637 643 2694 Herwerden:
657 2636 727 2707 παρ’
744 2640 819 2711 αύτῷ
833 2640 923 2707 codd,
940 2636 965 2692 τ’
983 2641 1097 2713 ἀγαυρῷ
1112 2640 1183 2695 coni.
1200 2640 1235 2696 M.
1249 2640 1376 2694 Schmidt

87 2740 121 2745 —
141 2708 223 2774 όξυτ.
241 2708 309 2763 Oet
328 2708 429 2764 schol:
448 2709 529 2764 ὠκυτ.
543 2709 613 2763 BD
632 2742 664 2749 -
684 2716 744 2765 216.
766 2710 842 2779 ἔρνιν
860 2712 888 2765 Β
907 2743 940 2751 -

86 2850 248 2975 Ιρχεαδααι
266 2866 328 2905 esse
346 2850 461 2906 conieci.
498 2851 590 2906 Aliter
602 2852 796 2907 Timosthenes
810 2853 840 2907 in
855 2853 969 2909 scholiis
983 2854 1127 2925 Apollonii
1145 2874 1165 2907 11
1183 2871 1224 2911 css
1242 2855 1282 2909 rei
1301 2856 1375 2910 diffi-

89 2940 104 2974 c
136 2926 234 2978 tatem
258 2922 389 2992 expedire
413 2925 530 2977 conatus
553 2925 608 2979 est:
635 2924 812 2995 Τιμοσθένης
834 2923 866 2980 δέ
890 2944 959 2995 φησι
981 2928 1046 2989 τοὺς
1069 2926 1120 2996 μὲν
1145 2924 1248 2995 Φρίξου
1271 2930 1377 2991 παῖδας

90 2996 208 3064 βωμοὺς
225 2995 337 3049 δώδεκα
356 2994 528 3061 ἱδρύσασθαι
546 3004 601 3050 τῶν
619 3000 705 3065 θεῶν,
723 2997 789 3058 τούς
807 2995 838 3050 δέ
856 2995 1039 3067 Ἀργοναύτας
1056 3006 1106 3051 τοῦ
1121 3000 1299 3062 Ποσειδῶνος
1316 2998 1375 3053 scil.

91 3065 209 3121 ἐναλίου
228 3097 262 3105 -
277 3071 338 3120 205.
357 3062 490 3135 φοίνισσα
506 3066 651 3148 scrupulos
666 3068 808 3121 veteribus
822 3069 1014 3139 grammaticis
1033 3068 1130 3139 movit,
1150 3070 1284 3137 quoniam
1301 3069 1376 3141 nigri

93 3138 169 3191 tauri
189 3136 319 3207 Neptuni
337 3137 411 3190 sacri
429 3141 522 3204 erant3
546 3138 611 3192 ride
635 3142 730 3193 tamen
750 3139 781 3194 O.
801 3159 851 3192 xm
870 3156 895 3195 oe
914 3172 946 3180 -
970 3144 1122 3210 Θρηικίου·
1147 3159 1210 3195 cum
1229 3142 1376 3196 delubrum

94 3208 167 3263 illnd
189 3209 221 3262 in
240 3208 368 3263 Asiatico
386 3208 469 3275 litore
487 3208 610 3280 positum
630 3214 716 3279 esset,
736 3210 858 3265 Thraces
877 3211 1060 3283 intellegendi
1080 3218 1146 3266 sunt
1164 3212 1288 3283 Bithyni,
1307 3230 1376 3282 quos

96 3280 261 3336 Herodotus
274 3299 313 3333 mr
328 3296 353 3335 rs
371 3297 405 3334 ex
424 3280 536 3350 Europa
555 3281 584 3334 in
598 3282 695 3336 Asiam
714 3282 859 3337 traiecisse
877 3284 977 3338 tradit:
998 3280 1075 3339 οὗτοι
1093 3284 1144 3354 μὲν
1159 3286 1301 3355 (Θρήικες)
1315 3288 1376 3339 δια-

97 3351 200 3423 βάντες
218 3352 271 3423 μὲν
290 3352 317 3414 ἐς
335 3352 387 3421 τὴν
401 3349 492 3421 Ἀσίην
511 3352 672 3422 ἐκλήθησαν
687 3352 854 3409 Βιθυνοί-
873 3360 933 3409 306.
952 3352 1044 3424 θέναρ
1064 3355 1172 3410 scholia
1191 3355 1376 3427 interpretan-

95 3428 140 3476 tur
163 3427 199 3478 τὸ
220 3432 272 3478 τοῦ
295 3425 390 3496 βωμοῦ
413 3422 536 3494 κυίλωμα
557 3424 590 3477 τὸ
615 3423 823 3511 ὑποδεχόμενον
846 3426 881 3480 τόι
904 3425 1034 3496 θύματα,
1058 3445 1115 3497 qua
1133 3444 1151 3481 a
1170 3428 1376 3497 significatione

97 3512 151 3548 non
175 3495 311 3549 abhorret
333 3494 402 3549 trita
425 3494 530 3551 locutio
555 3493 647 3565 θέναρ
666 3516 757 3567 χειρός
777 3530 809 3537 -
828 3504 889 3553 208.
916 3496 1123 3568 συνδρόμων..
1140 3509 1279 3569 Ιτιετρόιν,
1305 3518 1377 3569 quae

98 3568 185 3637 vulgo
204 3568 411 3637 Συμπληγάδες
429 3567 550 3621 audiunt
569 3568 673 3621 etiam
691 3569 811 3623 Homero
830 3589 850 3638 μ
869 3572 996 3624 sanotae
1016 3573 1108 3639 erant3
1133 3588 1180 3624 eas
1200 3574 1378 3641 συνορμάθας

98 3641 145 3704 (an
164 3637 392 3708 συνδρομάδαςλ)
412 3638 583 3693 Simonidem
601 3640 706 3694 dixisse
725 3640 815 3694 tradit
833 3640 919 3695 schol.
934 3641 999 3697 Eur.
1014 3641 1115 3697 Meda
1135 3673 1167 3682 -
1186 3649 1246 3698 210.
1266 3643 1377 3713 ἀνέμων

99 3714 200 3781 στίχες·
225 3713 374 3763 ventorum
397 3712 544 3778 tamquam
562 3710 637 3763 acies
656 3711 730 3766 inter
747 3729 777 3765 se
796 3712 945 3781 confligere
965 3712 1096 3768 dicuntur
1115 3746 1147 3753 -
1167 3720 1226 3769 212.
1246 3717 1377 3769 κελαινό-

99 3800 190 3837 ιιεσσι·
205 3782 301 3834 fuscos
315 3780 428 3835 finxisse
442 3786 527 3851 poeta
540 3780 653 3836 videtur
667 3783 793 3852 Colchos,
807 3784 884 3851 quod
899 3784 1009 3839 Oceano
1025 3788 1054 3839 et
1068 3784 1252 3839 orientalibus
1264 3786 1376 3839 Aethio-

100 3853 181 3921 pibus
206 3852 379 3923 propinquos
402 3870 450 3907 eos
469 3870 530 3907 esse
549 3854 733 3923 opinabatur3
758 3855 872 3909 eosdem
890 3858 985 3909 tamen
1004 3856 1091 3910 etiam
1114 3856 1214 3911 Herod.
1234 3876 1254 3909 11
1275 3874 1312 3911 ros
1331 3876 1377 3927 με·

100 3924 237 3996 λάγχροας
250 3923 338 3978 fnisse
350 3924 449 3993 tradit,
460 3942 507 3979 eos
522 3925 558 3979 ab
568 3926 716 3997 Aegyptiis
730 3926 870 3981 militibus
885 3930 960 3981 ortos
975 3944 1036 3981 esse
1050 3930 1140 3995 ratus,
1156 3928 1228 3985 conf.
1242 3928 1376 3998 Lycophr.

102 4012 148 4051 rara
172 4001 202 4051 et
225 3994 388 4067 Holzingeri
415 4013 514 4050 comm.
533 3999 570 4052 ad
594 3998 620 4052 h.
641 3997 659 4052 l.
679 4030 712 4038 —
737 4004 787 4051 212
803 4016 824 4053 s.
853 3996 919 4070 βίαν
942 3996 1038 4068 μίξαν·
1067 3998 1212 4053 Disaenius
1235 4000 1376 4054 Boeokhio

102 4073 212 4123 auctore
231 4069 411 4139 Argonautas
431 4068 534 4122 statuit
550 4069 684 4139 primum,
704 4086 767 4124 cum
785 4070 883 4123 urbem
901 4073 1042 4139 peterent,
1057 4088 1075 4125 a
1089 4070 1199 4125 Colchis
1218 4070 1376 4141 prohibitos

101 4155 157 4193 esse
182 4143 213 4195 et
238 4138 325 4193 armis
348 4138 425 4192 viam
451 4139 506 4194 sibi
531 4158 656 4210 parasse,
683 4140 784 4195 deinde
808 4145 903 4195 autem
922 4142 996 4196 inter
1014 4142 1132 4197 Colchos
1151 4144 1180 4197 et
1197 4144 1377 4213 Argonautas

102 4212 276 4278 convenisse,
300 4213 332 4263 ut
354 4210 445 4264 vellus
469 4212 553 4266 certis
577 4212 789 4267 condicionibus
808 4213 978 4267 redderetur.
1016 4214 1055 4267 At
1077 4214 1129 4268 hoc
1153 4214 1236 4268 nimis
1261 4216 1377 4269 obscure

102 4287 181 4350 poeta
204 4285 363 4351 narrasset,
388 4284 570 4350 quamobrem
595 4284 695 4338 dubito
719 4300 756 4338 an
774 4284 877 4338 rectius
897 4284 1051 4339 scholiasta
1070 4286 1156 4339 verba
1174 4286 1376 4356 interpretatus

104 4354 147 4409 sit:
165 4352 233 4428 βίαν
252 4351 350 4424 μίξαν·
369 4354 433 4407 ἀντὶ
452 4364 501 4408 τοῦ
521 4359 673 4425 συνῆλθον,
687 4356 873 4426 ίπιμιχθήναι
888 4354 1024 4427 ἐποίησαν
1037 4358 1089 4425 τὴν
1105 4356 1211 4411 ἑαυτῶν
1226 4360 1292 4430 βίαν
1307 4356 1377 4412 ἐκεί-

105 4445 165 4495 νοις,
182 4422 328 4480 τοπέστιν
347 4422 480 4496 ἐμόγησαν
499 4428 594 4491 αύτοῑς
608 4460 642 4468 -
657 4433 718 4481 214.
738 4426 835 4497 ἴυγγα·
854 4427 990 4495 torquilla
1009 4445 1057 4482 seu
1076 4428 1218 4484 verticilla
1236 4429 1297 4484 avis
1317 4446 1376 4483 mo-

104 4496 210 4552 bilitate
234 4512 287 4550 sua
306 4496 492 4566 agitationem
509 4499 667 4554 aestuantis
681 4498 784 4553 amoris
800 4498 959 4570 significare
973 4498 1132 4570 videbatur,
1147 4500 1221 4554 unde
1236 4500 1265 4553 in
1279 4500 1377 4557 incan-

105 4569 255 4623 tationibus
271 4584 306 4621 ea
319 4568 471 4622 utebantur
489 4570 603 4641 illigata
622 4575 709 4640 rotae,
728 4586 814 4639 qnam
833 4570 1075 4641 circumagebant,
1094 4572 1146 4627 hoc
1166 4575 1260 4626 autem
1280 4572 1375 4627 incan-

105 4641 212 4695 tationis
232 4656 324 4710 genus
343 4640 481 4695 Venerem
499 4645 560 4696 tum
578 4643 711 4712 primum,
738 4645 770 4694 ut
797 4642 928 4695 Iasonem
952 4643 1203 4712 snumadiuvaret,
1231 4644 1266 4698 de
1295 4643 1376 4699 caelo

106 4712 266 4767 mortalibus
284 4710 414 4765 intulisse
431 4715 517 4782 poeta
534 4714 629 4785 fingit3
649 4715 682 4769 cf.
702 4714 737 4769 N.
751 4734 779 4767 ιι
793 4730 819 4768 35
833 4714 908 4783 ίυγγι
927 4712 1041 4785 ἕλκομαι
1060 4710 1135 4784 ἦτορ,
1155 4715 1248 4771 Plaut.
1268 4715 1374 4771 Oistell.

106 4801 123 4835 11
139 4802 187 4853 1,s
210 4798 306 4841 versor
324 4784 355 4837 in
372 4788 471 4839 amoris
493 4793 555 4841 rota
577 4790 659 4841 miser
679 4819 710 4828 —
1343 4824 1349 4836 ·

1022 4952 1025 4959 ²
1113 4876 1164 4930 11*
