3417 5434
337 320 403 384 302
813 324 962 375 amasai
980 325 1143 377 amnicis.

338 490 467 567 denique
487 490 617 551 dissidiis
631 490 753 551 Adrasti
772 494 803 551 et
817 490 993 569 Amphiarai
1013 491 1136 552 dissidia
1154 492 1299 551 Theronis
1317 496 1348 551 et
1365 492 1506 552 Hieronis
1524 492 1621 569 signi·

340 579 422 639 ficari
445 580 528 659 dixit,
552 599 588 639 oa
611 581 707 659 magis
730 580 882 659 ingeniose
905 580 1075 659 excogitata
1098 599 1189 657 qnam
1206 580 1412 657 probabilibus
1430 583 1623 661 argumentis

338 668 513 729 confirmata
532 688 594 729 esse
613 669 717 729 sentio.
732 669 834 729 —Dc
853 670 933 729 ludis
951 669 1069 745 Pythiis
1088 669 1235 744 Sicyoniis
1253 670 1339 730 docte
1357 689 1454 747 nuper
1466 690 1619 731 commen·

338 760 422 817 tatus
452 762 498 817 est
528 758 689 837 Luebbert,
719 758 783 817 Ind.
811 759 877 818 lect
906 759 1001 818 Bonn.
1031 753 1183 837 1883s843
1213 759 1268 819 hos
1297 764 1400 819 autem
1429 760 1517 821 ludos
1547 780 1620 819 cum

339 848 506 907 Clisthenes
529 850 675 924 tyrannus
699 848 887 925 instituisset,
910 850 1000 924 poeta
1026 848 1064 906 ad
1086 848 1250 907 Adrastum
1273 853 1427 909 auctorem
1449 849 1618 925 mythicum

339 937 466 997 rettulit.
487 970 527 977 ·—
548 938 654 997 Uumli
671 956 798 1013 pompae
822 936 954 996 Chromii
972 938 1028 996 hac
1046 938 1105 997 oda
1122 937 1292 997 illustratas
1318 929 1361 1019 (v.
1375 933 1408 1018 4)
1426 939 1618 1014 triumphum

338 1027 505 1085 Romanum
536 1028 668 1087 conferre
699 1026 797 1105 iuvat,
827 1031 863 1085 ut
893 1026 945 1103 qui
975 1046 1010 1086 ex
1040 1027 1207 1086 imitatione
1236 1028 1366 1087 Graecae
1395 1028 1619 1088 comissationis

339 1118 429 1174 natus
457 1134 519 1175 esse
543 1116 693 1191 videatur3
723 1116 882 1192 utriusque
905 1118 1007 1175 autem
1030 1116 1086 1177 boc
1110 1134 1229 1193 quoque
1253 1136 1408 1177 commuue
1431 1116 1504 1191 suit,
1535 1119 1618 1193 quod

339 1223 480 1281 pompam
508 1204 697 1284 magnificam
724 1206 832 1281 epulae
860 1205 997 1281 publicae
1025 1209 1056 1263 et
1083 1206 1164 1266 lacta
1191 1206 1344 1283 symposia
1371 1198 1413 1287 (v.
1432 1198 1482 1287 51)
1511 1225 1619 1282 seque·

339 1294 457 1354 bantur.

428 1383 463 1441 ln
495 1383 646 1460 prooemio
679 1383 779 1443 Musas
812 1386 903 1459 poeta
934 1384 1057 1461 invitat,
1089 1387 1126 1441 ut
1154 1402 1255 1445 secam
1284 1385 1388 1443 urbem
1411 1384 1540 1443 Aetnam
1574 1386 1617 1442 in·

340 1476 432 1551 trent,
465 1473 518 1531 ubi
550 1471 723 1532 Chromium
755 1472 912 1549 victorem,
945 1473 997 1549 qui
1029 1473 1091 1531 iam
1119 1474 1333 1549 triumphalem
1362 1492 1483 1533 currum
1513 1493 1616 1533 ascen-

339 1562 428 1640 derit,
460 1562 570 1637 hymno
603 1561 730 1637 epinicio
763 1566 870 1621 ornent
901 1554 1025 1643 (1-10).
1070 1563 1183 1622 Montio
1215 1563 1355 1623 ludorum
1385 1562 1522 1639 Adrasti,
1546 1565 1615 1639 qui-

338 1652 394 1710 bus
418 1650 576 1710 Chromius
604 1668 743 1712 coronam
771 1654 934 1727 meruerat,
964 1668 1068 1711 ansam
1096 1656 1202 1727 poetae
1230 1651 1353 1728 praebet
1379 1652 1522 1711 narrandi
1550 1653 1615 1711 fata

338 1740 461 1799 Adrasti
490 1740 613 1816 eiusque
643 1740 744 1818 generi
775 1739 951 1816 Amphiarai
981 1732 1125 1821 (ro-27).
1178 1740 1243 1800 Iam
1271 1740 1449 1817 Amphiarai
1479 1742 1555 1821 fuga
1585 1747 1616 1800 et

338 1830 463 1890 interitu
492 1832 658 1889 commotus
682 1828 784 1889 Iovem
810 1831 962 1907 precatur,
993 1849 1029 1887 ne
1058 1830 1185 1889 similem
1212 1830 1244 1889 in
1271 1830 1386 1890 cladem
1413 1830 1512 1889 Aetna
1540 1830 1615 1890 urbs

337 1920 461 1996 eiusque
484 1919 599 1978 strenui
626 1918 705 1979 cives
727 1918 882 1977 incurrant
905 1910 1053 2001 (28-33),
1084 1918 1163 1978 inter
1190 1938 1266 1996 qnos
1294 1918 1467 1978 thromium
1489 1920 1614 1997 pudore,
1639 1933 1652 1957 ·

336 2008 503 2086 prudentia,
526 2008 634 2067 bellica
657 2007 746 2067 laude
770 2007 898 2067 eminere
923 2007 1030 2067 laudat
1052 2000 1215 2091 (34-43).Ι
1235 2007 1284 2068 Sic
1306 2027 1375 2067 cum
1397 2028 1417 2067 a
1439 2008 1551 2068 fabulis
1575 2010 1614 2068 ad

336 2117 400 2158 rem
418 2100 605 2175 praesentem
623 2097 775 2175 ingeniose
793 2096 939 2175 rediisset,
954 2097 985 2156 iu
1004 2098 1122 2176 epilogo
1141 2096 1281 2156 carminis
1295 2097 1469 2158 Chromium
1487 2098 1615 2176 dignum

338 2206 400 2247 esse
428 2186 594 2263 praedicat,
625 2186 677 2262 qui
705 2186 790 2246 lauro
818 2188 907 2263 parta
930 2186 1088 2246 inserena
1116 2189 1268 2246 senectute
1296 2187 1429 2264 fruatur,
1459 2190 1491 2245 et
1520 2194 1615 2247 semet

338 2277 437 2353 ipsum
454 2277 636 2352 chorumque
653 2276 772 2352 excitat,
783 2277 827 2334 'nt
840 2276 911 2336 vina
930 2294 965 2335 ex
983 2275 1133 2354 argenteis
1151 2276 1269 2353 phialis,
1284 2295 1360 2352 quas
1374 2276 1426 2335 ille
1444 2278 1614 2353 praemium

337 2366 492 2443 acceperit,
515 2364 649 2424 bibentes
671 2364 800 2425 virtutos
822 2364 945 2425 victoris
968 2364 1143 2441 triumphali
1166 2365 1254 2425 modo
1277 2365 1438 2425 illustrent.

883 2517 927 2585 lle
950 2520 1072 2585 metris.

426 2632 551 2693 Carmen
581 2632 886 2710 praestantissimum,
917 2633 998 2709 quod
1027 2634 1063 2691 ut
1091 2632 1124 2691 in
1151 2651 1263 2710 pompa
1286 2632 1324 2692 ad
1352 2633 1533 2710 hospitalem
1562 2635 1613 2693 do·

338 2742 419 2783 mum
443 2723 566 2783 victoris
589 2722 774 2782 instituenda
797 2720 921 2781 citharis
939 2722 1082 2799 tibiisque
1101 2721 1305 2782 accinentibus
1323 2725 1505 2801 cantaretur,
1524 2724 1613 2783 desti·

337 2815 443 2871 natum
466 2812 527 2870 fnit
549 2804 610 2893 (vv.
631 2824 707 2871 1-3.
728 2804 772 2893 Β),
797 2811 834 2869 ad
858 2830 991 2871 severam
1014 2815 1045 2871 et
1068 2810 1383 2888 antiquam‘normam
1405 2812 1614 2889 dactylo-epi-

338 2902 507 2962 triticorum
526 2901 682 2960 modorum
700 2901 899 2976 compositum
917 2903 970 2961 est
1008 2900 1113 2977 Epodo
1132 2901 1213 2977 quod
1232 2904 1321 2978 caret,
1342 2901 1408 2961 eius
1430 2920 1523 2961 causa
1546 2903 1612 2961 inde

339 2991 500 3066 repetenda
522 2993 575 3067 est,
600 2990 679 3067 quod
703 2990 789 3065 epodi
812 2993 914 3066 partes
937 2990 1038 3049 nullae
1059 2993 1145 3049 erant
1162 2991 1288 3050 carmini
1305 2990 1338 3049 iu
1355 3010 1468 3067 pompa
1486 3010 1505 3049 a
1524 2992 1612 3051 choro

338 3080 493 3158 gradientc
526 3080 689 3153 cantando3
719 3078 755 3137 cf.
779 3079 857 3138 Prol.
881 3098 921 3137 nx
948 3082 980 3137 et
1006 3098 1068 3157 arg.
1091 3080 1124 3140 P.
1148 3098 1200 3138 111.
1245 3080 1410 3139 Metrorum
1440 3080 1548 3139 divisio
1579 3088 1613 3138 ut

338 3169 475 3245 passibus
505 3168 669 3245 gradientis
699 3168 781 3228 chori
811 3168 1098 3246 accommodaretur,
1129 3171 1228 3228 totum
1255 3169 1311 3229 hoc
1333 3188 1453 3228 carmen
1477 3169 1615 3228 similiter

339 3262 430 3334 atque
458 3258 591 3318 carmina
621 3256 655 3317 0.
675 3276 737 3315 v111.
766 3257 798 3317 P.
817 3276 862 3315 xrr
884 3258 915 3316 in
938 3257 1075 3334 dipodias
1103 3258 1295 3318 dividendum
1323 3262 1354 3317 et
1376 3258 1524 3335 tripediae
1546 3260 1613 3317 dao-

339 3348 447 3423 tylicas
474 3348 504 3406 in
536 3347 682 3405 ambitum
710 3345 849 3405 binarum
876 3346 1066 3423 dipodiarum
1089 3347 1287 3406 extendendas
1309 3348 1489 3407 curavimus.
1536 3349 1612 3407 Pau-

340 3456 442 3496 sarum
465 3456 534 3495 vero
558 3437 619 3495 sive
643 3434 779 3494 inanium
806 3438 976 3512 temporum
1004 3438 1087 3497 sedes
1110 3441 1141 3496 et
1163 3437 1294 3496 ambitus
1316 3436 1381 3514 ipso
1405 3440 1501 3497 metro
1525 3442 1612 3513 poeta

340 3524 484 3602 definivit,
507 3525 565 3583 nisi
589 3526 669 3601 quod
691 3524 833 3584 ultimum
857 3542 976 3583 versum
999 3545 1017 3583 a
1040 3526 1233 3602 praecedente
1260 3529 1365 3585 utrum
1394 3526 1479 3586 nullo
1501 3546 1541 3585 an
1563 3546 1611 3585 sex

340 3619 508 3691 temporum
523 3614 682 3673 intervallo
697 3612 878 3690 diremptum
897 3615 989 3673 fuisse
1003 3619 1099 3691 putes,
1114 3614 1251 3674 dubitare
1265 3614 1374 3692 possis3
1396 3616 1433 3675 of.
1448 3616 1527 3676 Prol.
1542 3634 1609 3674 nvn.

340 3704 424 3774 Quod
454 3706 555 3763 autem
583 3704 663 3764 solus
690 3703 817 3761 ultimus
840 3723 944 3763 versus
971 3705 1111 3780 strophae
1135 3704 1172 3763 ab
1196 3705 1334 3763 anacrusi
1361 3704 1481 3783 incipit,
1504 3705 1559 3763 hac
1580 3724 1609 3763 rs

339 3793 472 3852 ordinem
494 3792 696 3868 rhythmicum
720 3792 757 3851 ad
780 3790 869 3851 finem
892 3792 1025 3853 converti
1055 3793 1256 3871 significatum
1283 3797 1336 3853 est
1383 3794 1520 3870 Denique
1547 3798 1607 3853 tota

338 3883 461 3959 stropha
481 3902 515 3943 ex
534 3881 630 3941 tribus
649 3880 786 3957 partibus
805 3883 930 3958 constat,
954 3882 1070 3941 duabus
1088 3882 1312 3959 principalibus,
1336 3902 1465 3959 quarum
1482 3886 1606 3959 utraque

339 3992 373 4030 ex
400 3972 478 4031 binis
508 3970 641 4031 versibus
669 3970 845 4047 aequalibus
873 3971 1038 4048 composita
1066 3976 1112 4030 est
1139 3964 1200 4052 (vv.
1221 3982 1289 4030 1-t
1312 3972 1344 4031 et
1368 3966 1466 4053 3-4),
1494 3976 1526 4031 et
1549 3990 1604 4029 una

338 4061 462 4137 epodica
486 4055 526 4141 (v.
547 4054 586 4141 a),
610 4077 686 4137 quae
710 4059 852 4138 gravibus
875 4060 1005 4137 epitritis
1028 4079 1147 4120 carmen
1170 4060 1291 4121 claudit.

394 4215 600 4300 Κωμάοομεν
622 4214 700 4301 παρ’
724 4213 930 4291 ’Λπόλλωνος
953 4219 1166 4298 Σικυωνόθε,
1190 4220 1332 4297 Μοῖσαι,
1418 4221 1499 4301 Στρ.
1517 4216 1556 4281 α’.

394 4324 455 4387 τάν
472 4326 665 4388 νεοκτίσταν
684 4322 717 4399 ἐς
736 4328 875 4405 Αἴτναν,
894 4322 967 4387 ἔνθ’
989 4321 1253 4407 ἀναπεπταμέναι
1272 4321 1391 4399 ξείνων
1413 4329 1556 4389 νενίκαν-

340 4484 382 4491 -
396 4486 496 4491 -.-..
518 4486 552 4492 ᾖ
1323 4454 1376 4494 ται
1399 4432 1518 4516 θύραι,
1587 4445 1600 4490 5

412 4588 492 4623 vrum
512 4589 615 4627 nacmo.
653 4572 735 4627 lnscr.
756 4588 810 4627 cm.
830 4570 892 4625 BD
912 4602 944 4611 -
964 4576 989 4626 2.
1009 4570 1037 4633 ἐς
1055 4572 1099 4626 D:
1118 4570 1158 4635 εἰς
1176 4572 1204 4625 Β
1223 4602 1256 4612 ·-

413 4732 600 4767 conaannrau.
638 4732 663 4768 v.
681 4720 703 4769 1.
723 4711 792 4783 παρ’
811 4712 976 4776 traditores
995 4713 1170 4784 Σικυωνόθε,
1188 4732 1205 4767 a
1220 4714 1294 4767 ludis
1309 4712 1448 4785 Apollinis
1463 4710 1600 4783 Sicyonem,

342 4784 370 4837 iu
393 4784 495 4853 quibos
515 4784 660 4839 Chromius
679 4786 798 4853 vicerat,
822 4786 856 4840 cf.
877 4784 949 4840 Prol.
968 4804 1013 4838 xci
1033 4813 1065 4827 -
1090 4791 1115 4841 2.
1139 4784 1313 4841 νενίκανται·
1338 4788 1452 4840 tanturn
1469 4800 1602 4839 numerum
