3417 5434
655 326 780 409 uuum
798 359 830 409 v,

157 521 220 587 τάν
241 518 315 587 κοτ’
341 519 506 605 εὔανδρόν
529 542 563 585 τε
586 516 641 583 καί
663 520 889 586 ναυσικλυτὰν

101 644 137 692 1o
156 626 323 694 θέσσαντο
345 627 413 712 κδιρ
435 626 549 712 βωμὸν
571 624 711 710 πατέρος
728 624 903 693 Ἑλλανίου

157 734 308 817 στάντες,
330 738 452 799 πίτναν
474 731 504 798 τ’
530 735 577 811 εἰς
600 732 720 818 αἰθέρα
742 730 855 819 χεῖρας
878 732 945 817 ἁμᾶ

153 840 326 917 Ἐνδαΐδος
349 839 529 927 άρίννωτες
551 838 620 907 vicl
643 838 698 905 καί
721 843 778 925 βία
803 841 926 906 Φώκου
947 838 1115 925 κρέοντος,

156 1055 175 1120 ὁ
198 1064 258 1131 τᾶς
280 1061 379 1139 θεοῦ,
403 1053 442 1121 δν
471 1055 648 1138 Ψαμάθεια
671 1052 754 1120 τίκτ’
780 1053 833 1119 cul
855 1054 991 1141 ῥηγμῖνι
1013 1057 1148 1119 πόντου.
1197 1051 1263 1119 'Fau
1282 1051 1325 1119 α’.

155 1160 308 1247 αἰδέομαι
330 1160 413 1247 μέγα
435 1167 562 1226 ίειπελν
585 1160 621 1227 έν
644 1162 720 1249 δίκᾳ
743 1186 778 1227 τε
800 1163 844 1247 μὴ
867 1160 1173 1246 κεκινδυνευμένον,
1345 1178 1379 1225 au
1432 1174 1436 1182 '

99 1286 134 1333 ιι
155 1279 227 1347 πῶς
250 1270 291 1353 δὴ
316 1272 413 1333 λίπον
436 1267 553 1333 εὐκλέα
575 1277 689 1353 νᾶσον,
712 1266 767 1334 καλ
789 1272 840 1346 τίς
862 1270 988 1354 ἄνδρας
1010 1268 1168 1353 ἀλκίμους

156 1378 288 1461 δαίμων
311 1374 367 1441 ἀπ’
394 1375 546 1452 Οἰνώνας
569 1378 693 1443 ἔλασεν.

202 1483 372 1568 στάσομαι.
418 1483 459 1547 οῦ
482 1505 534 1547 τοι
557 1482 666 1547 άπασα
688 1484 830 1569 κερδίων

154 1596 316 1677 φαίνοισα
338 1591 517 1675 πρόσωπον
541 1586 671 1655 ἀλάθει’
697 1588 840 1675 άτρεκές·

153 1696 211 1763 καί
234 1698 271 1763 τὸ
295 1705 393 1780 σιγᾶν
415 1696 573 1773 πολλάκις
595 1694 664 1762 ἐστὶ
687 1698 883 1782 σοφώτατον
905 1696 1074 1788 ἀνθρώπω
1096 1710 1224 1784 νοῆσαι.

155 1913 189 1976 εἰ
211 1908 243 1977 δ’
269 1912 371 1995 ὄλβον
393 1909 413 1994 ἢ
437 1921 557 1996 χειρῶν
578 1914 658 1995 βίαν
1183 1918 1263 2000 Στρ.
1280 1912 1326 1997 β’.

201 2017 221 2102 ἢ
245 2018 420 2102 σιδαρίταν
444 2016 616 2102 ἐπαινῆσαι
639 2021 784 2104 πόλεμον
806 2019 996 2105 δεδόκηται,
1019 2021 1127 2106 μακρά
1149 2044 1206 2106 μοι
1344 2039 1378 2087 35

173 2254 216 2303 λθ.
237 2247 381 2310 ἑνδαΐδεος
399 2246 429 2303 D
447 2278 481 2287 -
502 2252 543 2303 13.
564 2244 597 2303 δν
616 2248 742 2305 Schmid:
765 2248 816 2305 τὸν
833 2250 902 2307 BD
924 2282 957 2290 —
980 2247 1071 2304 τίκατ’
1096 2251 1127 2305 D
1148 2282 1184 2292 —
1206 2250 1252 2305 έπλ
1274 2250 1378 2323 forins.

95 2322 270 2387 Mommsan3
297 2317 368 2373 conl.
388 2317 418 2373 P.
437 2337 448 2371 1
466 2334 493 2373 ss
516 2350 548 2360 -
574 2325 615 2373 15.
641 2320 676 2389 δὴ
696 2321 737 2376 B:
762 2319 794 2375 ol
812 2321 843 2377 D
865 2352 899 2363 —
924 2326 967 2377 1⁷.
992 2318 1106 2389 ἀτρεκές
1130 2321 1234 2393 Bergk:
1261 2323 1379 2392 ἀτρεκής

96 2394 205 2462 (aaran.
225 2391 265 2461 D)
283 2390 346 2445 BD
365 2422 399 2431 —
420 2396 460 2445 19.
480 2392 570 2459 σιδαρ.
590 2391 699 2461 Heyne:
720 2394 808 2461 σιδηρ.
827 2393 891 2448 BD
910 2424 943 2433 -

97 2539 217 2604 Βακχᾶν
242 2529 413 2603 ματρόπολιν
441 2532 549 2605 Θήβαν)
575 2532 728 2604 significat3
754 2537 852 2588 contre
870 2534 996 2606 vulgaris
1014 2534 1057 2589 ris
1075 2534 1167 2604 urbis,
1193 2552 1266 2606 quae
1288 2540 1378 2591 mater

96 2605 222 2659 aliarum
247 2602 359 2657 urbium
382 2603 479 2671 fuerit,
503 2603 594 2659 eidem
617 2604 724 2659 nomini
752 2608 795 2660 est
823 2606 853 2661 P.
872 2624 902 2659 ιν
920 2621 946 2661 so
965 2638 996 2647 -
1017 2611 1085 2663 tes.
1108 2606 1207 2663 schol:
1231 2610 1301 2677 φασλ
1323 2609 1377 2678 γάρ

94 2679 209 2748 αόημοῦ
231 2693 299 2729 ποτε
322 2674 464 2741 πιέζοντος
486 2675 538 2801 τἠν
557 2674 692 2745 Ἑλλάδα,
717 2676 787 2731 ἔνιοι
812 2677 843 2731 δὲ
869 2682 1077 2747 κατακλυσμοῦ,
1101 2676 1291 2743 συνελθόντας
1312 2681 1378 2743 τοῦς

88 2745 230 2817 Ἕλληνας
261 2749 461 2801 καθικετεῦσαι
491 2766 541 2801 τν
571 2748 675 2803 Αλακδν
705 2748 741 2811 ὡς
769 2747 837 2803 ὄντα
864 2751 954 2803 παῖδα
982 2747 1063 2818 Διός,
1090 2748 1293 2817 ἐξαιτήσασθαι
1320 2760 1375 2805 τῶν

92 2818 157 2874 τότε
188 2817 347 2874 συστάντων
375 2826 470 2873 κακῶν
497 2818 548 2887 τὴν
576 2818 666 2874 ἰασιν·
699 2827 800 2875 τοῦτον
832 2818 864 2874 δέ
897 2818 1051 2889 εὐξάμενον
1078 2822 1314 2889 ἀποθεραπεῦσαι
1339 2822 1375 2877 τὰ

94 2889 193 2955 δεινά,
220 2890 268 2943 καλ
293 2886 364 2944 σῦτω
390 2890 438 2943 διὰ
464 2890 516 2959 τὴν
542 2898 591 2959 τῆς
615 2888 748 2954 Ἑλλάδος
775 2888 915 2960 σωτηρίαν
939 2890 1085 2959 Ἑλλήνιον
1111 2892 1190 2961 παρὰ
1217 2902 1275 2957 τοῖς
1302 2894 1375 2963 Αἰγι-

94 2962 197 3029 νήταις
211 2964 377 3031 τετιμῆσθαι
397 2958 465 3015 Δία·
486 2977 541 3031 quo
561 2978 624 3015 cum
642 2960 748 3017 scholio
763 2962 927 3033 conspirant
941 2963 1026 3018 schol.
1042 2962 1076 3017 N.
1091 2982 1141 3017 rm
1156 2981 1188 3019 ιο.
1208 2965 1290 3021 isocr.
1305 2982 1326 3034 s,
1343 2982 1374 3021 ιι.

94 3032 211 3087 Diodor.
230 3050 259 3085 rr
276 3048 309 3087 σι.
342 3032 464 3087 Fauen
483 3048 517 3101 aa,
537 3048 556 3087 ι.
575 3052 586 3085 r
604 3049 638 3101 ιι,
657 3049 678 3089 ο.
715 3034 753 3087 At
771 3033 841 3087 haec
859 3033 959 3089 fabula
976 3051 1032 3088 non
1070 3051 1163 3089 rorsus
1190 3035 1220 3089 in
1242 3035 1317 3091 hunc
1335 3036 1376 3091 lo·

93 3122 161 3158 cum
194 3102 328 3173 quadrat,
362 3102 590 3172 quandoquidem
617 3103 663 3158 hic
690 3108 775 3175 poeta
802 3122 859 3159 non
885 3122 1014 3175 proceres
1066 3106 1189 3175 rasciae,
1223 3107 1273 3162 sed
1303 3107 1375 3163 filios

93 3174 185 3231 Aeaci
211 3173 342 3229 manibus
370 3174 491 3229 sublatis
519 3176 630 3230 orantes
658 3175 741 3244 facit,
763 3175 819 3231 nisi
843 3176 915 3231 forte
937 3176 1065 3231 homines
1108 3180 1250 3245 recantes,
1274 3178 1376 3249 quiin

93 3246 239 3301 vestibulo
257 3244 360 3300 Asacei
384 3244 519 3301 delineati
544 3250 627 3301 erant
651 3250 687 3315 (v.
706 3247 788 3301 Paus.
807 3267 828 3301 ιι
847 3265 881 3317 ιο,
901 3252 923 3316 τ)
948 3251 1009 3303 tum
1035 3196 1149 3316 quilem
1173 3248 1296 3304 Pindaro
1323 3250 1375 3303 filii

94 3318 184 3373 Aeaci
210 3316 471 3385 ascendebantur,
495 3320 596 3387 postea
618 3321 713 3372 autem
735 3318 831 3389 prole
871 3319 908 3373 tis
927 3318 1098 3374 Graecarum
1116 3319 1277 3375 eivitatium
1296 3320 1375 3375 auxi·

93 3389 167 3443 lium
189 3388 230 3459 pii
248 3387 335 3443 Aeaci
358 3387 575 3459 implorantibus
598 3389 642 3459 (N.
657 3408 707 3443 rnr
723 3394 757 3459 ιο)
775 3335 915 3445 sufflati
934 3394 1013 3459 sunt,
1036 3407 1122 3460 quam
1139 3408 1198 3446 rem
1217 3392 1307 3446 fusius
1326 3410 1372 3447 er·

92 3460 179 3530 posui
201 3460 231 3513 in
254 3459 329 3514 Stzb.
350 3459 376 3514 d.
395 3459 422 3515 b.
441 3460 494 3515 Al.
515 3464 583 3513 1895
606 3478 732 3542 p.1oss.
757 3494 790 3502 —
812 3467 852 3515 10.
872 3459 1026 3518 θέσσαντο·
1047 3462 1166 3532 ‘precati
1190 3465 1266 3518 sunt’
1287 3463 1374 3535 vulgo

93 3534 222 3587 veterum
241 3530 487 3602 grammaticorum
506 3534 704 3585 auctoritatem
722 3532 812 3588 secuti
830 3531 1064 3604 interpretantur3
1083 3533 1214 3603 equidem
1232 3532 1373 3590 θέσσαντο

93 3618 186 3673 aeque
200 3604 286 3671 atque
300 3600 407 3657 θέτταν
423 3601 453 3657 Ο.
469 3620 479 3655 ι
493 3618 519 3659 oo
533 3618 551 3657 a
564 3602 649 3657 verbo
662 3601 763 3673 τίθημι
777 3604 945 3660 descendere
959 3605 1031 3659 duco
1045 3621 1137 3675 noque
1146 3605 1229 3661 rideo
1243 3623 1298 3675 quo
1312 3606 1373 3661 iure

93 3692 170 3729 nora
193 3676 223 3727 et
244 3672 375 3727 inaudite
397 3673 478 3728 radix
502 3677 556 3729 θεσ
579 3691 696 3745 graecae
720 3674 835 3745 linguae
861 3676 1037 3731 obtrudatur.
1075 3676 1150 3730 Nam
1172 3677 1222 3746 qui
1245 3677 1282 3731 ad
1301 3677 1375 3733 hanc

93 3745 274 3813 sententiam,
293 3761 378 3813 quam
397 3744 484 3799 etiam
499 3744 619 3816 Georgio
634 3744 729 3800 Curtio
744 3746 851 3817 Etym.⁶
864 3764 905 3803 rso
917 3746 1058 3818 placuisse
1077 3748 1171 3812 miror,
1190 3749 1374 3819 comproban-

93 3817 163 3871 dam
181 3814 334 3870 afferuntur
352 3815 408 3870 loci
426 3817 451 3869 A
489 3815 519 3871 ll.
534 3818 598 3887 Arg.
613 3836 623 3869 r
638 3834 677 3872 ssa
696 3820 725 3871 et
743 3816 910 3873 Callimachi
928 3820 1023 3887 hymn.
1037 3838 1066 3872 vr
1078 3835 1106 3873 ιε
1119 3817 1374 3874 Alexandrinorum

93 3892 242 3958 poetarum
260 3890 340 3954 sunt,
362 3887 447 3942 Hesio
469 3887 478 3941 i
497 3890 593 3942 autam
611 3890 640 3943 et
658 3887 820 3969 Agohilochi
839 3889 961 3945 laciniae
980 3890 1121 3945 breviores
1141 3894 1219 3957 sunt,
1238 3908 1324 3960 quarn
1343 3894 1375 3945 ut

93 3960 249 4029 quidquam
268 3976 302 4013 ex
320 3958 355 4012 iis
374 3958 538 4025 concludam
557 3962 647 4014 restat
664 3978 751 4014 unum
769 3960 949 4017 Homericum
962 3959 1122 4024 ἀπόθεστος
1136 3962 1187 4017 Οδ.
1203 3984 1219 4029 ρ
1234 3979 1282 4030 κισ,
1297 3962 1372 4030 quod

93 4030 169 4085 falsa
187 4030 321 4099 analogia
340 4028 471 4085 similiter
489 4032 574 4099 atqua
592 4032 746 4095 θεόσδοτσς
764 4048 897 4088 excusare
915 4032 991 4087 malo
1010 4050 1096 4101 quam
1108 4034 1147 4087 ad
1161 4050 1265 4088 novam
1283 4050 1374 4103 nequo

93 4101 123 4156 in
147 4101 247 4157 ceteris
271 4102 375 4171 linguis
394 4102 484 4156 Aricia
508 4105 673 4172 usurpatam
697 4102 820 4159 radicem
838 4109 891 4166 θες
909 4104 1089 4158 statuendam
1108 4104 1189 4158 abuti
1209 4136 1243 4145 -
1263 4111 1304 4159 12.
1325 4103 1373 4178 βία

95 4176 204 4228 Φώκοιο
243 4172 426 4243 atiphrastioe
443 4190 494 4243 pro
515 4176 622 4243 Φῶκος,
642 4174 716 4229 unde
734 4178 820 4245 poeta
838 4175 931 4245 pergit
950 4174 965 4229 δ
982 4184 1032 4238 τᾶς
1050 4179 1132 4242 θεοῦ,
1151 4176 1185 4231 ci.
1200 4176 1230 4231 P.
1245 4194 1275 4229 xr
1293 4192 1319 4232 cr
1340 4208 1372 4217 —

95 4251 136 4301 13.
147 4192 276 4299 fabussm
290 4244 325 4298 de
339 4243 505 4300 Psamathia
518 4245 555 4299 ab
565 4246 657 4299 Aeaco
672 4249 769 4301 amata
782 4245 869 4302 latius
883 4249 989 4301 tractat
1003 4245 1088 4301 schol.
1102 4246 1166 4301 Eur.
1177 4247 1310 4304 Androm.
1322 4263 1374 4303 aar:

94 4314 225 4387 μίγνυται
243 4315 346 4379 Αἰακὸς
367 4315 453 4385 Ψαμά
509 4324 543 4387 τῇ
559 4314 675 4385 Νηρέως
693 4317 733 4381 εἰς
751 4318 850 4387 φώκην
869 4318 1025 4391 ἠλλαγμένῃ
1045 4318 1094 4373 διὰ
1112 4319 1144 4372 τδ
1162 4318 1199 4389 μὴ
1219 4318 1375 4391 βούλεσθαι

94 4392 257 4443 συνελθεῖν·
281 4388 330 4441 καλ
353 4394 449 4442 τεκνοῖ
486 4408 502 4442 κ
524 4388 627 4457 ταύτης
650 4390 740 4442 παῖδα
763 4390 813 4444 τόν
833 4393 932 4444 Φῶκον
969 4388 1002 4444 δν
1020 4388 1036 4443 δ
1056 4391 1166 4458 Πηλεῦς
1184 4390 1296 4445 ἀνεῖλεν
1315 4389 1373 4444 έπι-

95 4458 247 4525 βουλεύσας
266 4458 314 4514 διδι
333 4458 365 4512 τὸ
385 4458 415 4513 ἐν
429 4467 486 4522 τολς
504 4460 591 4530 άγιῖισι
610 4458 784 4529 διαφέροντα
808 4462 895 4515 αὐτόν
914 4433 989 4515 εἰναι
1006 4460 1121 4530 Πηλέως
1139 4461 1188 4515 καλ
1209 4465 1375 4531 Τελαμῶνος

95 4537 190 4585 -1o.
214 4528 296 4585 λίπον
320 4527 419 4584 εὐκλέα
443 4539 542 4585 νᾶσον·
567 4534 763 4586 concesserunt
785 4532 921 4586 Telamon
939 4532 1097 4600 Salamina,
1121 4532 1221 4587 Peleus
1239 4532 1374 4587 Phthiam

95 4601 296 4669 Thessalicam,
310 4600 385 4671 pulsi
401 4618 418 4655 a
431 4600 523 4655 Furiis
537 4601 719 4672 parricidium
735 4602 949 4671 ulciscentibus3
967 4622 993 4659 r.
1008 4603 1095 4659 schol.
1110 4604 1148 4657 ad
1161 4604 1188 4659 h.
1203 4602 1222 4660 l.
1237 4606 1267 4659 ot
1280 4604 1373 4674 Apoll.

96 4676 160 4744 Arg.
175 4691 225 4729 191
241 4705 274 4713 -
289 4678 331 4728 16.
346 4672 493 4743 στάσομαι·
509 4674 621 4743 egregie
636 4678 701 4727 ante
716 4673 770 4728 hoc
783 4675 900 4728 verbum
913 4677 998 4745 poeta
1012 4692 1123 4729 cursum
1139 4690 1236 4729 versus
1250 4675 1374 4731 catalani

95 4744 225 4800 inhibuit.
245 4744 287 4799 De
301 4760 330 4799 rs
344 4743 408 4814 ipsa
422 4743 516 4799 confer
532 4744 675 4801 0.1oa-
692 4750 732 4799 19.
752 4746 783 4799 αἰ
799 4743 826 4800 θ’
844 4746 928 4871 ὄλβον
946 4750 1016 4802 art:
1037 4746 1229 4800 abominanda
1247 4747 1376 4802 facinora

99 4815 210 4871 silentio
229 4831 353 4886 premere
372 4814 460 4884 malo;
485 4820 515 4869 ut
534 4816 559 4869 si
578 4816 612 4871 de
630 4816 828 4886 praedicandis
846 4836 877 4871 re
898 4836 931 4871 us
949 4818 1020 4873 bene
1039 4818 1127 4887 gestis
1146 4818 1251 4889 agitur,
1270 4836 1373 4889 magno
