3417 5434
320 295 431 352 CXXVI
728 335 731 342 ,
824 296 1102 350 Paonacoun'as.
1168 289 1182 336 Γ

319 459 440 525 Neleus
464 459 646 543 Melampus
666 459 776 525 Oileus
795 459 948 524 Theseus.
991 455 1065 523 Una
1087 457 1156 522 fere
1179 461 1287 523 aetate
1310 457 1517 541 antiquiores
1541 479 1606 520 esse

321 569 536 633 credebantur
567 567 694 632 Aeaeus
728 565 910 631 Oenomaus
942 564 1100 651 Sisyphus
1130 563 1272 649 Oedipus
1300 565 1437 629 Perseus
1465 565 1606 649 Aegeus.

321 675 481 740 Auctores
522 696 600 739 vero
640 673 869 758 principalium
911 672 1062 757 stirpium
1103 671 1292 737 ferebantur
1330 670 1523 736 Hellenicae
1559 671 1606 735 sel

319 781 481 846 Achaicae
508 780 701 866 Deucalion,
733 779 906 845 Thebanae
934 779 1090 864 Cadmus,
1123 778 1251 844 Atticae
1279 779 1436 864 Cecrops,
1463 779 1606 864 Argivae

321 885 476 973 Inachus,
498 885 632 952 Troicae
655 881 840 971 D'ardanus,
864 885 1055 970 Pelopideae
1077 885 1243 951 Tantalus.

528 1171 637 1238 coloni
661 1170 795 1237 'theram
819 1173 852 1236 et
875 1171 1014 1253 cyrenas
1038 1171 1079 1236 ab
1101 1168 1237 1253 Aegldis
1259 1169 1398 1238 deducti.

409 1313 568 1380 Pindarus
592 1315 626 1380 P.
646 1333 682 1378 lv
701 1316 744 1380 65
764 1314 976 1392 Arcesilaum,
999 1335 1095 1398 quem
1113 1337 1141 1378 a.
1160 1315 1226 1380 466
1246 1312 1342 1402 (462)
1361 1338 1388 1380 a.
1404 1315 1481 1381 Chr.
1508 1315 1604 1398 quad·

322 1421 402 1508 rigis
426 1421 544 1506 Pythia
567 1423 684 1487 vicisse
709 1426 851 1506 constat,
880 1444 899 1485 a
921 1420 1036 1506 Batto,
1060 1421 1227 1486 conditore
1251 1419 1464 1507 Cyrenarum,
1489 1427 1605 1486 octavo

243 1563 246 1570 ·
326 1529 427 1616 gradu
451 1529 642 1594 descendere
666 1527 803 1616 (ὄγδοον
826 1529 945 1593 θάλλει
968 1526 1067 1614 μέρος
1088 1526 1289 1615 Ἀρκεσίλας)
1313 1528 1402 1594 dixit.
1444 1529 1520 1594 Hoc
1539 1551 1606 1613 spa-

323 1635 406 1700 tium
430 1637 511 1702 bene
535 1636 684 1722 expletur
706 1636 870 1702 aetatibus
895 1640 969 1700 ceto
988 1657 1102 1720 regum
1121 1633 1383 1722 Cyrenaicorum,
1404 1658 1486 1722 quos
1506 1635 1606 1700 Hero

322 1743 418 1808 dotus
442 1761 478 1807 ιν
500 1745 616 1809 159ss.
645 1747 678 1808 et
700 1741 889 1808 Heraclides
911 1742 1005 1807 Pont.
1029 1743 1121 1827 polit.
1142 1746 1178 1829 4,
1200 1745 1221 1809 3
1244 1748 1403 1809 recenset:
1431 1743 1526 1808 Batti
1548 1751 1605 1806 τοῦ

322 1852 481 1934 οἰκιστοῦ,
494 1849 654 1915 Arcesilai
663 1848 697 1934 I,
711 1849 802 1914 Batti
812 1849 854 1915 ΙΙ.
868 1859 928 1915 τοῦ
939 1850 1146 1935 εὐδαίμονος,
1161 1850 1319 1915 Arcesilai
1328 1850 1370 1915 ΙΙ.
1381 1859 1442 1915 τοῦ
1451 1856 1603 1935 χαλεποῦ,
1672 1874 1673 1939 l

321 1959 413 2022 aare
432 1956 490 2022 111.
513 1967 573 2023 eos
592 1963 712 2042 paroc,
734 1956 894 2022 meeum
909 1955 978 2039 111,
1000 1957 1092 2021 eata
1106 1956 1154 2021 iv
1172 1966 1232 2022 wa
1250 1963 1366 2042 meos,
1383 1957 1545 2022 laesas
1558 1955 1602 2020 u·

322 2064 376 2150 (cf.
400 2063 534 2130 Boeekh
552 2063 647 2148 Expl.
667 2064 732 2130 265
743 2063 814 2151 sq.).
855 2062 924 2128 Iam
947 2063 1032 2128 idem
1051 2063 1210 2128 Pindarus
1229 2063 1263 2128 P.
1282 2082 1320 2128 1v
1340 2067 1382 2130 10
1405 2064 1602 2130 sacerdotem

322 2172 514 2256 Delphicam
532 2171 668 2236 Battum
687 2171 704 2235 I
727 2171 954 2236 cohortantem
975 2171 1111 2255 induxit,
1135 2177 1172 2235 ut
1196 2193 1308 2237 vocem
1326 2171 1459 2238 Medeae
1482 2171 1604 2237 decima
1672 2200 1673 2233 l

324 2280 464 2364 septima
482 2283 588 2343 aetate
609 2276 748 2365 (ἑβδόμᾳ
765 2277 820 2342 καὶ
839 2281 904 2344 σὺν
923 2278 1043 2365 δεκάτᾳ
1056 2277 1167 2365 γενεᾷ)
1187 2284 1293 2344 ratam
1306 2279 1438 2344 faceret.
1474 2277 1604 2364 Septen-

321 2387 425 2451 decim
453 2387 513 2450 hae
542 2390 665 2451 aetates
694 2386 820 2450 efficere
848 2407 916 2450 non
942 2385 1021 2450 licet
1048 2408 1065 2449 e
1092 2404 1227 2450 numero
1256 2407 1371 2472 regum
1394 2386 1446 2450 vel
1469 2386 1602 2449 heroum
1672 2414 1673 2459 ,

323 2493 612 2578 proficiscentibus.
655 2493 801 2558 Primum
825 2493 922 2579 enim,
944 2492 973 2557 si
994 2492 1233 2577 expeditionem
1251 2481 1509 2579 Argonautieam
1528 2497 1602 2556 tem·

321 2601 456 2686 poribus
484 2599 649 2684 Polynicis
684 2604 716 2664 et
745 2598 894 2666 Creontis
928 2600 1049 2665 factam
1081 2623 1152 2664 esse
1186 2601 1374 2686 statuimus,
1405 2623 1425 2665 a
1451 2598 1601 2684 Polynice

322 2731 424 2793 usque
448 2710 488 2773 ad
511 2707 659 2793 Theram,
682 2706 737 2791 qui
761 2707 895 2772 colonos
917 2708 953 2771 in
975 2707 1116 2772 insulam
1138 2707 1278 2783 Theram
1301 2709 1470 2773 deduxisse
1493 2708 1601 2788 fertur,
1672 2770 1673 2783 ,

324 2817 467 2900 quinque
486 2815 655 2878 hominum
675 2818 799 2879 aetates
820 2818 905 2900 sunt,
927 2799 1092 2898 Polynieis
1110 2813 1307 2879 Thersandri
1324 2813 1488 2879 Tisameni
1507 2813 1602 2878 Ante

323 2923 424 2987 sionis
448 2922 580 2986 Therae.
626 2921 800 2985 Restarent
822 2921 932 3007 ,igitur
959 2921 1128 2986 duodecim
1153 2927 1292 3008 aetates,
1319 2923 1437 3006 quibus
1459 2927 1497 2986 ut
1521 2921 1600 2986 colo

322 3029 409 3092 niam
432 3029 611 3093 Theraeam
639 3029 679 3091 ad
703 3027 887 3113 remotiora,
912 3051 1008 3112 quam
1030 3028 1199 3114 probabile
1223 3032 1286 3113 est,
1313 3029 1433 3094 reicere
1457 3033 1599 3114 tempora

323 3157 520 3221 cogeremur.
576 3135 681 3200 Multo
714 3157 790 3200 vero
823 3135 897 3220 plus
929 3136 963 3199 id
995 3135 1096 3220 valet,
1132 3137 1218 3220 quod
1250 3137 1339 3200 omni
1371 3136 1598 3222 probabilitate

323 3248 410 3307 caret
432 3242 467 3305 in
490 3265 590 3326 parva
608 3241 716 3307 insula
732 3242 903 3306 hominum
922 3242 1133 3308 mediocrium
1152 3243 1355 3308 sucessiones
1374 3243 1487 3309 eodem
1506 3242 1597 3307 modo
1672 3266 1673 3291 ³

323 3353 419 3432 atque
446 3348 583 3413 heroum
611 3354 645 3414 et
671 3349 853 3434 principum
878 3348 1022 3412 virorum
1046 3352 1195 3413 accurate
1218 3354 1349 3414 notatas
1372 3354 1406 3414 et
1429 3348 1599 3414 memoriae

323 3456 493 3521 mandatas
521 3479 600 3521 esse.
647 3456 725 3522 Veri
753 3456 860 3520 simile
887 3457 990 3541 igitur
1017 3478 1087 3520 esse
1115 3456 1232 3520 merito
1256 3477 1330 3520 eum
1353 3455 1409 3520 alii
1432 3456 1494 3521 viri
1518 3453 1598 3521 docti

324 3567 394 3627 tum
414 3563 627 3647 Luebbertus,
645 3562 694 3627 De
709 3563 841 3628 Pindari
862 3563 978 3627 studiis
997 3562 1245 3648 chronologicis,
1264 3562 1497 3629 Bonnae1887
1516 3587 1545 3649 p.
1560 3562 1598 3624 26

323 3676 522 3755 statuerunt,
556 3669 773 3755 septendecim
803 3670 878 3734 illas
911 3673 1035 3734 aetates
1067 3675 1220 3755 computo
1250 3671 1398 3736 inventas
1426 3689 1497 3735 esse
1525 3675 1599 3734 eta

322 3779 524 3863 temporibus
559 3777 709 3862 pendere,
742 3777 861 3861 quibus
893 3778 1076 3842 sacerdotes
1105 3776 1256 3862 Delphici
1286 3777 1429 3862 Cyrenas
1457 3779 1598 3843 conditas

323 3908 393 3952 esse
417 3875 647 3972 cognovissent
671 3891 704 3950 et
727 3883 965 3970 expeditionem
988 3883 1243 3971 Argonauticam
1266 3885 1387 3950 factam
1411 3907 1481 3950 esse
1505 3888 1599 3950 statu·

323 3994 434 4058 issent.
489 3993 602 4077 ltaque
640 3993 668 4058 si
701 3991 842 4078 Cyrenas
875 4016 902 4056 a
931 3993 994 4057 631
1033 3991 1085 4057 vel
1116 3992 1214 4076 paulo
1247 3996 1323 4076 post
1355 3992 1503 4057 conditas
1535 4011 1597 4057 esse

324 4099 457 4186 optimis
495 4100 683 4165 auctoribus
722 4099 883 4165 credimus
920 4103 953 4163 et
984 4098 1117 4162 Pindari
1149 4097 1371 4184 Herodotique
1403 4100 1597 4185 temporibus

323 4207 366 4296 (v.
381 4207 457 4273 Her.
472 4225 497 4271 11
514 4197 592 4294 1212)
612 4211 735 4270 aetates
754 4205 1032 4290 chronologorum
1050 4204 1129 4291 aad,
1145 4228 1246 4270 annos
1261 4206 1406 4292 explesse
1421 4208 1598 4288 statuimus,

326 4315 580 4402 Argonauticam
609 4312 846 4398 expeditionem
874 4313 961 4376 eirca
988 4333 1015 4376 a
1044 4311 1287 4401 1200110111,
1313 4337 1379 4380 una
1405 4315 1473 4380 fere
1499 4319 1598 4381 aetate

325 4428 399 4487 ante
417 4422 539 4487 bellum
553 4421 729 4485 Troianum
743 4424 929 4503 susceptam
943 4440 1013 4484 esse
1027 4418 1184 4485 Pindarus
1200 4425 1233 4486 et
1247 4421 1440 4508 chronologi
1455 4422 1597 4507 aequales

325 4534 518 4595 statuerunt.

412 4637 465 4701 Ad
492 4638 694 4720 postremum
722 4640 760 4700 ut
788 4635 843 4698 uni
873 4634 1040 4700 oculorum
1063 4635 1252 4730 conspectui
1276 4637 1485 4724 genealogias
1509 4637 1598 4702 Grae

325 4768 436 4811 corum
459 4745 595 4809 heroum
618 4743 851 4827 subicerernus,
880 4743 1062 4825 exemplum
1086 4743 1275 4828 Heynianae
1298 4745 1451 4810 editionis
1474 4745 1599 4830 Apollo·
