3417 5434
505 363 553 414 111.
581 363 631 413 DE
649 364 758 414 LUDIS
778 365 824 414 ΕΤ
843 365 1019 416 EPINICIIS.
1281 364 1409 419 LXXVII

112 523 228 607 Atque
253 523 305 588 his
331 524 461 608 quidem
488 524 630 590 inludis
654 547 756 610 usque
780 525 820 590 ad
844 525 893 590 Ol.
913 543 1035 591 Lxxvn
1064 529 1234 612 pancratio
1256 529 1409 594 ultimum

112 629 229 696 locum
261 635 338 715 post
370 631 613 715 quinquertium
644 637 676 696 et
707 655 865 717 equorum
894 634 1073 699 certamina
1100 634 1213 721 fuisse,
1245 638 1301 701 sed
1331 659 1406 702 cum

113 737 175 801 illa
197 736 391 822 Olympiade
419 741 492 804 toto
519 739 586 803 fere
615 738 665 802 die
695 739 862 804 curulibus
892 740 1124 805 certaminibus
1149 745 1182 806 et
1205 739 1406 827 quinquertii

115 850 314 930 consumpto
348 847 588 931 pancratiastas
622 845 657 910 in
689 850 818 911 noctem
850 868 995 932 pugnam
1026 849 1258 935 extraxissent,
1296 851 1407 915 ordine

116 957 248 1016 mutato
277 953 348 1018 sola
376 933 563 1018 certamina·
582 974 738 1037 equorum
764 957 798 1017 et
823 953 1023 1037 quinquertii
1051 954 1168 1019 ultimo
1191 954 1256 1020 diei
1284 957 1406 1041 relicta,

114 1058 323 1142 pancratium
348 1065 457 1124 autem
480 1059 515 1124 in
539 1059 782 1126 antecedentem
805 1059 890 1124 diem
913 1060 1070 1126 reiectum
1093 1084 1164 1127 esse
1187 1061 1366 1129 Pausanias
1382 1084 1406 1128 v

117 1168 186 1249 o,3
209 1167 385 1232 memoriae
407 1166 559 1252 prodidit.
570 1165 594 1254 1)
633 1166 742 1251 Atque
766 1167 973 1252 quinquertio
997 1175 1072 1253 post
1096 1190 1252 1254 equorum
1276 1193 1406 1237 cursum

115 1273 373 1360 (ἱπποδρομίαν)
401 1275 515 1339 eodem
544 1273 595 1338 die
623 1278 784 1339 certatum
814 1295 885 1339 esse
908 1275 1136 1360 Xenophontis
1160 1299 1288 1363 quoque
1315 1279 1407 1344 testi-

115 1382 244 1467 monio,
270 1381 549 1467 Hell.v114‚29
579 1386 715 1447 constat.
765 1380 938 1447 Praeterea
969 1405 1072 1467 nuper
1100 1383 1198 1449 titulo
1230 1383 1405 1451 honorario

114 1487 240 1553 Tiberii
264 1486 392 1554 Olaudii
415 1488 491 1552 Rufi
517 1487 687 1574 Olympiae
710 1489 835 1554 ecfosso
867 1491 1116 1574 comprobatum
1139 1496 1204 1577 est,
1231 1491 1331 1558 etiam
1358 1516 1406 1558 se-

115 1595 225 1660 cundo
250 1619 280 1681 p.
300 1594 374 1662 Ohr.
399 1595 528 1660 saeculo
552 1595 712 1680 pancratii
736 1601 900 1661 certamen
924 1597 988 1660 diei
1012 1596 1165 1662 ultimum
1188 1597 1331 1686 fuisse.²)

205 1701 316 1766 Primo
329 1703 432 1789 igitur
445 1702 496 1767 die
510 1701 585 1768 inde
598 1704 638 1768 ab
653 1702 749 1768 initio
762 1702 942 1768 certamina
953 1727 972 1769 a
984 1705 1090 1770 stadio
1103 1706 1246 1771 virorum
1260 1707 1405 1792 auspica-

115 1809 247 1894 bantur,
261 1809 379 1875 ultimo
393 1810 443 1874 dis
455 1831 557 1894 usque
570 1809 610 1874 ad
620 1808 798 1874 Ol.nxxvn
811 1811 903 1895 equis
915 1811 1123 1896 quinquertio
1137 1813 1317 1899 pancratio,
1329 1813 1404 1879 inde

115 1915 157 1980 ab
181 1915 241 1980 illa
264 1915 456 2002 Olympiade
480 1916 597 1982 ultimo
624 1917 675 1981 die
697 1916 789 2002 equis
813 1921 845 1982 et
870 1917 1086 2003 quinquertio,
1109 1919 1145 1984 in
1166 1921 1404 2006 paenultimum

115 2022 288 2107 pancratio
312 2023 447 2108 reiecto,
474 2024 652 2089 certabant.
702 2021 765 2088 Sed
788 2046 870 2108 quae
894 2026 1074 2091 certamina
1099 2032 1175 2093 ante
1199 2029 1404 2113 pancratium

114 2130 319 2215 paenultimo
347 2130 413 2216 die,
440 2153 522 2215 quae
549 2136 625 2217 post
653 2130 753 2196 stadii
778 2154 909 2198 cursum
936 2133 1042 2218 primo
1066 2133 1132 2212 die,
1159 2134 1298 2220 deniqne
1322 2158 1404 2221 qnae

113 2237 223 2302 medio
250 2237 303 2302 yel
331 2237 446 2302 mediis
475 2237 588 2304 diebus
618 2237 796 2303 certamina
819 2237 952 2304 Pindari
980 2240 1111 2324 quidem
1139 2247 1245 2307 aetate
1272 2242 1403 2327 fuerint,

113 2345 329 2410 coniectando
352 2345 511 2431 divinare,
537 2368 603 2410 non
633 2346 834 2432 argumentis
864 2347 1055 2412 confirmare
1077 2348 1163 2414 licet.
1207 2347 1323 2434 Neque
1347 2350 1403 2434 qui

113 2456 223 2517 exstat
241 2452 412 2539 catalogus
429 2451 589 2519 victomm
604 2451 806 2538 Olympiadis
822 2471 963 2520 oaxxvn
979 2486 1022 2508 =
1037 2478 1064 2520 a.
1076 2457 1118 2520 72
1133 2479 1160 2520 a.
1176 2454 1251 2522 Chr.
1270 2480 1290 2520 a
1307 2455 1402 2522 Phle-

113 2565 215 2644 gonte
228 2559 478 2646 chronographo
491 2560 632 2646 scriptus
643 2564 677 2625 et
685 2559 772 2625 infra
781 2583 801 2624 a
810 2583 862 2626 me
872 2562 967 2647 plene
976 2562 1156 2647 exscriptus
1167 2567 1292 2630 certum
1303 2564 1401 2629 docu-

113 2671 264 2732 mentum
286 2667 421 2752 praebet
441 2666 563 2732 ordinis
582 2667 796 2733 certaminum
815 2667 986 2754 Olympici.
1023 2670 1056 2735 Is
1079 2670 1258 2736 enimcum
1280 2671 1317 2735 in
1338 2671 1401 2737 ric—

111 2774 242 2838 toribus
254 2773 345 2838 illius
355 2772 558 2859 Olympiadis
573 2775 797 2840 enumerandis
810 2774 898 2841 huno
910 2777 1055 2842 ordinem
1069 2777 1219 2843 ludorum
1232 2782 1401 2862 sequatur:

112 2882 266 2964 στάδιον,
290 2881 441 2963 δίαυλον,
465 2881 619 2966 [ὁπλίτην
638 2881 795 2968 δρόμον],
818 2884 954 2967 δόλιχον
970 2882 1149 2970 Ἑλλήνων,
1171 2888 1308 2969 δόλιχον
1325 2884 1400 2950 Ῥω-

111 2993 235 3072 μαίων,
253 2987 455 3072 πένταθλον,
474 2989 593 3072 πάλην,
611 2988 686 3072 πύξ,
709 2990 925 3075 παγκράτιον,
946 2993 1078 3056 παίδων
1099 2993 1247 3075 στάδιον,
1269 2994 1401 3059 παίδων

110 3096 236 3180 πάλην,
253 3097 386 3161 παίδων
398 3095 477 3179 πύξ,
495 3096 627 3161 παίδων
639 3096 855 3182 παγκράτιον,
869 3098 1008 3181 ὁπλίτην
1022 3098 1186 3186 δρόμονξ)
1204 3100 1401 3187 τέθριππον,

203 3365 230 3431 1)
253 3361 413 3416 Pausaniae
436 3361 529 3415 locum
553 3360 764 3432 gravissimum,
789 3363 837 3417 sed
861 3364 986 3418 lacerum
1009 3367 1038 3420 et
1058 3365 1179 3419 multum
1197 3369 1331 3421 vexatum
1353 3384 1398 3421 ex-

109 3433 234 3487 scribere
253 3431 335 3486 iurat
353 3435 452 3501 totum,
472 3433 585 3501 qualem
605 3449 669 3486 eum
688 3434 809 3488 correxit
827 3434 896 3492 God.
911 3436 1089 3492 Hermannus
1107 3437 1130 3491 0
1151 3455 1209 3492 uso.
1223 3457 1251 3491 vr
1266 3443 1312 3494 14:
1332 3438 1348 3492 δ
1366 3438 1398 3493 δὲ

109 3503 215 3575 κόσμος
238 3503 254 3557 δ
273 3506 338 3573 περὶ
360 3505 410 3558 τὸν
434 3505 531 3574 ἀγῶνα
555 3503 602 3574 ἐφ’
621 3503 711 3576 ἡμῶν,
736 3507 772 3569 ὡς
792 3507 922 3561 δύεσθαι
939 3513 977 3561 τά
995 3512 1056 3581 θεῷ
1074 3509 1110 3562 τά
1129 3518 1217 3578 ιερεῖα
1235 3510 1398 3564 πεντάθλου

108 3575 161 3646 μὲν
185 3576 236 3629 καὶ
259 3573 365 3646 δρόμου
389 3585 444 3630 τῶν
462 3573 556 3630 ἵππων
579 3575 681 3644 ὕστερα
705 3577 781 3650 <πρδ
804 3577 911 3633 τούτων
935 3563 967 3634 di
990 3578 1183 3650 γεγενημένων
1206 3590 1261 3637 τῶν
1285 3581 1396 3662 ἄλλων)

107 3647 317 3717 ἀγωνισμάτων
340 3646 516 3716 (Holwerda,
540 3648 623 3702 Arch.
642 3647 712 3704 Zeit.
734 3654 802 3702 1880
824 3656 920 3719 p.1'10
945 3651 1027 3721 plura
1052 3651 1229 3706 intercidisse
1252 3655 1331 3707 ratus
1358 3670 1398 3706 sie
1512 3651 1515 3658 ’

109 3719 207 3772 locum
226 3717 382 3789 supplevit:
401 3717 436 3772 τά
455 3718 552 3786 ἱερεῖα,
572 3718 690 3792 <instra
709 3719 740 3774 δὲ
760 3722 912 3791 γίγνεσθαι
929 3723 994 3784 τοὺς
1013 3725 1145 3796 ἀγῶνας)
1164 3724 1327 3779 πεντάθλου
1337 3723 1398 3816 μὲν

111 3792 161 3844 ταὶ
181 3787 289 3860 δρόμου
308 3811 331 3844 τ.
350 3789 368 3843 l'.
388 3787 489 3864 ὑστέρᾳ
508 3789 631 3865 (ἡμέρᾳ,
650 3790 772 3866 προτέρᾳ
791 3791 823 3845 δὲ
842 3801 899 3848 τῶν
917 3794 1043 3866 λοιπῶν>
1062 3795 1282 3865 ἀγωνισμάτων).
1316 3815 1397 3858 ουτος

108 3860 229 3932 κατέστη
257 3860 354 3931 σφίσιν
379 3861 393 3914 δ
418 3859 520 3932 κόσμος
547 3861 699 3932 ὀλυμπιάδι
722 3861 826 3936 ἑβδόμη
853 3864 925 3934 πρὸς
952 3873 1014 3928 ταῖς
1041 3865 1242 3937 ἑβδομήκοντα.
1283 3866 1319 3921 τά
1341 3869 1396 3935 πρδ

109 3935 219 3988 τούτων
238 3932 270 3987 δὲ
291 3932 336 3986 ἐπὶ
355 3932 461 4004 ἡμέρας
479 3928 548 4003 ἦγον
566 3941 615 4004 τῆς
633 3935 720 4003 αὐτῆς
738 3932 840 4004 ὁμοίως
858 3938 908 3990 καὶ
926 3937 1088 4005 ἀνθρώπων
1111 3939 1159 3991 καὶ
1178 3936 1271 3992 ῗππων
1290 3941 1395 4008 ἀγῶνα.

110 4003 172 4059 τότε
198 4003 230 4059 dl
255 4005 444 4075 προήχθησαν
467 4003 495 4067 ἐς
517 4005 605 4059 νύκτα
627 4005 654 4059 οἱ
677 4005 944 4076 παγκρατιάζοντες,
968 4006 1018 4062 άτε
1037 4009 1070 4062 οὐ
1089 4009 1162 4063 κατὰ
1180 4010 1281 4079 καιρδν
1300 4009 1395 4078 ἐσκλη-

108 4076 224 4145 θέντες,
254 4075 341 4130 αίτιοι
369 4075 400 4130 δὲ
429 4074 558 4146 ἐγένοντο
583 4075 613 4131 οἴ
637 4097 665 4131 τε
690 4076 772 4132 ίπποι
797 4081 846 4132 καὶ
875 4079 902 4143 ἐς
930 4077 1015 4134 πλέον
1044 4078 1084 4133 ἔτι
1107 4080 1125 4149 ἡ
1149 4090 1204 4134 τῶν
1226 4080 1395 4135 πεντάθλων

109 4147 225 4217 ἅμιλλα·
255 4150 305 4201 καί
333 4145 443 4214 ἐκράτει
469 4145 521 4217 μὲν
544 4147 691 4217 Ἀθηναῖος
714 4148 834 4213 Καλλίας
861 4152 927 4213 τοὺς
954 4151 1230 4220 παγκρατιάσαντας,
1259 4150 1395 4222 ἐμπόδιον

110 4219 141 4272 δ’
163 4221 216 4274 οὐκ
238 4219 330 4288 ἔμελλε
349 4217 513 4292 παγκρατίῳ
531 4229 581 4272 τοῦ
600 4225 698 4274 λοιποῦ
718 4221 749 4274 τδ
767 4221 943 4276 πεντάθλιον
962 4222 1028 4277 οὐδὲ
1048 4222 1074 4276 οἱ
1093 4221 1175 4277 ἵπποι
1193 4222 1372 4292 γενήσεσθαι.

199 4312 227 4378 8)
250 4307 331 4362 Arch.
346 4308 415 4361 Zeit.
432 4314 501 4361 1878
520 4327 546 4362 n.
559 4313 617 4364 147.
634 4315 693 4364 148.

199 4401 228 4468 3)
253 4395 369 4466 ὁπλίτην
393 4395 498 4468 δρόμον
522 4401 572 4452 aut
599 4399 644 4453 hic
671 4402 721 4452 aut
744 4417 829 4470 supra
857 4400 1014 4455 eiciendum
1040 4404 1095 4467 est;
1123 4401 1235 4456 facilius
1261 4402 1395 4473 explicari

109 4473 212 4540 potest,
233 4469 375 4538 quomodo
394 4469 487 4539 priore
505 4469 567 4523 loco
586 4470 768 4541 interpolatio
785 4475 847 4527 orta
867 4473 922 4550 sitq
936 4489 1107 4541 quamquam
1125 4473 1283 4529 rationein
1302 4474 1395 4530 distri-

108 4540 228 4596 buendis
247 4540 324 4594 ludis
342 4540 416 4595 inita
435 4540 556 4596 alterum
579 4543 768 4597 commendari
786 4544 911 4613 ridetur,
934 4546 967 4596 ut
990 4543 1085 4598 omnia
1107 4561 1212 4616 genera
1230 4563 1327 4599 cursus
1345 4547 1395 4602 ho-

108 4613 214 4667 minum
240 4612 333 4683 primo
360 4611 419 4681 die,
446 4613 541 4666 omnia
567 4631 701 4683 equorum
726 4614 826 4668 ultimo
853 4615 899 4669 die
924 4615 1003 4669 facta
1028 4632 1089 4671 esse
1114 4619 1253 4687 putemus.
1290 4617 1395 4673 Verum

109 4683 223 4754 ὁπλίτην
247 4681 355 4754 δρόμου
379 4683 511 4738 ultimum
537 4684 630 4740 locum
652 4686 683 4740 in
709 4687 847 4756 gymnicis
871 4685 1070 4741 certaminibus
1099 4689 1255 4744 obtinuisse
1282 4692 1395 4744 constat

108 4756 192 4810 etiarn
216 4755 383 4811 testimonio
406 4755 578 4811 Artemidori
595 4777 605 4810 r
625 4763 671 4814 63:
699 4757 731 4811 τὸ
759 4756 790 4811 δὲ
818 4757 905 4814 ὅπλον
932 4757 1082 4849 λεγόμενον
1110 4761 1157 4815 ἐπὶ
1183 4760 1299 4816 πάντων
1324 4771 1394 4816 πᾶσι

108 4829 250 4899 παρολαάς
269 4825 414 4899 σημαίνει·
434 4833 593 4883 τελευταίαν
611 4829 664 4900 γάρ
683 4831 731 4884 καὶ
751 4825 796 4884 ἐπὶ
815 4839 885 4885 πᾶσι
904 4831 935 4886 τὸ
954 4835 1054 4888 αθλον.
