3417 5434
358 370 423 435 338
828 373 977 425 emnem
994 372 1161 423 urnucn.

409 534 450 599 ού
473 534 537 620 γάρ
560 534 680 617 πάγος,
703 531 783 600 ούδέ
805 534 994 620 προσάντης
1015 533 1037 599 ά
1058 532 1219 609 κέλευθος
1240 533 1382 615 γίνεται,
1436 535 1519 616 Στρ.
1537 530 1581 613 γ’.

409 647 443 705 εί
461 664 512 717 τις
534 640 680 719 εὐδόξων
703 640 737 719 ἐς
758 641 815 706 άν-

455 748 546 834 δρῶν
569 750 644 831 άγοι
667 750 763 833 τιμάς
781 746 1034 815 Ἑλικωνιάδων.
1599 764 1627 809 eo

356 872 390 919 ³5
409 857 518 941 μακρά
542 856 713 938 δισκήσαις
736 854 965 940 ἀκοντίσσαιμι
987 854 1141 940 τοσοῦθ’,
1163 856 1244 921 ὅσον
1265 854 1371 941 ὀργάν

409 962 629 1048 Ξεινοκράτης
651 959 734 1049 ὑπὲρ
758 962 949 1049 ἀνθρώπων
972 968 1128 1047 γλυκεῖαν

410 1072 513 1155 ἔσχεν.
558 1070 685 1147 αίδοῑος
706 1066 767 1155 μὲν
790 1064 832 1153 ήν
855 1069 968 1146 ἀστοῖς
990 1070 1133 1155 ὁμιλεῖν,

411 1302 632 1387 ἱπποτροφίας
654 1323 688 1367 τε
711 1304 854 1387 νομίζων
877 1301 914 1367 ἐν
936 1301 1162 1367 Πανελλάνων
1183 1304 1289 1388 νόμφ·
1435 1300 1520 1367 Ἀντ.
1539 1300 1583 1385 ν’.
1601 1320 1629 1365 55

409 1409 465 1475 καὶ
487 1416 578 1475 θεῶν
601 1410 716 1487 δαῖτας
737 1408 879 1494 προσέτι·
1676 1489 1677 1504 ,

454 1516 694 1593 raumaricae·
719 1516 801 1581 οὐδέ
820 1538 899 1581 ποτε
922 1516 1033 1595 ξενίαν
1676 1509 1677 1576 i

359 1642 394 1689 40
414 1620 514 1710 οὖρος
537 1623 734 1708 ἐμπνεύσαις
755 1622 919 1689 ὑπέστειλ’
945 1626 1053 1690 ἱστίον
1075 1622 1161 1708 άμφλ
1183 1623 1358 1709 τράπεζαν·
1602 1642 1631 1687 σο
1676 1579 1677 1660 i

410 1730 482 1796 ἀλλ’
508 1730 606 1817 ἐπέρα
629 1728 705 1797 ποτὶ
726 1727 788 1817 μὲν
813 1734 923 1797 Φᾶσιν
944 1735 1093 1818 θερείας,

410 1838 447 1904 ἐν
470 1835 506 1903 δὲ
529 1849 665 1923 χειμῶνι
687 1837 796 1904 πλέων
818 1841 945 1904 Νείλου
967 1840 1051 1926 πρὸς
1073 1836 1185 1904 ἀκτάν.

1452 1962 1519 2029 Ἔα.
1538 1963 1582 2047 γ’.

412 2074 456 2155 μή
479 2094 558 2153 νυν,
581 2070 631 2135 ὅτι
655 2068 822 2155 φθονεραὶ
844 2076 983 2136 θνατῶν
1004 2067 1130 2155 φρένας
1152 2068 1417 2155 ἀμφικρέμανται
1439 2073 1606 2155 ίελπίδες,
1677 2073 1678 2110 l

411 2176 485 2263 μήτ’
511 2176 631 2265 ἀρετάν
653 2200 732 2242 ποτε
755 2178 878 2261 σιγάτω
901 2174 1068 2265 πατρῴαν,
1600 2196 1631 2242 σε

359 2302 393 2349 45
411 2282 494 2370 μηδὲ
516 2282 631 2351 τούσδ’
656 2285 796 2370 ὕμνους·
819 2284 893 2350 ἐπεί
911 2309 963 2350 τοι

412 2393 473 2457 οὐκ
496 2390 710 2470 ἐλινύσοντας
732 2392 854 2469 αύτούς
877 2392 1090 2479 είργασάμαν.

429 2628 470 2677 34.
491 2622 556 2692 άγοι
574 2621 616 2675 D:
642 2619 705 2691 ἄγει
724 2620 769 2675 vel
788 2621 853 2692 ἄγοι
872 2622 900 2676 Β
919 2654 952 2661 -
971 2627 1014 2675 36.
1033 2624 1141 2690 ξενοκρ.
1160 2622 1225 2677 BD
1243 2653 1279 2661 -
1301 2627 1343 2677 ³8.
1367 2623 1534 2678 πανελλάκω
1551 2625 1581 2679 D
1603 2656 1630 2664 -·

357 2700 400 2749 ³9.
421 2695 519 2757 δαῖτας
538 2711 571 2748 ex
591 2691 706 2747 scholiis
725 2693 768 2748 ed.
783 2692 905 2748 hiereli:
925 2691 1036 2757 διαίτας
1052 2692 1114 2747 BD
1132 2726 1165 2733 -
1184 2691 1360 2763 προσέπνκτο
1379 2694 1409 2748 D
1429 2728 1461 2735 —
1480 2681 1524 2750 40:
1544 2696 1632 2763 ούριος
1679 2717 1680 2784 ρ

357 2764 493 2829 πνεύσαις
515 2782 549 2819 ex
574 2764 659 2817 schol.
679 2764 751 2819 coni.
767 2763 912 2819 Hermann
925 2764 963 2818 ad
981 2766 1045 2819 Eur.
1060 2765 1127 2818 Hec.
1143 2781 1195 2819 rosa
1214 2798 1248 2805 —
1266 2764 1427 2820 ὑπέστειλεν
1446 2764 1497 2822 ίστ.
1516 2768 1585 2822 BD
1604 2801 1630 2807 -
1679 2787 1680 2800 ¹

358 2843 400 2893 41.
420 2842 508 2905 φάσιν
531 2854 564 2891 ex
588 2836 694 2905 φράσιν
712 2837 740 2891 Β
758 2834 928 2904 -θερείας
951 2837 1022 2890 coni.
1041 2835 1152 2890 Hecker
1169 2836 1251 2905 (conf.
1271 2836 1373 2891 Herod.
1391 2857 1402 2889 1
1420 2842 1483 2907 nup:
1508 2838 1633 2908 θερείαις

356 2908 395 2977 D,
414 2906 527 2976 θερίαις
544 2909 580 2975 Β,
599 2905 712 2975 θέρειος
730 2908 802 2963 coni.
816 2907 1006 2962 Wilamowitz
1026 2940 1059 2948 -—
1078 2913 1121 2962 42.
1139 2905 1226 2962 πλέον
1245 2909 1272 2962 Β
1291 2940 1325 2948 -
1344 2908 1436 2963 ἀκτάν
1453 2910 1531 2965 BD:
1549 2912 1632 2973 ἀκτάς

357 2996 392 3033 ex
411 2978 525 3034 scholiis
544 2978 617 3047 Ald,
636 2978 708 3049 ἀράς
722 2996 756 3033 ex
771 2977 857 3033 schol.
872 2979 1067 3033 Schneidewin
1084 3011 1121 3019 —
1139 2984 1181 3033 43.
1201 2978 1426 3050 ἀμφικρέμανται
1439 2981 1470 3036 D
1485 3014 1520 3021 κ
1539 2988 1582 3035 44.
1597 3001 1631 3035 σι-

357 3050 432 3121 γάσω
451 3051 522 3106 coni.
537 3050 667 3120 Hartung
686 3084 719 3091 -
738 3056 781 3105 45.
800 3050 837 3121 μή
856 3049 889 3105 δὲ
908 3051 987 3106 BD:
1006 3051 1074 3121 μήτε
1092 3051 1164 3107 coni.
1183 3050 1280 3120 Heyne
1300 3083 1334 3091 —
1352 3058 1395 3106 46.
1416 3052 1535 3107 ἐλινύσσ.
1555 3055 1586 3108 D
1604 3086 1632 3093 -

428 3199 471 3247 34.
495 3194 532 3247 ad
554 3195 662 3247 ceteras
685 3193 803 3247 virtutes
822 3192 988 3247 Xenocratis
1008 3194 1164 3247 orationem
1181 3190 1267 3264 poeta
1284 3194 1405 3248 reflectit
1421 3228 1457 3235 —
1475 3195 1504 3258 ἐς
1523 3197 1633 3263 ἀνδρῶν

358 3264 417 3321 scil.
438 3260 516 3320 οἶκον
539 3282 591 3319 usu
614 3264 727 3319 Graecis
751 3264 886 3319 familiari
910 3297 943 3304 -
967 3271 1009 3320 35.
1033 3265 1128 3335 μακρὰ
1150 3264 1297 3333 δισκήσαις
1319 3264 1527 3337 ἀκοντίσσαιμι·
1552 3267 1581 3321 lo

358 3336 491 3391 emittens
510 3336 627 3403 iaculer;
647 3336 719 3389 nihil
738 3354 772 3389 ex
790 3336 843 3389 hoc
862 3335 924 3390 loco
943 3338 978 3390 de
998 3337 1075 3391 disco
1095 3339 1160 3391 anta
1180 3336 1304 3390 iaculum
1322 3337 1352 3390 in
1370 3338 1555 3407 quinquertio
1571 3347 1635 3391 nnt-

356 3408 443 3462 tendo
466 3408 599 3479 colligere
621 3407 700 3475 licet;
724 3406 809 3462 immo
833 3408 990 3477 δισκήσαις,
1015 3409 1091 3476 quod
1114 3407 1151 3461 ad
1174 3408 1333 3462 absolutum
1351 3409 1469 3463 verbum
1492 3408 1580 3464 δίσιιω
1603 3426 1634 3464 ex

357 3478 468 3549 δίκσκω,
488 3482 520 3534 ut
538 3478 662 3533 διδάσκω
681 3496 715 3532 er
734 3478 877 3533 διδάκσκω
895 3480 981 3548 redit,
1001 3480 1036 3534 de
1055 3481 1065 3533 i
1086 3497 1117 3534 so
1135 3480 1228 3534 iaculo
1248 3480 1349 3534 emisso
1369 3480 1569 3551 accipiendum
1587 3492 1634 3535 est.

359 3552 399 3604 De
424 3550 504 3604 verbi
528 3550 672 3604 iaculandi
697 3550 838 3604 translata
863 3551 978 3605 notione
1004 3568 1036 3605 co
1070 3551 1130 3606 .N.
1149 3567 1222 3607 1155
1242 3584 1273 3591 -
1300 3557 1342 3605 36.
1368 3550 1440 3621 ὑπὲρ
1463 3554 1634 3621 ἀνθρώπων,

358 3639 443 3692 supra
461 3622 575 3676 modum
593 3624 748 3676 ceterorum
766 3622 920 3691 hominum,
939 3626 972 3677 ut
988 3621 1060 3691 ὑπὲρ
1077 3621 1212 3677 ἁπάντων
1226 3623 1257 3678 0.
1272 3642 1290 3675 x
1304 3640 1338 3691 rs,
1358 3624 1430 3692 ἁνήρ
1445 3622 1518 3693 ὑπὲρ
1533 3624 1635 3693 ἀνδρός

357 3696 390 3751 fr.
405 3710 430 3749 or
450 3726 483 3733 -
503 3700 545 3749 38.
569 3693 600 3748 ἐν
618 3692 807 3747 Πανελλάνων
829 3696 918 3768 νόμῳ,
942 3698 974 3749 ut
995 3694 1078 3748 ludos
1101 3711 1195 3749 sacros
1218 3694 1342 3748 omnium
1365 3694 1539 3749 Graecorum
1562 3714 1633 3749 com·

358 3782 463 3836 munes,
483 3764 561 3820 velut
580 3764 741 3835 Olympicos
755 3764 889 3833 Pythicos
902 3766 1060 3835 Isthmicos,
1075 3766 1179 3833 obiret,
1198 3766 1232 3820 cf.
1247 3766 1320 3821 Prol.
1334 3784 1424 3820 cmv
1437 3800 1474 3807 —
1487 3772 1534 3821 49.
1552 3787 1634 3836 κροσ-

358 3834 489 3905 έπτνκτο,
513 3837 644 3906 amplexu
667 3836 771 3905 tenuit,
790 3836 808 3891 i.
824 3853 847 3890 e.
863 3837 908 3907 pie
928 3836 1016 3891 coluit
1034 3870 1067 3877 —
1086 3842 1129 3891 40.
1148 3840 1249 3891 ventus
1268 3836 1333 3891 vela
1350 3837 1503 3908 hospitalis
1523 3857 1634 3894 mensae

357 3909 459 3963 inflans
478 3924 616 3977 nusquam
635 3908 845 3976 remittebatur,
864 3912 897 3962 ut
914 3926 1068 3977 numquam
1087 3910 1152 3964 vela
1170 3909 1363 3963 contrahenda
1380 3912 1489 3977 esseut,
1514 3912 1634 3965 audacia

358 3979 539 4050 metaphorae
559 3980 646 4033 etiam
664 3982 784 4049 augetur
801 3980 929 4049 proximo
947 3998 1042 4049 versu,
1061 3998 1117 4049 quo
1135 3980 1362 4051 hospitalitatem
1379 3981 1459 4035 nullo
1479 3984 1551 4037 anni
1570 3988 1634 4037 tem-

358 4068 425 4122 pore
442 4052 632 4106 remittentem
649 4050 831 4121 navigatione
850 4055 960 4106 aestate
979 4051 1092 4120 Phasin,
1111 4051 1202 4106 hieme
1221 4051 1319 4105 Nilum
1336 4055 1451 4122 petente
1470 4051 1634 4109 illustrarit

358 4122 449 4177 Simili
473 4123 598 4194 imagine
623 4140 689 4176 usus
715 4127 759 4177 est
784 4124 848 4179 Eur.
868 4124 1001 4178 Androm.
1020 4140 1060 4180 coo
1082 4122 1119 4193 ἣν
1144 4132 1214 4193 χρήκ
1244 4122 1271 4177 τ’
1297 4122 1425 4178 ἐλαύνειν
1454 4124 1540 4192 τήνδ’
1569 4126 1635 4193 ὑπὲρ

357 4192 463 4250 Νείλον
482 4193 550 4264 ήοάς
568 4192 638 4262 ὑπὲρ
656 4214 685 4249 τε
706 4198 803 4249 Φᾶσιν.

430 4270 543 4321 43—48.
563 4266 694 4320 Extrema
713 4284 777 4337 pars
797 4266 880 4320 huius
899 4266 1031 4321 carminis
1049 4283 1140 4335 aeque
1158 4269 1244 4335 atque
1262 4266 1418 4320 carminum
1436 4267 1468 4322 P.
1482 4286 1494 4320 1
1508 4271 1541 4323 et
1558 4289 1580 4322 n
1598 4269 1634 4322 in·

359 4340 418 4391 star
436 4338 624 4392 additamenti
644 4338 827 4407 (postscripti)
848 4341 900 4405 est,
920 4339 996 4408 quod
1013 4340 1046 4392 ut
1064 4356 1158 4392 coram
1176 4337 1280 4408 populo
1298 4340 1445 4393 caneretur
1458 4338 1571 4394 facturn
1584 4360 1635 4396 non

358 4413 428 4479 erat,
452 4410 502 4464 sed
525 4410 615 4463 vicem
638 4409 798 4464 commercii
820 4409 981 4479 epistolaris
1004 4410 1078 4463 inter
1100 4412 1214 4479 poetam
1237 4413 1266 4464 et
1288 4410 1410 4463 amicum
1433 4410 1588 4467 obtinebat
1607 4446 1633 4453 -

359 4486 400 4535 43.
420 4502 473 4535 νυν
492 4499 546 4535 non
566 4485 625 4535 tam
644 4481 794 4552 separandi
813 4482 866 4535 hoc
885 4485 996 4552 tempus
1015 4482 1052 4535 ab
1072 4480 1137 4534 aliis
1155 4478 1249 4551 (nunc)
1267 4498 1353 4549 quam
1372 4482 1565 4538 concludendi
1582 4485 1634 4538 vim

358 4552 465 4623 (igitur)
481 4552 584 4607 habere
598 4552 717 4609 videtur.
747 4552 858 4607 Invidia
872 4553 947 4607 enim
966 4552 1042 4607 omni
1060 4555 1187 4622 tempore
1205 4552 1260 4607 viri
1277 4551 1419 4623 principes
1437 4556 1635 4623 premebantur

359 4631 395 4691 (v.
411 4626 441 4679 0.
452 4644 480 4678 vr
494 4629 525 4693 r),
540 4642 630 4693 neque
645 4642 695 4677 cur
709 4628 768 4677 turn
782 4624 874 4696 magis
887 4624 967 4697 regia
982 4624 1080 4678 domus
1091 4624 1238 4706 Agrigenti
1251 4623 1362 4678 invidia
1374 4624 1513 4695 flagrasse
1528 4628 1635 4681 dicmur

358 4694 535 4764 intellegitur
554 4728 587 4737 »-
606 4703 648 4751 44.
669 4697 779 4766 μήτε..
797 4740 802 4749 .
818 4694 888 4765 μηδὲ
909 4696 1069 4750 defenditur
1087 4694 1173 4750 simih
1192 4714 1244 4750 usu
1263 4696 1327 4750 ούτε
1342 4740 1347 4749 .
1364 4740 1370 4751 ,
1386 4740 1391 4750 .
1408 4694 1477 4752 οὐδέ
1495 4698 1527 4755 P.
1542 4718 1592 4753 vm
1605 4717 1633 4758 ss,

358 4766 414 4821 nisi
424 4770 541 4835 uterque
550 4768 628 4821 locus
639 4768 767 4824 socordia
777 4768 932 4822 scribarum
942 4770 1089 4838 corruptus
1099 4770 1143 4821 est
1152 4800 1185 4807 —
1196 4773 1238 4823 44.
1249 4767 1352 4838 σιγάτω
1362 4767 1422 4824 scil.
1432 4768 1633 4840 Thrasybulus,

359 4838 394 4891 ad
406 4854 488 4906 quem
500 4856 528 4892 se
539 4838 596 4893 iam
606 4838 696 4893 redire
705 4843 789 4909 poeta
799 4840 911 4893 nomine
920 4839 1056 4911 πατρῴαν
1066 4839 1278 4907 significavit-
1286 4845 1329 4893 4o.
1341 4839 1531 4912 ἐλινύσοντας,
1542 4861 1597 4898 non
1606 4849 1632 4895 ut
