3417 5434
620 384 770 435 Isrflrsss
788 384 825 438 II.

69 562 110 609 ‘20
131 558 207 623 ταῖς
229 551 384 633 λιπαραῖς
407 544 443 611 έν
463 543 634 631 Ἀθάναις,
657 546 719 611 οὐκ
742 544 896 631 ἐμέμφθη

130 653 337 739 ῥυσίδιφρον
359 664 453 741 χεῖρα
474 651 673 730 πλαξίπποιο
696 656 818 736 φωτός,

130 885 194 950 τάν
218 886 408 970 Νικόμαχος
429 884 512 949 κατδι
534 884 652 969 καιρὸν
673 881 760 968 νεῖμ’
785 883 928 959 ἀπάσαις
950 883 1066 959 ἀνίαις.
1157 880 1240 948 ’Aac
1259 883 1303 967 β’.

132 992 209 1057 ὅντε
231 990 286 1057 καλ
308 992 449 1078 κάρυκες
467 988 524 1056 Ὡ-

178 1108 240 1183 ρᾶν
264 1098 420 1183 ἀνέγνον,
442 1098 671 1185 σπονδοφόροι
693 1099 845 1185 Κρονίδα
1323 1115 1357 1163 aa

132 1208 242 1289 Ζηνὸς
262 1204 395 1291 Ἀλεῖοι,
417 1208 583 1283 παθόντες
605 1207 671 1272 πού
693 1229 725 1271 τι
748 1204 924 1291 φιλόξενον
948 1207 1059 1289 ἔργον·

67 1330 107 1377 25
131 1312 291 1401 ἁδυπνόῳ
315 1312 353 1378 τέ
371 1337 428 1378 νιν
450 1311 633 1391 ἀσπάζοντο
657 1322 755 1400 φωνᾷ

131 1418 274 1506 χρυσέας
297 1418 333 1485 έν
355 1421 517 1503 γούνασιν
539 1423 698 1485 πιτνόντα
721 1422 829 1495 Νίκας

132 1664 235 1736 γαῖαν
253 1650 317 1717 ἀνά
336 1649 510 1737 σφετέραν,
529 1653 589 1717 τάν
608 1652 649 1737 δὴ
668 1650 835 1717 καλέοισιν
851 1648 1030 1734 Ὀλυμπίου
1048 1651 1132 1727 Διὸς
1175 1648 1241 1715 Tac.
1260 1650 1303 1733 β’.
1323 1668 1358 1715 40

130 1761 245 1835 ἄλσος·
268 1755 311 1824 ἵν’
339 1757 521 1836 ἀθανάτοις
544 1758 775 1843 Αἰνησιδάμου

130 1866 249 1942 παῖδες
272 1864 309 1931 έν
331 1877 440 1950 τιμαίς
463 1868 608 1951 ἔμιχθεν.

68 1991 109 2037 3ο
130 1972 188 2038 καί
211 1974 275 2059 γάρ
298 1971 360 2037 οὐκ
383 1972 527 2055 ἀγνῶτες
547 1972 629 2057 ὑμῖν
652 1971 720 2037 έντλ
744 1974 841 2057 δόμοι

129 2081 208 2145 οὔτε
231 2080 366 2164 κώμων,
390 2076 415 2145 ὦ
442 2077 664 2165 Θρασύβουλ’,
688 2078 829 2165 ἐρατᾶν,

132 2188 210 2252 οὔτε
234 2188 444 2271 μελικόμπων
468 2186 594 2253 ἀοιδᾶν.

151 2422 194 2470 22.
218 2414 291 2486 νεῖμ’
312 2414 435 2477 άπάσαις
457 2415 528 2471 coni.
548 2416 646 2471 Pauus:
670 2424 748 2484 νωμᾶ
774 2412 880 2477 πάσαις
900 2414 980 2469 οοδδ.
1000 2446 1035 2455 -
1053 2419 1095 2469 23.
1119 2412 1241 2485 ἀνέγνον
1259 2414 1313 2469 scri
1333 2414 1358 2469 si

69 2486 250 2543 Ahreneium
269 2489 381 2541 secutus
400 2486 445 2540 hic
464 2491 494 2542 et
511 2488 541 2542 P.
555 2506 585 2541 rx
599 2504 624 2543 se
642 2484 747 2541 collato
766 2485 795 2541 P.
811 2504 839 2541 rs
854 2501 905 2540 rao:
924 2484 1052 2555 ἀνέγνων
1066 2486 1129 2540 BD
1143 2518 1176 2525 —
1196 2492 1238 2541 24.
1254 2484 1357 2542 Ἀλειου

70 2558 168 2685 eplhsg.
188 2591 224 2685 {a
242 2565 284 2684 χρ.
304 2558 462 2623 ἀσπάζοντο
481 2575 515 2613 ex
533 2557 706 2624 ἀπίξονται
731 2574 800 2612 corr.
819 2558 847 2612 B
874 2588 907 2597 -
933 2562 975 2611 26.
1001 2555 1133 2611 πίτνοντα
1152 2558 1191 2625 D,
1216 2566 1358 2612 πιτνᾶντα

70 2650 88 2686 e
114 2676 120 2685 .
160 2646 193 2685 ra
226 2648 244 2684 ιι
280 2661 341 2684 .-

150 2778 193 2827 21.
213 2768 379 2843 δυσίδιφρον
398 2780 476 2842 χεῖρα
495 2788 606 2826 currum
625 2774 749 2826 tuentem
768 2788 897 2839 manum,
916 2773 1063 2825 nemetae
1082 2770 1244 2825 curribusve
1263 2788 1357 2825 aemu-

71 2846 171 2900 lorum
190 2842 412 2899 concertantium
436 2842 616 2899 collideretur
634 2874 667 2883 -
687 2848 729 2897 22.
755 2840 933 2913 Νικόμαχον·
959 2841 1032 2895 hunc
1050 2842 1251 2897 Atheniensem
1270 2842 1358 2897 fuisse

70 2915 249 2971 scholiastae
273 2914 401 2983 tradunt,
427 2932 460 2969 ex
483 2915 537 2970 hoc
554 2915 630 2986 ipso,
650 2913 761 2985 opinor,
780 2914 843 2968 loco
862 2913 1053 2968 coniecturam
1071 2912 1209 2968 facientes
1229 2946 1262 2954 -
1281 2913 1355 2984 νεῖμ’

72 2986 205 3049 ἁπάσαις
219 2983 321 3055 ἀνίαις,
340 2986 468 3041 admovit
481 3003 531 3041 suo
546 2988 671 3057 tempore
689 3002 804 3039 manum
823 2984 952 3039 omnibus
971 2983 1099 3054 habenis,
1117 2988 1151 3039 ut
1167 2985 1257 3040 citato
1275 3002 1358 3039 cursu

72 3061 186 3112 metam
209 3057 475 3127 circumveheretur,
497 3058 527 3111 id
550 3058 626 3127 quod
650 3056 752 3110 clarius
771 3055 914 3126 Vergilius
932 3056 1001 3111 Aen.
1015 3074 1033 3109 v
1046 3072 1120 3111 e1se
1160 3056 1255 3112 rescit:
1279 3059 1359 3113 addit

71 3134 160 3198 frena
182 3132 249 3196 feria
270 3130 398 3185 monibus
416 3148 449 3184 ιιι
471 3132 559 3185 cinna
581 3130 698 3197 effundit
715 3130 836 3183 habenae
859 3159 894 3167 -
917 3133 958 3182 28.
983 3125 1046 3182 ὅντε
1065 3126 1125 3182 scil.
1173 3126 1358 3197 icomachum,

72 3201 127 3270 qui
152 3200 277 3271 proxime
301 3148 456 3282 antecedit¹
480 3217 538 3255 nen
556 3200 753 3267 Xenocratem,
777 3198 826 3267 qui
846 3198 954 3280 primas
978 3200 1072 3269 partes
1096 3201 1157 3253 toto
1180 3198 1210 3253 in
1234 3199 1358 3254 carmine

72 3272 203 3340 obtinet,
222 3271 290 3327 licet
308 3271 411 3325 mirum
429 3272 519 3326 videri
537 3270 628 3342 possit
646 3270 775 3353 aurigam
793 3274 888 3353 potrus
907 3286 993 3339 quam
1011 3269 1147 3324 victorem
1165 3270 1256 3341 princi
1277 3287 1322 3324 em
1341 3288 1358 3325 a

72 3343 201 3398 Pindaro
220 3342 338 3399 laudari.
377 3342 432 3398 Sed
451 3342 599 3413 Olympica
617 3341 736 3398 sictona
755 3340 842 3396 eolrus
861 3340 997 3395 Theronis
1016 3339 1078 3409 luit,
1097 3359 1154 3396 uon
1172 3344 1205 3396 ut
1223 3343 1250 3395 Is
1283 3340 1358 3397 mica

72 3420 106 3470 et
129 3414 251 3484 Pythice
273 3414 393 3469 fratrum
411 3414 546 3469 Theronis
570 3417 599 3469 et
617 3413 783 3468 Xenocratis
806 3412 974 3479 communis;
996 3414 1146 3538 praeterea
1169 3412 1358 3468 Nicomachus

73 3486 242 3541 etiamnunc
261 3485 431 3541 interrivos
450 3485 537 3541 fuisse
556 3489 586 3541 et
602 3485 756 3555 praecipua
773 3483 868 3555 gratia
887 3483 995 3553 Thrasy
1016 3484 1057 3538 uli
1074 3500 1142 3538 usus
1164 3501 1226 3539 esse
1246 3484 1358 3539 videtur

74 3590 110 3598 -
132 3558 254 3627 κάρυκες
268 3555 355 3626 Ὡρᾶν
370 3601 376 3613 ,
390 3600 413 3611 ..
429 3555 622 3627 σπονδοφόροι
640 3554 775 3626 Κρονίδα,
794 3555 907 3610 fetiales
926 3555 995 3624 lllsi,
1015 3554 1064 3624 qui
1082 3572 1146 3610 cum
1164 3572 1254 3624 aequa
1272 3558 1358 3624 atquc

73 3630 240 3684 sacerdotes
258 3628 379 3683 Romani
398 3628 486 3683 fastos
506 3629 668 3698 conderent,
685 3631 797 3699 tempus
811 3626 942 3681 ludorum
956 3626 1146 3699 designabant
1160 3630 1245 3696 atque
1259 3644 1358 3697 pacem

74 3704 106 3757 et
125 3700 253 3755 indutias
267 3700 323 3771 (έκε
343 3696 443 3770 ειρίαν)
457 3716 506 3770 ρει
525 3700 609 3755 ferias
628 3700 702 3754 lovis
718 3698 931 3753 denuntiabant.
965 3697 1169 3753 Posterioribus
1183 3697 1358 3768 temporibus

74 3776 173 3827 certae
188 3771 300 3826 cuidam
314 3721 399 3825 classi
414 3772 591 3826 sacerdotum
605 3787 707 3826 nomen
722 3768 926 3839 σπονδοφόρων
940 3769 1063 3823 inditum
1077 3769 1163 3823 fuisse
1178 3770 1271 3823 titulis
1282 3767 1358 3822 Eleis

75 3846 204 3909 constat;
220 3843 291 3898 cons.
302 3842 448 3905 Botticher
460 3842 591 3914 Olympia
605 3862 631 3913 p.
643 3858 689 3897 ror.
709 3842 769 3896 Hoc
784 3841 846 3896 loco
860 3840 973 3895 fetiales
987 3840 1039 3909 illi,
1054 3858 1118 3895 cum
1132 3840 1358 3910 hospitalitatem

76 3915 208 3983 aliquam
222 3914 470 3985 Agrigentinorum
488 3914 596 3985 experti
610 3916 711 3982 essent,
726 3913 849 3968 libenter
862 3912 1065 3966 Nicomachum
1079 3910 1209 3982 aurigam
1222 3910 1358 3965 Theronis

76 3986 229 4057 agnovisse
244 3986 388 4054 dicuntur;
403 3986 451 4040 vix
466 3984 541 4041 enim
554 3986 671 4041 verbum
685 3982 806 4054 ἀνέγνον
820 3984 855 4038 de
868 3982 1077 4038 renuntiatione
1084 3982 1199 4037 victoris
1211 4000 1244 4037 ex
1258 3982 1358 4037 tabula

75 4058 157 4113 facta
171 4056 231 4113 acci
252 4073 297 4111 ere
311 4056 379 4111 lieet
394 4088 426 4097 —
442 4062 484 4111 24.
498 4055 644 4120 παθόντες
656 4056 712 4111 ποί
726 4076 753 4111 τι
767 4053 916 4125 φιλόξενον
931 4054 1028 4124 ἔργον·
1044 4071 1099 4123 quo
1114 4054 1176 4108 loco
1189 4056 1220 4108 et
1232 4057 1358 4124 tempore

76 4129 204 4199 hospitio
245 4128 384 4183 icomachi
403 4130 432 4183 et
450 4144 548 4200 regum
561 4128 808 4199 Agrigentinorum
827 4126 872 4180 usi
890 4129 992 4195 essent,
1011 4128 1096 4195 poeta
1113 4142 1170 4179 non
1188 4124 1357 4191 declaravit;

77 4202 145 4255 inde
170 4200 308 4270 suspicari
330 4198 398 4255 licet
421 4200 514 4269 Eleos,
539 4218 594 4269 quo
618 4198 796 4271 splendorem
818 4198 949 4252 ludorum
966 4196 1122 4267 patriorum
1140 4199 1289 4267 augerent,
1308 4213 1359 4266 per

79 4274 192 4342 legatos
211 4288 290 4343 reges
310 4270 424 4326 Siciliae
442 4272 479 4325 ad
498 4271 629 4326 obeunda
642 4270 798 4326 certamina
812 4268 962 4339 Olympica
978 4268 1115 4323 invitasse
1134 4300 1167 4308 -
1187 4275 1229 4323 26.
1249 4267 1281 4322 ἐν
1294 4268 1358 4337 γοό-

78 4361 163 4400 νασιν
185 4340 321 4399 πιτνόντα
344 4340 448 4405 Νίκας·
473 4342 508 4398 cf.
522 4342 557 4399 N.
572 4362 589 4397 v
602 4360 627 4398 ιι
647 4340 741 4404 Νίκας
764 4340 794 4397 ἐν
818 4343 836 4395 ἀ
855 4342 972 4395 κάνεσσι
994 4341 1100 4394 πιτνόιν
1118 4372 1152 4379 -
1172 4345 1214 4393 27.
1239 4340 1357 4395 τὰν...

79 4416 175 4478 ἄλσος·
194 4417 287 4470 totum
305 4432 404 4485 agrum
422 4414 522 4469 llleum
539 4414 613 4469 Iovis
633 4415 745 4470 hortum
758 4429 819 4467 esse
833 4362 970 4479 lerebant,
985 4413 1017 4464 ut
1030 4411 1060 4465 P.
1074 4430 1103 4463 rx
1116 4427 1142 4466 se
1157 4410 1277 4479 Libyam
1290 4412 1360 4473 Διὸς

79 4496 174 4543 κᾶπον
189 4489 219 4541 et
232 4488 261 4543 P.
276 4506 304 4543 ιν
319 4504 343 4542 ει
359 4486 542 4555 Cyrenaicum
557 4502 656 4558 agrum
669 4494 763 4539 κᾶπον
774 4479 938 4552 Ἀφροδίτας
950 4482 1125 4551 nuncupavit
1139 4514 1173 4521 —
1188 4487 1222 4535 29
1245 4484 1358 4545 παῖδες·

79 4560 192 4613 Theron
206 4560 236 4614 et
249 4558 429 4627 Xenocrates,
443 4558 511 4613 licet
524 4576 611 4612 unum
625 4557 781 4611 Theronem
792 4554 923 4624 Olympia
936 4553 1037 4607 vicisse
1051 4556 1137 4622 poeta
1150 4553 1228 4607 dicat
1243 4553 1274 4608 0.
1285 4572 1306 4605 11
1320 4570 1359 4618 σος

80 4631 131 4685 sed
154 4631 234 4685 amat
255 4629 394 4684 Pindarus
416 4646 470 4684 usu
491 4628 609 4700 pluralis
633 4644 692 4683 rem
716 4642 886 4697 exaggerare
909 4629 939 4679 et
960 4624 1055 4694 plures
1077 4624 1185 4695 gloriae
1205 4624 1359 4695 participes

81 4703 187 4769 lacera
212 4702 246 4756 ci.
265 4701 286 4757 I.
305 4720 315 4753 1
336 4717 360 4756 ra
380 4732 413 4741 ·-
433 4700 464 4756 lc
486 4710 578 4771 τιμαῖς
601 4699 730 4771 ἔμιχθεν·
755 4696 908 4753 honoribus
932 4696 1027 4750 affecti
1051 4699 1128 4764 sunt3
1153 4696 1187 4750 cf.
1208 4696 1239 4751 Ο.
1254 4715 1265 4748 ι
1283 4712 1309 4751 eo
1329 4695 1359 4750 ἐν

81 4770 279 4844 αἱμακουρίαις
301 4770 431 4843 μέμικται
455 4804 490 4813 -
513 4778 555 4827 31,
579 4773 700 4845 κόμαν.
717 4770 864 4825 ..ἀοιδᾶν
887 4768 1116 4822 comissationum
1138 4784 1359 4838 pomparumque

80 4849 110 4900 et
129 4845 286 4899 carminum
304 4844 333 4898 in
352 4842 549 4899 comissatione
569 4844 766 4900 canendorum.

134 4946 268 4998 Pisanus,
284 4944 319 4988 sd.
334 4944 438 4984 Ohrlrt.
1114 4935 1148 4982 22
