3417 5434
573 336 723 387 1srmc1a
742 336 794 385 vu
812 332 882 404 [νη.
1301 332 1365 396 367

85 520 183 577 quam
207 501 285 578 quod
310 502 425 563 coronis
448 505 538 579 poeta
562 502 711 579 ceterique
735 502 823 562 amici
848 502 980 561 redimiti
1003 520 1066 561 esse
1085 502 1228 562 dicuntur
1246 495 1287 583 (v.
1307 496 1365 585 39).

84 590 211 650 Publice
239 594 352 671 autem,
381 612 440 651 non
468 592 547 651 iuter
573 592 707 669 privatos
734 592 865 668 parietas
895 592 1135 651 comissationem
1157 592 1269 651 factam
1294 611 1365 670 esse,

84 700 124 738 er
149 684 327 759 argumento
351 681 502 759 carminis,
531 684 566 739 ut
590 682 671 757 quod
692 681 829 757 publicas
852 700 899 739 res
922 681 1132 740 Thebanorum
1155 682 1252 759 magis
1275 701 1367 758 quam

82 770 196 829 decora
219 769 425 846 Strepsiadeae
453 771 559 830 domus
582 773 708 848 spectet,
737 770 939 849 colligendum
962 789 1024 829 esse
1048 769 1194 830 existimo.
1240 771 1288 828 Ad
1310 791 1366 846 po-

84 862 234 918 stremum
248 880 354 919 moneo
368 859 523 918 minimam
542 860 573 918 in
592 859 648 919 hoc
667 859 796 919 carmine
816 859 1002 919 concordiam
1017 859 1158 918 metricae
1174 862 1204 917 et
1217 860 1366 920 oratoriae

84 948 261 1023 partitionis
285 968 355 1009 esse.
392 950 497 1025 Neque
521 948 600 1007 enim
624 950 720 1007 solum
745 949 886 1025 strophae
909 950 940 1007 et
963 948 1177 1025 antistrophae,
1201 948 1251 1007 sed
1275 949 1366 1008 etiam

84 1037 177 1112 epodi
195 1056 264 1097 raro
283 1039 432 1098 sententia
454 1038 587 1114 perfecta
606 1041 697 1115 atque
716 1038 857 1098 absoluta
875 1038 1066 1115 clauduntur,
1086 1038 1166 1114 quod
1185 1039 1216 1096 in
1235 1039 1365 1097 carmine

84 1144 106 1182 a
130 1144 199 1185 sene
223 1130 312 1203 poeta
335 1128 416 1187 iacto
439 1129 508 1203 plus
531 1127 624 1187 etiam
646 1146 738 1204 quam
760 1127 791 1185 in
815 1127 884 1186 aliis
907 1127 1077 1187 offensionis
1100 1127 1198 1187 hahet.

148 1320 221 1383 Τίνι
244 1329 312 1384 τῶν
334 1318 453 1404 πάρος,
476 1313 501 1383 ὦ
525 1317 669 1404 μάκαιρα
695 1321 802 1402 Θήβα,
1169 1323 1249 1404 Στρ.
1269 1316 1313 1383 α’.

131 1430 255 1509 ,καλῶν
277 1424 463 1511 ἐπιχωρίων
486 1425 626 1509 μάλιστα
649 1426 778 1508 θυ-μὸν
801 1424 876 1488 τεὸν

143 1532 326 1617 adoperiam
349 1524 369 1614 ἦ
392 1532 435 1618 ῥα
458 1535 680 1618 χαλκοκρότου
703 1530 872 1617 πάρεδρον

142 1638 337 1724 Δαμάτερος
360 1636 444 1703 ἁνίκ’
473 1638 671 1726 εὐρυχαίταν

104 1762 121 1809 5
143 1747 293 1821 ἄντειλας
316 1747 503 1830 Διόνυσον,
526 1744 546 1828 ἢ
570 1756 682 1834 χρυσῷ
705 1746 923 1828 μεσονύκτιον
944 1747 994 1810 νί-

188 1876 294 1937 φοντα
318 1850 477 1937 δεξαμένα
500 1853 558 1918 τὸν
582 1852 747 1937 φέρτατον
769 1858 875 1935 θεῶν,

143 2047 236 2114 ὁπότ’
256 2047 506 2135 Ἀμφιτρύωνος
529 2047 565 2113 έν
587 2046 765 2135 θυρέτροις

143 2154 279 2233 σταθεὶς
301 2157 423 2241 άλοχον
446 2161 609 2240 μετῆλθεν
628 2154 851 2243 Ἡρακλεί-οις
874 2168 1003 2238 γοναῑςς

143 2262 163 2347 ἢ
188 2261 272 2349 ἀμφὶ
295 2276 435 2340 πυκναῖς
464 2266 632 2350 Τειρεσίαο
655 2266 808 2346 βουλαῑς;

143 2370 164 2453 ἢ
187 2368 270 2455 ἀμφ’
291 2368 419 2437 Ἰόλαον
443 2372 634 2455 lundensem

89 2496 123 2542 10
144 2476 164 2560 ἢ
189 2482 356 2563 Σπαρτῶν
380 2476 684 2563 άκαμαντολογχᾶν;
708 2476 727 2561 ἢ
752 2478 804 2542 ὅτε
828 2488 987 2564 καρτερᾶς
1008 2477 1065 2541 ''A-

188 2584 334 2671 δραστον
356 2582 388 2661 ἐξ
413 2582 534 2661 ἀλαλᾶς
557 2586 731 2668 ἄμπεμψας
754 2584 906 2669 ὀρφανὸν
1333 2603 1366 2651 16

162 2813 244 2848 vinu
262 2813 365 2848 inemo.
399 2794 483 2850 Inscr.
499 2811 552 2849 om.
566 2796 630 2850 BD
644 2797 673 2849 et
691 2794 776 2849 schol.
798 2828 829 2836 -
850 2802 874 2849 6.
893 2798 956 2865 δερ.
977 2796 1004 2850 Β
1023 2827 1056 2835 -
1076 2803 1091 2850 8
1111 2799 1140 2849 et
1159 2802 1182 2852 9.
1202 2794 1220 2865 ἢ
1240 2798 1366 2853 Schmid:

89 2865 107 2935 ἢ
127 2866 169 2921 δι’
186 2868 213 2921 B
219 2867 257 2935 D,
275 2864 305 2935 δι’
320 2867 476 2921 Mommsen
492 2899 523 2907 -
540 2872 563 2921 8.
583 2875 703 2929 πυκναῖς
719 2864 864 2935 Τειρεσίαο
879 2867 949 2921 coni.
966 2868 1063 2924 Pauw:
1082 2866 1220 2937 τειρεσίαο
1235 2879 1368 2933 πυκιναῑς

89 2940 117 2993 Β
123 2940 165 3007 D;
183 2938 305 3001 πυκναλς
320 2982 325 2991 .
342 2982 347 2993 .
364 2982 368 2991 .
385 2934 499 3010 βουλαῖς
518 2956 592 3009 susp.
611 2938 705 3008 Bergk
723 2970 758 2978 —
778 2944 819 2992 10.
839 2960 917 3007 κρατ,
937 2940 967 2992 D
983 2972 1019 2979 —

163 3098 352 3135 comerrien,
379 3097 405 3134 r.
422 3086 446 3136 1.
466 3075 487 3134 ὦ
501 3069 626 3151 μάκαιρα
638 3081 728 3154 Θήβα,
743 3081 825 3135 deam
840 3081 918 3135 urbis
933 3081 1092 3136 Thebarum
1105 3084 1191 3152 poeta
1205 3081 1366 3151 alloquitur,

90 3156 122 3207 ut
135 3154 177 3209 I.1
193 3170 204 3207 1
215 3170 250 3207 ee.
270 3151 376 3205 Multus
385 3168 451 3205 vero
466 3155 509 3207 est
522 3155 607 3223 poeta
616 3153 646 3205 in
656 3152 827 3207 ornamentis
838 3153 916 3207 urbis
926 3154 1131 3223 enumerandis,
1141 3170 1226 3222 quam
1236 3155 1272 3208 ob
1287 3155 1367 3208 uber-

89 3228 181 3279 tatem
199 3223 299 3277 similis
319 3222 451 3277 carminis
470 3223 513 3293 (fr.
528 3240 561 3280 se.
577 3227 613 3295 ao)
632 3224 690 3277 iam
707 3224 817 3279 iuvenis
836 3241 853 3278 a
873 3224 995 3279 Corinna
1012 3224 1187 3296 vituperatus
1207 3229 1280 3294 erat;
1305 3225 1367 3278 imi·

90 3296 226 3350 tabantur
249 3297 343 3349 autem
366 3294 395 3347 in
418 3295 472 3349 hac
491 3312 520 3349 re
538 3298 639 3365 poetae
658 3294 792 3364 artifices,
816 3295 914 3365 quiin
931 3294 1099 3365 templorum
1117 3298 1260 3367 tympanis
1279 3300 1367 3349 meto-

88 3369 191 3439 pisque
211 3370 296 3435 atque
314 3365 344 3419 in
363 3365 479 3421 deorum
497 3366 623 3421 vestibus
642 3366 719 3420 sellis
739 3366 823 3421 armis
843 3367 1009 3421 decorandis
1027 3366 1184 3421 multifaria
1203 3372 1368 3422 ornamenta

89 3440 275 3506 undecunque
303 3454 454 3507 congerere
479 3437 621 3505 solebant3
648 3438 774 3493 conferas
800 3439 883 3493 modo
909 3439 1052 3493 Minervm
1077 3438 1232 3493 Laconicae
1256 3438 1368 3510 signnm

88 3512 175 3565 rebus
199 3527 217 3563 a
240 3508 367 3563 Minerva
390 3508 508 3563 Hercule
534 3509 681 3578 Tyndareo
705 3510 805 3564 Perseo
828 3509 916 3579 gestie
942 3512 1072 3565 ornatum
1096 3527 1141 3580 ap.
1161 3510 1242 3564 Paus.
1262 3530 1283 3563 11
1303 3528 1368 3579 ras

30 3634 31 3637 ,
88 3616 118 3623 ·-
145 3588 170 3635 3.
189 3578 377 3651 χαλκοκρότου
395 3582 538 3649 πάρεδρον
557 3581 732 3651 Δαμάτερος·
758 3580 857 3637 schol:
883 3582 962 3650 παρὰ
980 3580 1015 3635 τὰ
1035 3581 1240 3636 έπικτυποῦντα
1259 3583 1290 3637 ἐν
1308 3592 1368 3645 ταῖς

87 3658 214 3716 τελεταῖς
231 3660 281 3721 τῆς
299 3652 445 3721 Δήμητρος
463 3653 602 3725 κύμβαλα·
623 3652 659 3705 cf.
678 3651 750 3707 Vell.
770 3652 878 3707 Patere.
893 3672 904 3705 1
917 3671 938 3721 ι,
953 3672 964 3707 1
981 3656 1053 3708 aeris
1070 3670 1145 3720 sono,
1164 3656 1254 3723 ραολίε
1275 3655 1367 3709 Cerea-

88 3728 164 3781 libus
182 3727 268 3779 sacris
287 3726 354 3778 cieri
371 3726 445 3778 solet.
483 3723 609 3777 Societas
628 3740 693 3778 vero
713 3729 790 3778 θεῶν
808 3722 967 3793 παρέδρων,
987 3724 1134 3794 Δήμητρος
1152 3726 1200 3778 καλ
1219 3726 1367 3791 Διονύσου,

89 3794 200 3851 Cereris
220 3798 248 3849 et
266 3794 360 3849 Liberi
379 3810 413 3848 ex
431 3794 627 3863 mysteriorum
646 3795 724 3849 cultu
742 3794 886 3849 Eleusinio
901 3799 964 3850 orta
977 3812 1037 3849 esse
1052 3796 1176 3862 videtur;
1196 3795 1232 3851 cl.
1245 3796 1369 3849 Rosoher

89 3870 146 3923 lex.
166 3866 255 3935 myth.
274 3881 363 3921 11035.
400 3866 440 3919 De
459 3866 570 3921 Baccho
590 3883 607 3919 a
626 3867 748 3935 Semela,
767 3866 828 3920 filia
847 3866 959 3935 Cadmi,
977 3870 1045 3920 nato
1065 3865 1160 3921 omnia
1177 3868 1257 3933 nota;
1281 3868 1315 3919 cf.
1335 3866 1367 3920 0.

86 3959 109 3993 11
127 3954 153 3994 ss
167 3970 203 3978 -
216 3943 240 3993 4.
262 3934 441 4020 εὐρυχαίταν·
461 3938 586 3992 caesarie
604 3937 690 4007 longa
705 3940 734 3991 et
747 3938 806 3991 lata
820 3939 924 3992 fluente
938 3939 1075 4005 ornatum,
1095 3937 1208 4006 qualem
1226 3936 1368 3989 Bacchum

86 4012 220 4065 iuvenem
239 4012 268 4063 et
284 4008 387 4079 virgrm
406 4024 491 4077 quam
509 4008 570 4063 viro
589 4008 752 4063 similiorem
772 4009 894 4063 artifices
912 4010 1017 4080 fingere
1036 4008 1166 4062 solebant
1179 4041 1215 4048 —
1234 4014 1257 4064 o.
1277 4013 1368 4080 χρυσῷ
1471 4034 1474 4037 ·

85 4081 222 4153 νίφοντα·
250 4097 317 4135 auro
337 4080 443 4147 lovem,
463 4096 526 4133 cum
545 4080 697 4134 Alcmenae
716 4083 825 4134 uterum
844 4080 1022 4149 fecundaret,
1045 4079 1151 4150 pluisse
1175 4079 1220 4133 vel
1243 4078 1367 4133 ninxisse

87 4154 229 4209 Pindarus
256 4154 429 4207 commentus
453 4153 509 4221 est,
533 4151 660 4206 fabulam
679 4152 794 4206 Danaae
814 4168 928 4205 auream
947 4151 1020 4206 Iovis
1038 4151 1164 4221 pluviam
1183 4149 1367 4220 concipientis

87 4226 219 4279 imitatus
236 4254 267 4263 -
285 4229 307 4277 7.
325 4220 498 4305 Ἡρακλείοις
512 4232 619 4295 γοναῖς·
640 4221 769 4277 Herculis
784 4240 847 4276 cum
863 4222 1014 4277 seminibus
1028 4222 1241 4294 Amphitryonis
1254 4238 1368 4275 uxorem

85 4296 170 4363 visit3
189 4295 275 4366 γονὰς
293 4312 368 4349 emm
387 4293 502 4363 semina,
521 4312 594 4364 quae
613 4293 718 4349 femina
735 4294 886 4365 concipiat,
903 4293 1001 4349 intelle
1022 4294 1095 4348 enda
1109 4312 1178 4361 esse,
1198 4294 1281 4349 docet
1294 4310 1367 4348 com-

86 4367 202 4439 paratio
227 4366 262 4420 N.
281 4384 320 4420 vn
338 4383 365 4421 ει
390 4365 498 4436 λέγοντι
517 4364 622 4421 Alauda
646 4386 691 4421 νιν
715 4363 792 4435 (Δία)
815 4366 871 4421 ὑπὸ
896 4312 1079 4435 ματροδδιιοις
1100 4374 1198 4434 γοναῖς
1221 4373 1367 4435 φυτεῦσαι.

88 4442 131 4495 De
152 4456 181 4493 re
203 4439 266 4509 ipsa
284 4438 357 4493 conf.
376 4437 411 4491 N.
431 4458 448 4491 x
468 4454 493 4493 ιε
512 4455 547 4492 ss.
568 4470 601 4478 -
621 4443 687 4492 διε.
707 4437 853 4506 Pindarus,
874 4453 929 4505 quo
949 4436 1042 4490 studio
1060 4437 1214 4491 variandae
1233 4436 1369 4502 orationis

88 4510 256 4580 ducebatur,
276 4526 425 4563 causarum
444 4526 584 4578 quamque
603 4509 662 4563 alia
680 4509 770 4562 forma
789 4508 938 4578 expressit;
958 4506 992 4562 cf.
1006 4507 1040 4561 N.
1056 4526 1074 4561 v
1090 4523 1124 4562 aa.
1153 4507 1254 4562 Nescio
1273 4510 1369 4562 tamen

88 4602 127 4637 an
147 4580 263 4636 nomina
280 4581 401 4643 πυκναλς
416 4578 541 4703 pactole,
560 4598 595 4635 ne
614 4580 688 4634 iusto
707 4580 797 4633 maior
815 4578 937 4633 variatio
955 4580 1014 4646 fiat,
1032 4594 1083 4648 pro
1097 4579 1266 4633 accusativis
1281 4580 1368 4633 Boeo-

88 4654 138 4709 tiis
158 4652 290 4708 habenda
309 4652 380 4720 sint;
399 4668 413 4705 c
429 4695 434 4707 .
448 4652 469 4706 I.
484 4670 494 4704 1
512 4668 538 4706 sa
552 4670 572 4706 s.
594 4686 626 4691 —
647 4658 688 4706 10.
709 4655 849 4719 Σπαρτῶν
868 4651 1130 4720 ἀκαμαντολογχᾶν·
1149 4654 1241 4720 genet.
1257 4667 1368 4721 causae,

88 4724 303 4795 coniungendue
322 4722 371 4777 ille
391 4740 454 4777 oum
472 4724 557 4777 verbo
578 4724 721 4793 εὔφρανας
743 4719 839 4793 θυμόν
857 4755 893 4762 -
906 4720 1068 4789 Ἀδραστον
1092 4721 1191 4775 ducem
1213 4720 1369 4792 principem

89 4816 125 4853 ex
154 4800 262 4867 septem
289 4794 432 4864 ducibus„
446 4795 495 4863 qui
518 4795 628 4849 Thebas
652 4797 895 4865 oppugnaverant3
921 4793 946 4846 is
968 4792 1114 4864 aptissime
1132 4796 1244 4862 praeter
1262 4797 1369 4847 ceteros
