3417 5434
483 304 533 358 111.
560 305 610 355 DE
628 305 738 356 LUDIS
756 305 802 356 ET
821 305 1000 357 EPINICIIS.
1300 304 1386 358 LXXI

78 473 204 532 tamen
229 467 309 552 quin
332 471 431 552 poeta
453 466 508 550 iis,
535 467 678 550 quaeda
703 467 934 532 certaminibus
959 466 1195 550 antiquissimis
1219 472 1386 552 comperta

78 575 248 660 habebat,
271 573 571 640 adcommodaverit
593 573 727 638 dubium
749 596 816 640 non
839 579 899 639 est

179 681 366 767 Postquam
389 681 429 746 ad
451 679 608 745 historica
630 684 780 765 tempora
803 681 1005 764 devenimus,
1028 681 1171 766 primurn
1195 705 1278 768 quae
1299 681 1384 749 Pau-

81 790 203 855 sanias
227 791 296 856 v8
330 794 363 854 et
396 787 616 852 Philostratus
645 808 753 874 gymn.
783 811 813 873 p.
833 789 896 853 267
921 787 960 852 Κ.
994 793 1028 852 et
1056 787 1220 854 Eusebius
1251 790 1385 855 chrono-

83 897 239 983 graphus
269 897 309 961 de
336 895 421 960 ludis
445 893 614 980 Olympiae
642 893 793 980 deinceps
820 894 983 961 institutis
1010 900 1237 980 narraverunt,
1264 897 1383 962 referre

83 999 269 1090 expedit.¹)
316 1001 486 1087 Olympiae
516 1000 619 1087 igitur
647 999 791 1085 primum
822 1001 893 1067 solo
923 1002 1029 1067 stadio
1057 1004 1241 1089 certabant,
1272 1001 1321 1068 Ol.
1342 1007 1383 1070 14

83 1110 259 1176 adiectum
286 1131 357 1176 asse
384 1109 489 1178 fertur
516 1112 679 1173 certamen
706 1107 830 1193 diaulo,
858 1107 906 1174 01.
923 1109 965 1174 15
988 1108 1131 1195 dolicho,
1157 1107 1206 1174 01.
1224 1113 1263 1177 18
1292 1111 1384 1195 quin·

84 1217 224 1302 quertio
244 1222 279 1282 et
297 1217 387 1282 lucta
406 1215 612 1304 (πένταθλον
630 1212 685 1280 καί
703 1215 836 1304 πάλην),
860 1215 909 1281 Ol.
920 1218 964 1282 23
981 1216 1142 1303 pugilatu,
1165 1215 1269 1284 0125
1286 1241 1383 1284 curru

85 1321 246 1412 (ἅρματι)
269 1325 320 1389 vel
344 1323 511 1410 quadrigis
535 1321 661 1410 (ἵτιιων
678 1327 813 1390 τελείων
832 1325 961 1412 δρόμῳ,
986 1324 1038 1388 vel
1060 1328 1233 1414 τεθρίππῳ
1258 1326 1308 1390 vel
1329 1327 1382 1392 ἴτ-

84 1428 198 1518 ιιοις),
226 1428 275 1495 01.
290 1431 333 1495 33
362 1429 530 1515 pancratio
554 1429 698 1495 virorum
726 1434 760 1494 et
785 1452 869 1515 equo
893 1430 1071 1496 desultorio
1095 1428 1248 1520 (κέλητι),
1273 1433 1322 1498 01.
1338 1436 1380 1500 37

85 1537 200 1603 stadio
219 1559 395 1622 puerorum
415 1543 449 1601 et
466 1537 556 1602 lucta
573 1558 758 1622 puerorum,
776 1536 826 1603 01.
838 1539 880 1602 41
901 1537 1053 1623 pugilatu
1071 1560 1257 1626 puerorum,
1276 1539 1381 1607 0165

86 1667 191 1710 cursu
220 1649 348 1710 armato
378 1643 539 1732 (ὁπλιτῶν
562 1641 704 1740 δρόμῳ),
741 1644 789 1710 01.
809 1645 852 1709 93
881 1645 959 1730 biga
986 1642 1164 1732 (συνωρίδι
1192 1647 1303 1712 ῒτιιιων
1329 1671 1380 1713 τε-

86 1751 215 1838 λείων),
240 1751 289 1817 01.
304 1752 347 1818 99
372 1752 537 1838 quadrigis
560 1757 725 1840 pullorum
748 1774 906 1838 equorum
930 1748 1066 1837 (πώλων
1084 1751 1228 1840 ἅρματι),
1253 1753 1301 1818 01.
1316 1756 1379 1819 129

86 1861 171 1946 biga
199 1859 380 1945 pullorum,
409 1858 457 1925 Ol.
481 1861 540 1926 131
572 1864 673 1929 celate
701 1861 805 1947 pullu,
836 1858 885 1924 Ol.
906 1859 970 1924 145
997 1859 1167 1943 pancratio
1195 1883 1379 1946 puerorum.

86 1967 201 2052 Atque
230 1967 311 2031 haec
339 1971 416 2032 sunt
442 1969 622 2035 octodecim
646 1967 728 2058 (ιη’)
757 1967 937 2033 certamina
964 1964 1206 2054 (ἀγωνίσματα)
1232 1973 1379 2034 veterum

87 2074 390 2162 grammaticorum.
443 2073 529 2141 Nam
561 2077 597 2141 in
626 2075 751 2142 scholio
782 2075 822 2140 ad
853 2072 994 2140 0.v14
1025 2074 1211 2158 στεφάνους
1234 2077 1300 2159 ἔχει
1322 2075 1377 2159 κη’

86 2182 301 2248 librariorum
330 2181 410 2246 vitio
438 2181 492 2266 κη’
520 2206 559 2247 ex
586 2183 633 2268 ιη’
662 2187 853 2266 corruptum
883 2202 954 2246 esse
988 2184 1094 2265 patet,
1130 2187 1164 2245 et
1192 2181 1378 2268 scholiasta,

86 2290 146 2374 qni
171 2289 211 2354 ad
236 2287 385 2354 O.11160
408 2288 621 2376 ἀγωνίσματα
644 2290 685 2370 ιζ’
708 2290 810 2356 fuisse
833 2288 950 2373 tradit,
970 2288 1037 2352 iam
1060 2288 1095 2352 in
1119 2310 1178 2353 suo
1202 2290 1378 2374 exemplari

86 2419 193 2461 unum
224 2395 411 2463 certaminis
442 2419 545 2484 genus
575 2402 631 2464 aut
663 2397 878 2484 praeteritum
910 2399 968 2460 aut
996 2394 1114 2460 lacuna
1145 2395 1299 2462 haustum
1329 2396 1377 2461 in-

88 2503 219 2569 venisse
247 2503 384 2568 ridetur.
438 2503 610 2571 Praeterea
637 2505 817 2571 Pausanias
846 2501 1005 2568 nonnulla
1034 2502 1212 2567 certamina
1239 2525 1378 2569 comme

88 2617 210 2694 morat,
244 2633 327 2695 quae
355 2633 421 2676 non
448 2613 595 2700 durasse,
626 2614 683 2678 scd
712 2633 788 2678 mox
817 2609 941 2676 abolita
970 2630 1041 2674 esse
1068 2608 1162 2694 dicit3
1191 2610 1239 2674 sic
1265 2616 1377 2695 penta-

88 2719 197 2783 thlum
226 2739 402 2803 puerorum
425 2718 535 2786 0138
559 2721 750 2786 institutum
778 2723 811 2783 et
835 2717 902 2782 iam
926 2722 1081 2800 sequente
1104 2715 1297 2801 Olympiade
1322 2710 1375 2783 ab·

89 2825 217 2909 clitum,
240 2825 399 2890 mutarem
418 2825 530 2912 bigam
549 2826 651 2892 0170
670 2832 703 2891 et
722 2826 850 2911 culpam
865 2822 913 2889 Ol.
925 2825 965 2889 71
985 2823 1182 2909 institutam,
1204 2829 1376 2910 utramque

90 2933 140 2997 01.
156 2935 196 3000 81
222 2934 344 2998 iterum
367 2932 528 2998 abiectam
551 2956 621 2999 esse
645 2933 753 3000 refert.

178 3039 317 3126 Delphis
344 3039 430 3105 idem
452 3039 631 3106 Pausanias
649 3044 711 3106 xl
737 3043 888 3106 accurate
911 3037 1023 3123 refert,
1049 3061 1115 3124 quo
1139 3040 1288 3124 quodque
1312 3062 1376 3105 cer-

89 3155 200 3212 tamen
219 3170 304 3213 anno
325 3153 492 3232 receptum
516 3147 567 3212 sit.
604 3146 714 3232 Atque
737 3146 928 3232 priusquam
950 3145 1030 3209 iusti
1053 3149 1088 3209 et
1110 3144 1189 3210 stati
1211 3146 1279 3210 ludi
1298 3146 1377 3212 fuis·

90 3259 177 3339 sent,
199 3255 322 3338 hymno
346 3253 483 3338 Delphis
507 3259 667 3319 certatum
691 3276 761 3319 esse
786 3257 819 3318 et
839 3250 1116 3336 Chrysothemim,
1138 3250 1376 3340 Philammona,

89 3361 266 3446 Thamyrin
296 3361 501 3426 citharoedos
531 3366 565 3426 et
594 3361 826 3426 Eleuthereum
859 3358 1060 3444 rhapsodum
1092 3356 1224 3443 hymnis
1257 3359 1373 3425 vicisse

92 3473 181 3532 retus
201 3466 289 3531 fama
306 3467 378 3531 fuit.
417 3467 542 3533 Deinde
561 3466 610 3533 01.
625 3470 678 3552 48,
693 3469 724 3552 3,
746 3488 811 3552 quo
836 3487 921 3530 anno
944 3464 1050 3550 prima
1067 3465 1188 3551 Pythia
1211 3471 1285 3532 acta
1303 3489 1374 3533 esse

91 3574 265 3640 Pausanias
293 3574 328 3638 in
358 3597 417 3639 suo
443 3575 534 3640 fonte
563 3574 702 3661 invenit,
734 3573 916 3640 certamina
942 3573 1044 3639 fuisse
1072 3573 1221 3638 feruntur
1249 3575 1373 3641 musica

91 3682 165 3766 tria,
192 3681 373 3747 citharodia
395 3681 525 3747 aulodia
548 3681 667 3748 aulcsis
696 3681 794 3770 (assis
818 3678 938 3767 tibiis),
970 3680 1045 3745 erin
1074 3680 1227 3766 gymnica
1254 3682 1372 3767 quibus
1467 3754 1469 3757 ,

78 3787 346 3874 asmolympiae
368 3789 546 3873 certabant,
570 3789 714 3874 exceptis
734 3788 910 3875 quadrigis,
928 3788 1077 3854 undecim
1097 3787 1231 3875 (stadio,
1254 3788 1373 3875 diaulo,

76 3896 231 3961 Pindarus
249 3895 466 3982 redruxrcytio.
488 3896 587 3983 lucta,
609 3896 769 3983 pugilatu,
791 3895 971 3983 pancratio,
994 3895 1104 3981 celete,
1131 3894 1237 3961 stadio
1260 3918 1373 3982 puero-

80 4025 147 4068 csse
169 4001 327 4068 historica
349 4003 411 4068 fide
435 4010 575 4088 constat,
598 4029 626 4070 ιιι
678 4009 688 4028 ”
743 4000 885 4091 ·.·orum),
908 4003 1045 4087 denique
1068 4002 1246 4068 certamina
1264 4002 1372 4089 Olym-

93 4111 170 4195 prdis
192 4109 308 4174 adulas
322 4110 389 4175 ‘dub
408 4111 558 4198 'quolicho
583 4101 814 4198 pastorales
837 4109 945 4176 diaulo
969 4106 1166 4195 puerorum).
1212 4110 1371 4195 Pythiade

93 4239 165 4282 roro
188 4217 330 4282 secunda
348 4216 549 4303 Olympiadis
568 4219 621 4304 49,
639 4221 667 4303 3,
692 4241 789 4303 quam
809 4218 866 4283 alii
885 4217 1061 4302 scriptores
1079 4217 1219 4302 primam
1239 4217 1371 4302 Pythia·

95 4325 162 4390 dem
183 4323 286 4390 fuisse
310 4328 507 4410 statuerunt,
536 4326 699 4391 eulodiam
726 4325 939 4391 aboleverunt
961 4330 994 4389 et
1017 4324 1183 4411 quadrigis
1207 4330 1371 4391 certamen

95 4431 289 4516 adiecmunt3
325 4433 462 4516 posthac
495 4432 620 4498 adiecta
649 4438 726 4498 sunt
758 4432 937 4498 certamina
963 4430 1057 4517 Pytn
1083 4433 1102 4497 8
1136 4431 1218 4497 assis
1250 4432 1370 4498 fidibus

96 4537 106 4611 (
109 4535 303 4622 τρωμάτων
316 4535 485 4624 ἀφώνων),
504 4537 599 4622 Pyth.
614 4540 656 4603 23
670 4561 767 4604 cursu
780 4544 916 4623 armato,
934 4537 1029 4624 Pyth.
1044 4540 1087 4605 48
1106 4539 1193 4626 biga,
1216 4539 1310 4625 Pyth.
1326 4541 1369 4604 53

177 4699 202 4766 1)
221 4695 339 4749 Errorcs
353 4697 382 4748 et
399 4694 523 4764 bonnas,
543 4695 645 4764 quibus
664 4713 745 4750 nemo
764 4697 864 4750 horum
882 4697 998 4750 testium
1015 4713 1129 4766 prorsus
1148 4700 1233 4766 caret,
1252 4713 1286 4751 ar
1304 4713 1369 4751 con-

98 4785 171 4822 sensu
189 4767 365 4836 reliquorum
382 4765 497 4821 testium
516 4767 629 4822 correxi.
