3417 5434
359 309 380 372 2
833 308 983 360 PINDARI
1001 308 1168 358 EPINIOIA.
1458 239 1530 402 x

1529 402 1539 433 t

357 499 455 554 mene,
488 477 549 535 lilio
581 476 734 552 Hieronis,
771 477 840 550 post
872 476 998 533 mortem
1029 475 1126 550 patris
1150 474 1341 550 dedicatum,
1373 471 1528 548 Olympiae
1558 474 1615 531 sidit

357 567 522 625 Pausanias
541 585 596 625 νοτ
619 578 662 642 ta,
682 577 707 641 9,
733 565 785 640 qui
808 564 865 622 hoo
889 565 1074 640 epigramma
1097 563 1298 621 anathematis
1320 563 1479 621 memoriae
1504 563 1617 637 prodidit

571 680 634 740 Σόν
658 701 726 740 ποτε
750 677 889 756 νικήσας,
912 681 971 739 Ζεῦ
993 672 1146 756 Ὀλύμπιε,
1170 676 1278 756 σεμνὸν
1301 675 1417 758 ἀγῶνα,

616 770 768 853 τεθρίππῳ
793 765 846 846 μὲν
869 767 962 840 ἅπαξ,
986 765 1179 846 μουνοκέλητι
1202 764 1234 826 di
1258 767 1320 843 δίς,

572 858 632 939 dorp
674 862 764 937 Ιερων
787 857 854 916 τάδε
879 875 926 917 σοι
949 852 1134 936 ἐχαρίσσατο,
1157 861 1228 929 παῖς
1251 849 1280 915 δ’
1306 853 1455 934 ἀνέθηκεν

617 945 799 1026 Δεινομένης
822 946 931 1026 πατρὸς
955 955 1058 1025 μνῆμα
1080 946 1281 1026 Συρακοσίου.

446 1067 511 1124 lam
543 1066 568 1124 si
597 1084 736 1142 quaeras,
770 1083 861 1140 qnam
888 1083 924 1122 ex
955 1063 1051 1122 tribus
1083 1063 1218 1122 victoriis
1247 1064 1321 1122 haec
1353 1064 1424 1140 oda,
1457 1082 1545 1139 quam
1574 1083 1620 1120 non

359 1157 455 1216 solum
478 1157 619 1232 primam,
643 1155 694 1214 sed
718 1155 810 1212 etiam
833 1155 998 1229 prinoipem
1026 1156 1056 1210 et
1078 1153 1310 1228 pulcherrimam
1337 1156 1454 1211 veteres
1475 1152 1620 1210 laudabant

359 1239 489 1326 (Lucian
517 1243 595 1303 Gall.
616 1237 659 1326 7),
688 1245 883 1320 spectaverit,
911 1243 1022 1301 curulis
1045 1242 1172 1301 victoria
1196 1242 1384 1318 Olympiadis
1406 1246 1446 1302 78
1466 1243 1496 1299 in
1519 1262 1620 1300 censum

360 1355 419 1394 non
438 1336 529 1411 veuit,
554 1335 695 1410 quoniam
714 1334 873 1392 victoriam
893 1333 948 1390 hoc
970 1333 1099 1390 carmine
1118 1333 1303 1390 illustratam
1322 1332 1415 1390 celate
1434 1334 1551 1407 partam
1571 1351 1620 1390 esse

358 1427 449 1500 poeta
468 1425 531 1499 ipse
555 1443 582 1482 v.
604 1434 636 1482 18
658 1422 800 1481 declarat.
833 1422 936 1496 Neque
956 1422 1114 1479 victoriam
1133 1421 1225 1479 celate
1246 1419 1292 1478 Ol.
1314 1423 1354 1479 73
1374 1425 1555 1496 reportatam
1576 1422 1620 1477 huc

359 1515 478 1572 trahere
502 1513 581 1589 licet,
606 1513 743 1589 quamvis
767 1512 945 1570 scholiastae
965 1510 1100 1586 plerique
1121 1511 1177 1569 hoc
1200 1510 1326 1569 fecerint
1348 1512 1379 1567 et
1401 1511 1543 1569 victoriae
1567 1518 1621 1567 ante

359 1605 464 1678 partae
484 1603 596 1660 mentio
615 1602 647 1659 in
660 1603 717 1660 hac
732 1601 789 1659 oda
806 1620 866 1658 non
884 1599 945 1657 fiat.
975 1600 1094 1657 Etenim
1109 1599 1155 1657 Ol.
1170 1601 1209 1658 73
1224 1600 1356 1659 nondum
1370 1620 1421 1657 rex
1435 1600 1526 1658 Hiero
1539 1600 1622 1657 factus

360 1693 425 1751 erat
456 1712 552 1766 neque
584 1691 732 1749 Pindarus
763 1693 854 1765 poeta
881 1689 913 1746 in
945 1689 1016 1746 aula
1045 1689 1123 1766 regis
1156 1688 1404 1748 commorabatur.
1449 1689 1623 1764 Relinquitur

358 1783 452 1859 igitur
484 1781 612 1840 victoria
641 1780 686 1837 Ol.
703 1783 742 1838 77
765 1804 807 1826 =
828 1781 892 1836 472
913 1797 940 1836 a.
960 1777 1041 1855 chr,
1057 1796 1163 1868 ,qnam
1196 1798 1230 1836 eo
1260 1779 1360 1854 magis
1392 1798 1460 1836 cum
1488 1779 1623 1837 Boeckhio

359 1871 490 1946 amplexi
503 1873 647 1945 tenemus,
667 1867 747 1944 quod
761 1871 792 1926 et
806 1887 947 1943 summae,
962 1887 1022 1943 qua
1035 1867 1188 1942 perfusum
1204 1869 1249 1925 est
1266 1867 1323 1925 hoc
1342 1886 1471 1944 carmen,
1485 1868 1623 1926 serenitat'
1669 1932 1670 1947 ,

358 1961 487 2018 felicitas
506 1960 594 2016 huius
613 1958 765 2033 temporis,
789 1957 897 2016 Poenis
916 1957 1136 2032 Tyrrhenisque
1156 1957 1282 2015 devictis
1306 1958 1337 2014 et
1360 1957 1486 2014 internis
1508 1957 1624 2014 dissidiis

358 2049 547 2124 compositis,
585 2048 697 2123 optime
731 2047 883 2122 convenit,
922 2049 953 2103 et
984 2047 1127 2104 maiorem
1164 2045 1276 2104 curulis
1308 2046 1480 2104 certaminis
1511 2046 1623 2123 gloriam
1669 2076 1670 2123 l

355 2137 518 2196 Hieronem
541 2138 603 2195 iam
626 2139 690 2194 tum
715 2139 812 2194 mente
838 2135 968 2212 agitasse
992 2153 1079 2194 versu
1102 2147 1152 2193 112
1176 2153 1195 2192 a
1217 2138 1308 2209 poeta
1330 2135 1497 2194 indicatum
1519 2139 1569 2193 est.
1669 2188 1670 2217 ,

447 2228 483 2285 ln
496 2227 649 2302 prooemio
658 2228 750 2301 poeta
760 2225 934 2300 Olympicae
945 2225 1088 2282 victoriae
1103 2224 1259 2299 splendore
1274 2224 1426 2283 illustrato
1436 2225 1545 2301 Iovem,
1554 2226 1625 2282 cuins
1669 2242 1670 2259 ¹

358 2316 421 2375 ludi
444 2317 496 2374 isti
520 2317 597 2374 sacri
621 2318 715 2392 erant,
743 2317 774 2372 et
797 2314 959 2372 Hieronem
981 2333 1095 2391 regem,
1119 2313 1171 2388 qui
1194 2314 1282 2371 modo
1305 2333 1446 2372 coronam
1469 2316 1500 2372 in
1522 2314 1625 2372 colonia
1669 2310 1670 2353 ἶ

359 2406 479 2482 Pelopis
507 2405 597 2480 Lydii
625 2404 717 2464 celete
742 2406 904 2479 meruerat,
933 2404 1062 2461 carmine
1086 2403 1321 2480 phormingeque
1345 2403 1403 2461 sibi
1426 2404 1625 2479 praedicandos
1669 2464 1670 2471 ,

358 2496 432 2554 dicit
454 2487 591 2575 (1-224).
636 2494 750 2552 Deinde
779 2494 810 2550 in
837 2491 999 2567 principali
1028 2494 1114 2566 parte
1143 2492 1282 2551 carminis
1306 2511 1323 2549 a
1346 2495 1497 2551 mentione
1519 2492 1625 2566 Pelopis

358 2584 519 2660 profectus,
539 2583 673 2655 fabulam
687 2586 818 2641 veterem
832 2582 868 2638 de
883 2581 1012 2639 Tantalo
1027 2582 1153 2660 deorum¹¹
1168 2581 1376 2639 familiaritate
1391 2581 1533 2640 abutente
1548 2587 1625 2656 atque

358 2674 420 2734 filio
449 2675 512 2732 eius
540 2673 650 2749 Pelope
679 2672 877 2748 Oenomaum,
909 2690 1010 2748 regem
1043 2670 1153 2748 Elidis,
1186 2671 1282 2730 curuli
1311 2673 1473 2730 certamine
1503 2672 1625 2730 simoenta

359 2763 651 2839 Hippodamiamque
675 2761 840 2838 praemium
869 2760 1012 2819 victoriae
1035 2761 1225 2819 nanciscente
1247 2759 1340 2818 refert
1368 2754 1521 2842 (ao—92).
1557 2762 1626 2829 Quae

359 2851 463 2909 fabula
478 2871 545 2911 cum
560 2853 626 2926 ipsa
639 2853 683 2908 rei
697 2851 848 2926 praesenti
863 2851 894 2906 et
904 2848 1078 2924 Olympicae
1092 2849 1237 2908 victoriae
1251 2850 1469 2925 praedicandae
1485 2851 1626 2925 aptissima

360 2944 446 3018 esset,
470 2941 641 3000 inventione
661 2942 692 2998 et
709 2941 829 3018 ingenio
853 2938 978 2996 Pindari
997 2939 1088 2995 etiam
1107 2939 1208 3014 aptior
1225 2938 1307 2997 faeta
1325 2942 1380 3017 est,
1401 2941 1482 3015 quod
1500 2940 1626 3015 Pelopem

361 3050 378 3089 a
402 3031 552 3105 Neptuno,
577 3029 695 3087 fautore
715 3029 896 3105 equestrium
922 3028 1089 3085 studiorum
1114 3026 1166 3108 (cf.
1186 3028 1218 3085 P.
1238 3047 1270 3086 vr
1289 3020 1347 3109 50),
1370 3049 1498 3104 puerum
1520 3032 1627 3105 raptum

361 3121 391 3176 et
409 3121 547 3177 iuvenem
566 3119 597 3176 in
616 3120 776 3177 certamine
797 3117 929 3193 equestri
947 3117 1083 3175 adiutum
1102 3136 1165 3175 esse
1185 3121 1369 3176 commentus
1388 3121 1441 3176 est.
1473 3118 1534 3176 Sub
1552 3118 1626 3174 finem

361 3209 434 3267 odae
458 3227 476 3265 a
499 3208 620 3283 Pelopis
648 3209 796 3284 sepulcro,
828 3227 921 3283 prope
950 3207 1029 3281 quod
1062 3207 1225 3264 certamina
1255 3205 1412 3282 Olympios
1444 3206 1568 3283 fiebant,
1596 3205 1627 3262 ad

360 3297 520 3358 victoriam
539 3297 678 3356 Hieronis
698 3299 866 3374 equestrem
884 3297 963 3353 redit
982 3298 1013 3353 et
1031 3297 1123 3353 etiam
1146 3297 1376 3371 splendidiorem
1395 3297 1554 3355 victoriam
1570 3313 1627 3353 mor

360 3389 387 3445 ei
403 3387 600 3446 obventurum
623 3406 685 3444 esse
710 3389 876 3464 auguratur
891 3377 1062 3466 (93-114).
1090 3385 1138 3443 Ad
1161 3388 1344 3460 postremum
1368 3386 1459 3444 altius
1483 3403 1628 3463 assurgens

361 3477 445 3553 regia
468 3476 615 3554 dignitate
639 3477 715 3534 nihil
738 3475 922 3552 praeclarius
946 3493 1007 3533 esse
1032 3474 1189 3550 profitetur
1217 3476 1345 3550 deosque
1373 3478 1527 3554 precatur,
1553 3479 1585 3533 ut
1604 3476 1628 3528 et

362 3565 489 3624 Hieroni
520 3566 605 3642 regni
633 3566 773 3623 maiestas
806 3566 837 3622 et
865 3564 922 3622 sibi
949 3563 1046 3641 gloria
1078 3565 1212 3638 poeticae
1245 3565 1319 3621 artis
1350 3566 1490 3640 perennis
1521 3566 1630 3623 maneat

361 3646 550 3736 (lla—120).
581 3687 624 3693 —-
656 3654 803 3712 Pindarus
835 3657 926 3729 poeta
958 3654 989 3710 in
1026 3653 1124 3711 fronte
1155 3672 1276 3712 suorum
1305 3657 1471 3712 carminum
1501 3654 1629 3730 epinicio-

360 3764 426 3802 rnm
457 3743 601 3802 Oenomai
631 3747 662 3802 et
691 3744 811 3820 Pelopis
842 3744 878 3800 de
908 3742 1111 3818 Hippodamia
1140 3762 1272 3819 pugnam
1302 3743 1405 3803 Musae
1427 3764 1550 3802 munere
1573 3744 1629 3801 illu-

362 3837 490 3894 stratam
508 3835 617 3910 posuit,
636 3836 671 3891 ut
689 3834 806 3909 aliquot
824 3833 911 3890 annis
929 3834 998 3907 post
1017 3851 1148 3890 summus
1168 3832 1276 3889 artifex
1294 3833 1417 3892 Phidiae
1435 3834 1516 3892 Iovis
1535 3831 1630 3907 templi

361 3924 513 3999 Olympici
535 3926 712 3998 tympanum
734 3922 900 3998 principale
925 3922 1034 3979 statuis
1057 3922 1182 3979 eandem
1207 3922 1291 3980 illam
1314 3942 1447 4001 pugnam
1469 3942 1629 3999 repraesen-

361 4013 497 4072 tantibus
521 4013 724 4070 exornandum
747 4011 872 4071 curavit.

449 4102 573 4160 Praeter
605 4103 660 4160 hon
693 4121 812 4161 carmen
839 4099 987 4158 Pindarus
1014 4098 1139 4158 Hieroni
1170 4101 1254 4159 misit
1286 4101 1414 4177 epinicia
1446 4101 1479 4160 P.
1507 4121 1528 4162 1.
1552 4121 1583 4163 11.
1603 4117 1631 4157 111

361 4195 451 4268 atque
480 4192 682 4267 hyporchema
711 4193 741 4248 et
770 4189 896 4265 scolion,
926 4208 1053 4264 quorum
1075 4188 1180 4267 fragm.
1211 4201 1270 4248 105.
1300 4202 1351 4249 106
1374 4194 1405 4247 et
1429 4202 1489 4248 125.
1519 4203 1571 4250 126
1592 4210 1631 4248 ex·

363 4283 458 4359 stant3
482 4283 603 4356 insuper
629 4281 732 4338 amicis
757 4279 897 4337 Hieronis
923 4279 1043 4353 scripsit
1071 4279 1199 4356 Agesiae
1226 4280 1259 4338 O.
1274 4299 1318 4358 vr,
1345 4279 1483 4338 Chromio
1506 4281 1543 4338 N.
1564 4300 1582 4338 1.
1599 4297 1632 4336 u.
1669 4270 1671 4276 ⁸

361 4371 433 4429 Inde
458 4374 585 4446 apparat
607 4373 726 4446 poetam
750 4369 890 4427 Hieronis
913 4368 991 4445 regis
1011 4367 1219 4427 familiaritate
1239 4370 1307 4427 inde
1327 4369 1364 4426 ab
1384 4369 1430 4428 Ol.
1446 4373 1498 4446 76,
1514 4373 1530 4427 1
1548 4388 1632 4444 usque

362 4460 401 4518 ad
424 4459 688 4537 Ol.78,1usmn
712 4478 783 4517 esse.

908 4559 953 4625 De
973 4560 1095 4625 matris.

452 4675 516 4733 Oda
540 4673 777 4749 praeclarissima
800 4673 831 4732 in
854 4674 939 4751 regia
957 4673 1044 4732 domo
1063 4673 1203 4732 Hieronis
1221 4675 1344 4733 victoris
1362 4673 1443 4733 inter
1461 4675 1633 4748 convivium,

363 4764 402 4824 ad
425 4763 631 4824 celebrandam
662 4767 828 4839 equestrem
858 4763 1016 4823 victoriam
1046 4765 1224 4822 adornatum
1255 4757 1316 4847 (vv.
1340 4777 1381 4824 17.
1402 4758 1478 4848 106),
1502 4784 1521 4822 a
1544 4767 1634 4840 choro,
