3417 5434
830 283 981 335 PINDARI
999 284 1166 337 EPINICIA.

573 455 631 532 τεᾷ
654 455 753 511 τοῦτο
776 446 980 531 μιγνύμενον
1004 449 1116 532 φρενί·

522 569 557 618 20
576 553 683 639 μάκαρ
708 550 744 618 δὲ
766 551 823 618 καὶ
844 563 923 638 νῦν,
946 558 1080 631 κλεενίις
1104 553 1154 619 ὅτι
1447 569 1479 618 25

575 655 672 745 εὖχος
694 661 758 744 ἤδη
780 661 871 746 παρὰ
894 661 1072 737 Πυθιάδος
1095 661 1207 737 ἵπποις
1231 657 1316 726 ἑλὼν

577 766 704 845 δέδεξαι
728 768 826 833 τόνδε
847 778 960 854 κῶμον
984 767 1127 854 ἀνέρων,

1293 891 1362 957 ’Era
1387 891 1429 957 α’.

573 999 797 1067 Ἀπολλώνιον
819 1003 965 1087 ἄθυρμα.
1011 1011 1057 1090 τῷ
1081 1018 1118 1066 σε
1141 1002 1184 1086 μὴ
1209 999 1356 1084 λαθέτω,
1449 1018 1481 1064 eo

576 1108 718 1196 Κυράνᾳ
741 1111 869 1190 γλυκὺν
891 1107 976 1194 ἀμφὶ
999 1118 1106 1174 κᾶπον

619 1213 816 1302 Ἀφροδίτας
839 1215 1048 1301 ἀειδόμενον,

522 1340 556 1387 25
575 1321 675 1388 παντὶ
698 1319 759 1407 μὲν
781 1325 865 1389 θεὸν
888 1329 1012 1389 αί-τιον
1034 1322 1269 1409 ὑπερτιθέμεν,

576 1434 689 1515 φιλεῖν
712 1425 750 1494 δὲ
772 1425 958 1517 Κάρρωτον
980 1429 1067 1515 ἔξοχ’
1093 1428 1248 1517 ἑταίρων,

573 1536 610 1615 ὃς
632 1537 673 1603 οὐ
696 1538 757 1602 τάν
778 1535 975 1623 Ἐπιμαθέος
997 1541 1089 1621 ἀγων
1446 1556 1479 1603 35

574 1644 714 1723 ὀψινόου
733 1687 747 1694 -
765 1645 937 1732 θυγατέρα
960 1649 1131 1731 πρόφασιν
1149 1686 1164 1696 -
1183 1646 1351 1710 Βαττιδᾶν

574 1752 710 1838 ἀφίκετο
733 1754 859 1836 δόμους
881 1756 1160 1839 θεμισκρεόντων·

521 1877 555 1924 eo
574 1858 642 1926 ἀλλ’
668 1859 921 1947 ἀρισθάρματον

573 1967 672 2033 ὕδατι
694 1971 884 2044 Κασταλίας
907 1965 1003 2046 ξενω-
1446 1985 1480 2032 40

617 2073 692 2151 θελς
714 2073 812 2162 γέρας
834 2073 1004 2160 ἀμφέβαλε
1026 2085 1167 2140 τεαί-σιν
1190 2077 1321 2160 κόμαις,

432 2258 475 2308 22.
494 2250 590 2317 δέδεξο
605 2251 636 2307 D
650 2250 681 2303 in
698 2250 741 2307 lit.
758 2283 792 2290 —
806 2256 849 2304 23.
870 2269 899 2305 σε
918 2251 955 2321 μὴ
975 2251 1046 2306 coni.
1062 2251 1188 2306 Schmid:
1207 2251 1245 2322 μή
1264 2269 1294 2306 σε
1314 2251 1395 2306 οοδδ.
1413 2283 1444 2291 -
1460 2257 1502 2305 24.
1520 2247 1620 2321 Κυράνᾳ

361 2322 487 2378 Schmid:
512 2322 622 2392 κοράνα
645 2321 725 2377 codd.
745 2324 775 2376 et
797 2321 893 2390 schol,
918 2323 1053 2390 Κυράναν
1076 2323 1147 2378 coni.
1168 2323 1309 2394 Hartung‚
1334 2321 1468 2391 Κυράνας
1486 2320 1620 2376 Schroeder

359 2396 457 2451 Jahrb.
476 2395 496 2450 f.
514 2393 587 2448 Phil.
608 2398 676 2448 18⁷7
702 2412 730 2463 p.
749 2411 775 2449 ss
803 2426 837 2434 -
865 2392 1033 2463 ἀειδόμενον
1060 2397 1087 2452 Β
1109 2395 1188 2450 OD:
1217 2393 1371 2464 ἀειδομένα
1397 2392 1500 2464 legisse
1525 2392 1620 2446 ridetur

361 2466 524 2535 scholiasta,
539 2464 689 2536 ἀειδομένη
711 2466 749 2520 0⁸
764 2497 796 2506 —-
812 2472 854 2521 26.
870 2470 963 2535 φιλεῖν
977 2465 1057 2520 codd.
1073 2483 1135 2519 cum
1150 2465 1326 2522 Aristarcho:
1345 2463 1501 2536 atterente
1515 2464 1619 2518 Aristu-

361 2540 444 2593 chum
466 2537 514 2593 rul
553 2540 615 2591 tum
637 2537 724 2591 fuisse
747 2539 889 2592 testantur
912 2537 1020 2592 scholia
1039 2570 1073 2576 —
1092 2542 1135 2590 at.
1159 2537 1274 2607 ἐπιμηθ.
1294 2537 1375 2594 codd.
1396 2570 1429 2577 —
1454 2541 1495 2593 28.
1517 2533 1618 2601 ὀψινόου

361 2612 421 2679 (ὑφ.
442 2610 487 2680 Οἱ)
511 2555 553 2662 ΚΒ
549 2610 584 2664 0⁸
594 2611 632 2675 D,
651 2606 771 2674 docetor
789 2609 823 2678 Ρ,
846 2611 995 2677 uhamque
1018 2608 1167 2663 lectionem
1189 2612 1348 2679 agnoscunt
1370 2609 1456 2666 schol.
1475 2641 1508 2648 -
1527 2609 1618 2662 savus

363 2682 482 2736 Mosch:
502 2682 629 2807 dareta}
642 2681 731 2736 BCD
745 2713 779 2722 -
798 2686 841 2734 29.
860 2681 979 2749 ἀφῖκται
998 2680 1068 2736 conl.
1083 2678 1226 2734 Hermann
1245 2713 1278 2720 -
1297 2685 1409 2752 θεμιιιρ.
1424 2681 1494 2736 coni.
1508 2680 1619 2744 Hseng

361 2785 395 2793 -
415 2759 457 2808 31.
477 2754 581 2819 ξονωθ.
647 2784 681 2792 -

358 2897 525 2966 perdentium
547 2898 695 2962 rooaoecite
720 2927 752 2934 —
776 2900 819 2948 22.
847 2903 941 2964 κῶμον
966 2891 1087 2962 ἀνέρων·
1116 2911 1179 2948 cum
1203 2894 1277 2949 infra
1301 2913 1326 2949 r.
1347 2911 1386 2950 rm
1412 2897 1496 2965 poeta
1520 2893 1616 2948 eanden

361 2984 421 3021 rem
447 2967 542 3021 verbis
569 2969 655 3040 ἀοιδᾷ
678 2965 750 3022 νέων
774 2965 927 3036 significet,
951 2965 1004 3020 viri
1028 2983 1084 3020 non
1107 2966 1256 3021 iuvenibus
1275 2969 1305 3021 et
1322 2967 1430 3036 pueris,
1455 2967 1504 3021 sed
1521 2962 1617 3036 rirgiui·

362 3039 416 3093 bus
435 3042 465 3092 et
481 3036 594 3091 feminis
613 3037 746 3092 hocloco
765 3040 991 3108 opponuntur-
1007 3043 1049 3092 23.
1067 3035 1247 3094 Ἀπολλώνιον
1266 3038 1343 3106 ἀθυρ
1389 3056 1394 3066 ’
1414 3037 1618 3092 comissationen

362 3111 433 3164 bene
458 3109 638 3178 Apollineum
661 3108 753 3162 lusum
782 3109 864 3178 dicit,
893 3108 969 3178 quod
996 3110 1025 3162 et
1053 3109 1139 3164 sacris
1167 3109 1307 3179 Apollinis
1357 3109 1450 3164 arneis
1477 3111 1527 3164 fiat
1550 3105 1616 3160 etin

363 3182 496 3236 honorem
519 3181 654 3249 Pythicas
677 3180 825 3249 victoriae;
849 3179 980 3234 similiter
1003 3183 1102 3234 auctor
1124 3181 1311 3236 Anacreontei
1333 3197 1359 3236 se
1379 3181 1452 3235 dixit
1467 3179 1618 3250 Ἀφροδίσιον

362 3253 423 3306 ἀθυ
482 3296 487 3307 .

424 3273 479 3377 ρθμδ
483 3342 519 3378 ss.
539 3323 643 3377 transit
661 3324 699 3378 ad
717 3340 832 3378 causam
851 3322 1067 3391 comissationis,
1086 3323 1234 3377 victoriam
1252 3323 1419 3394 Delphicam
1438 3327 1498 3378 arte
1512 3317 1618 3398 Carrhoti

363 3395 479 3467 aurigae
489 3399 601 3466 partam
610 3427 645 3435 -
655 3401 697 3450 24.
707 3395 826 3468 Κυράνᾳ
835 3439 841 3450 .
851 3441 856 3450 .
867 3440 872 3449 .
882 3395 955 3464 ἀμφὶ
970 3403 1062 3449 κᾶπον
1075 3392 1244 3464 Ἀφροδίτας,
1253 3394 1367 3464 Cyrenis
1377 3395 1407 3448 in
1421 3393 1502 3448 horto
1509 3394 1617 3448 Veneris:

363 3467 481 3522 Veneris
500 3471 595 3522 autern
613 3467 725 3520 hortum
744 3483 843 3537 agnini
858 3466 1042 3536 Cyrenaicum
1060 3465 1131 3520 dicit
1145 3468 1181 3521 ob
1196 3466 1397 3520 amoenitatem
1417 3469 1447 3520 et
1464 3464 1617 3520 fertilitatem

363 3539 436 3606 eius3
456 3538 491 3594 cf.
505 3539 536 3594 P.
552 3559 579 3593 rr
595 3556 613 3597 1.
628 3558 656 3592 rx
670 3556 696 3593 se
711 3541 740 3592 et
754 3538 837 3608 Soph.
853 3539 885 3593 0.
902 3537 929 3592 C.
944 3555 983 3593 ses
998 3569 1032 3578 -
1047 3543 1089 3591 26.
1109 3537 1266 3607 Κάρρωτος,
1284 3537 1330 3591 cui
1343 3540 1409 3608 post
1422 3537 1505 3592 deum
1518 3533 1617 3614 maxine

383 3609 485 3664 loriam
503 3610 639 3665 victoriae
658 3610 755 3664 deberi
774 3610 857 3679 dicit,
876 3609 1025 3679 ambigunt
1043 3613 1151 3664 veteres
1170 3609 1349 3679 grammatici
1367 3609 1521 3679 simplexne
1537 3618 1618 3671 auriga

363 3630 456 3749 luerit,
476 3699 512 3735 an
531 3682 619 3736 freter
636 3682 731 3735 uxoris
745 3681 891 3749 Arcesilai,
911 3681 956 3734 oui
974 3684 1120 3751 praeterea
1137 3699 1239 3735 munus
1258 3679 1416 3734 iniunctum
1430 3681 1514 3736 fuerit
1525 3677 1617 3734 colonos

362 3770 412 3824 per
431 3753 578 3808 Graeciam
597 3753 748 3824 colligendi
766 3753 797 3806 in
815 3752 956 3808 coloniam
974 3751 1160 3823 Hesperidum
1178 3752 1370 3818 deducendos;
1394 3770 1511 3822 quarum
1528 3750 1617 3804 seuten-

362 3825 467 3879 tiarum
491 3825 573 3879 alteri
597 3825 676 3879 favet
693 3827 723 3878 et
741 3824 845 3878 eximia
863 3825 939 3892 laus,
963 3841 1020 3892 qua
1037 3827 1123 3904 poeta
1141 3823 1232 3877 virum
1251 3823 1366 3878 minime
1386 3824 1527 3878 sordidum
1546 3821 1618 3878 ornet

363 3900 392 3950 et
417 3897 448 3950 id
473 3897 549 3965 φοοδ
573 3897 656 3967 longe
683 3899 747 3965 post
771 3896 921 3952 victoriam
945 3895 1062 3965 Delphrs
1087 3898 1200 3965 partam
1224 3895 1295 3950 haec
1314 3895 1477 3950 comissatio
1495 3896 1563 3948 facta
1578 3891 1616 3942 est

363 3968 515 4023 Carrhotus
544 3967 618 4022 enim
642 3968 756 4022 domum
778 3985 834 4023 non
857 3967 974 4022 rediisse
997 3966 1120 4035 ridetur,
1150 3969 1302 4035 antequam
1325 3967 1486 4022 colonorum
1509 3965 1616 4020 idoneum

363 4057 508 4094 numerum
528 4039 698 4109 collegisset.
731 4038 822 4104 Quid?
841 4039 917 4108 φοοδ
934 4041 1020 4109 poeta
1038 4038 1098 4108 ipss
1118 4055 1174 4092 una
1192 4055 1256 4091 cum
1274 4038 1324 4092 illo
1343 4037 1467 4108 Cyrenas
1486 4037 1581 4094 venisse
1595 4033 1616 4111 el

363 4111 393 4164 in
412 4112 513 4166 itinere
531 4111 568 4165 ab
588 4128 621 4165 eo
640 4111 816 4165 accuratiora
834 4112 868 4165 de
889 4109 1097 4164 discriminibus
1117 4109 1252 4164 victoriae
1272 4109 1414 4180 accepisse
1433 4111 1547 4166 videtur.
1576 4102 1615 4156 lh·

363 4201 426 4236 rum
444 4187 540 4237 autem
558 4183 630 4236 illud
648 4185 705 4251 est,
724 4183 801 4251 φοοδ
819 4181 927 4236 scholia
946 4199 980 4236 ex
999 4181 1140 4237 Theotimi
1158 4181 1231 4236 libro
1249 4181 1285 4235 de
1304 4182 1387 4236 rebus
1407 4179 1559 4251 Cyrenaicis
1574 4189 1615 4228 non

364 4254 544 4319 Carrhotum,
570 4255 619 4309 sed
646 4253 822 4323 Euphemum
846 4253 988 4323 quendam
1014 4270 1099 4321 equos
1123 4252 1228 4307 rexisse
1251 4255 1280 4307 et
1297 4253 1453 4308 Pindarum
1471 4253 1560 4308 laudes
1576 4245 1614 4299 Eu·

362 4326 457 4396 phemi
475 4326 505 4380 in
524 4325 689 4380 Carrhotum
703 4325 882 4380 transtulisse
896 4326 1013 4380 tradunt
1027 4357 1060 4364 -
1076 4330 1117 4378 at.
1137 4321 1330 4394 Ἐπιμαθέος.
1347 4368 1352 4379 .
1370 4323 1542 4395 ,πρόφασινΙ
1559 4311 1614 4370 coni.
1658 4339 1659 4392 ρ

364 4395 534 4468 Προμαθέος
559 4397 645 4461 αἰδώς
671 4397 702 4452 0.
723 4417 761 4451 ru
780 4415 813 4452 ιι.
851 4396 995 4467 Originem
1020 4395 1141 4450 nominis
1167 4394 1327 4450 Promethei
1351 4413 1369 4450 a
1391 4391 1574 4467 prospiciendo
1594 4387 1615 4436 el

363 4469 522 4539 Epimethei
545 4486 563 4521 a
582 4469 753 4538 poenitendo
777 4469 935 4524 derivatam
958 4469 1038 4522 novit
1061 4468 1118 4521 iam
1141 4467 1280 4521 Hesiodus
1304 4485 1367 4538 opp.
1387 4484 1413 4523 ss
1438 4470 1467 4522 et
1489 4467 1571 4532 theog.
1585 4470 1614 4512 δῦ

363 4573 398 4580 -
416 4546 458 4595 29.
478 4538 714 4611 θεμισκρεόντων·
741 4541 879 4610 respicere
901 4540 1013 4596 videtur
1035 4541 1065 4595 P.
1084 4558 1112 4592 1v
1131 4556 1156 4594 σε
1176 4540 1277 4611 Φοῖβος
1300 4537 1421 4609 ἀμνάσει
1439 4537 1570 4608 θέμισσιν,
1592 4529 1614 4579 ul

363 4612 515 4667 Battiadae
538 4630 595 4667 non
617 4617 677 4667 tam
695 4613 802 4667 iudicia
820 4629 947 4667 exercere
966 4629 1051 4681 quam
1069 4609 1194 4665 consiliis
1214 4609 1354 4681 Apollinis
1371 4628 1490 4682 regnare
1508 4603 1612 4664 deantur

362 4715 398 4724 ·-
411 4690 454 4738 30.
474 4681 689 4754 ἀρισθάρματον
704 4731 710 4741 .
726 4729 732 4740 .
748 4729 753 4739 .
768 4685 859 4755 γέρας,
878 4685 990 4739 laudern
1009 4683 1108 4753 optimi
1128 4700 1223 4736 currus
1243 4683 1399 4737 ceterorum
1418 4683 1539 4738 curribus
1551 4686 1612 4747 prse-

365 4755 467 4810 stantis
486 4787 520 4798 -
