3417 5434
609 355 741 406 PYTHIA
760 356 809 408 111.
1290 351 1352 415 137

75 524 231 584 laborasse
262 544 296 584 ex
323 523 454 584 carmine
481 524 514 581 P.
538 542 549 580 1
576 524 788 600 comperimus,
815 522 980 581 Pindarum
1006 522 1063 581 hoc
1090 541 1208 581 carmen
1240 522 1355 582 misisse

73 617 210 690 apparet
261 614 458 673 Accuraticra
482 613 651 672 Boeohhius
674 611 795 671 definire
819 616 945 672 conatus
969 614 1022 689 est,
1046 611 1099 688 qni
1122 630 1190 671 cnm
1212 611 1355 671 redeunte

74 703 226 777 Pythiade
254 703 410 763 sollemnia
432 702 627 763 victoriarum
649 702 760 761 iterata
782 720 846 761 esse
869 700 926 761 sibi
952 701 1156 778 persuasisset,
1175 720 1273 761 mense
1293 700 1355 759 Au-

72 794 160 869 gusto
185 793 265 851 anni
287 796 352 851 474
377 812 495 852 carmen
516 790 661 868 scriptum
680 809 742 851 esse
762 790 902 868 opinatus
921 792 975 850 est.
1012 790 1111 849 Minus
1130 790 1204 849 mihi
1222 790 1355 849 eiusdem

70 881 126 939 riri
156 882 313 959 ingeniosi
344 901 470 942 acumen
499 881 657 959 probatur,
686 880 822 941 versibus
847 890 881 939 66
901 899 937 941 ss.
963 882 1091 939 mortem
1119 878 1174 937 filii
1200 881 1249 939 vel
1275 879 1355 938 filiae

70 970 215 1030 Hieronis
242 974 272 1031 et
293 971 374 1050 regis
392 971 487 1048 ipsius
506 970 663 1030 consilium
682 970 781 1030 sedem
799 970 917 1046 imperii
937 968 1093 1045 Syracusis
1113 968 1240 1027 Aetnam
1258 972 1355 1028 trans·

71 1060 188 1119 ferendi
223 1060 388 1140 significari
417 1060 562 1137 putantis.
612 1060 707 1119 Immo
734 1061 854 1136 poetam
882 1059 913 1118 in
941 1058 1021 1117 dulci
1048 1058 1104 1119 hoc
1132 1058 1261 1119 carmine
1289 1059 1355 1135 ipso

71 1150 172 1209 studio
202 1150 363 1210 fabulandi
391 1151 429 1210 ad
458 1168 506 1209 res
535 1148 628 1208 latius
657 1149 830 1209 tractandas
860 1152 891 1209 et
918 1149 1103 1208 exornandas
1132 1149 1263 1207 tractum
1293 1167 1355 1207 esse

71 1240 284 1317 lectorumque
308 1240 424 1299 animos
446 1238 554 1299 leniter
577 1257 678 1299 secum
700 1239 818 1298 trahere
842 1229 1059 1319 (ψυχαγωγεῖν)
1083 1237 1193 1316 sentio;
1221 1238 1258 1297 cf.
1280 1237 1356 1297 Her-

71 1347 222 1387 mannnm
247 1327 355 1406 Opusc.
374 1347 418 1388 vn
442 1340 493 1388 129
512 1346 550 1389 ss.
573 1330 604 1387 et
630 1327 870 1388 Heimsoethium
891 1328 947 1389 Rh.
966 1328 1005 1387 M.
1024 1346 1045 1388 v
1065 1339 1097 1387 16
1117 1345 1158 1405 ss,
1185 1326 1356 1387 accuratius

72 1418 223 1478 Boeclrhii
246 1418 383 1497 argutias
404 1418 579 1477 refutantes.

164 1506 298 1567 Carmen
315 1508 378 1567 fere
395 1510 496 1567 totum
513 1507 543 1565 in
562 1506 702 1567 Hieronis
721 1506 820 1565 animo
844 1505 882 1566 ob
901 1506 1011 1565 malam
1030 1506 1235 1565 valetudinem
1254 1525 1356 1567 conso-

78 1596 166 1656 lando
191 1597 395 1674 consumitur,
427 1597 532 1656 statim
555 1596 586 1655 in
610 1596 729 1656 exordio
751 1597 842 1672 poeta
870 1598 906 1655 ut
934 1594 1044 1654 Chiron
1071 1596 1242 1655 etiamnunc
1265 1596 1357 1673 vivat,

79 1690 173 1763 optat,
192 1688 233 1745 nt
251 1706 313 1763 qua
327 1686 541 1762 Aesculapium
563 1685 699 1744 instituit
721 1688 786 1744 arte
809 1685 979 1763 aegrotanti
997 1685 1062 1763 regi
1080 1685 1235 1745 medeatur
1248 1678 1357 1767 (1-7).

78 1776 148 1835 Inde
176 1776 319 1836 fabulam
341 1776 378 1835 de
401 1774 586 1852 Aesculapii,
613 1773 669 1833 filii
690 1773 841 1851 Apollinis
869 1776 899 1833 et
923 1774 1090 1851 Coronidis,
1118 1774 1271 1837 natalibus
1293 1775 1358 1835 rita

79 1868 173 1924 morte
197 1866 299 1942 lepide
323 1865 494 1942 etcopiose
517 1868 622 1923 narrat
646 1855 773 1946 (8-62).
811 1863 877 1933 Quo
902 1864 983 1924 facto
1007 1864 1046 1923 ad
1068 1864 1255 1942 sententiam,
1278 1865 1357 1924 unde

80 1973 202 2013 exorsus
230 1958 310 2033 erat,
338 1955 383 2013 ita
408 1955 499 2031 redit,
526 1955 563 2012 ut
590 1972 658 2013 cum
682 1953 739 2013 sibi
761 1973 821 2013 non
843 1953 935 2013 liceat
956 1953 1021 2031 regi
1045 1954 1158 2030 optimo
1182 1954 1357 2030 coronisque

80 2043 277 2103 victoriarum
295 2044 458 2121 splendidis
477 2046 582 2103 ornato
597 2042 812 2119 Aesculapium
829 2043 978 2103 medicum
998 2042 1153 2120 adducere,
1172 2042 1210 2102 ad
1232 2046 1359 2102 matrem

82 2132 206 2193 deorum
232 2152 335 2210 preces
363 2154 418 2211 pro
449 2134 546 2192 salute
577 2133 642 2191 eius
671 2133 781 2191 frmdat
804 2124 949 2213 (os-79).
994 2132 1119 2191 Interim
1147 2132 1174 2191 ei
1202 2152 1237 2191 ex
1264 2132 1359 2193 consi-

83 2222 185 2281 derata
209 2223 362 2283 communi
390 2222 545 2283 hominum
568 2224 656 2300 sorte,
679 2223 711 2280 in
734 2241 795 2298 qua
817 2222 898 2281 mala
920 2221 1006 2282 bonis
1029 2222 1189 2281 commixta
1213 2240 1275 2282 esse
1298 2222 1358 2281 iam

83 2311 231 2372 Homerus
255 2312 364 2373 dixerit
386 2314 417 2372 et
439 2311 672 2372 clarissimorum
690 2312 836 2389 virorum,
860 2315 896 2370 ut
917 2310 1022 2370 Cadmi
1045 2314 1076 2370 et
1098 2311 1193 2390 Pelei,
1220 2312 1286 2371 fata
1309 2312 1359 2371 do·

85 2405 175 2480 ceant,
196 2401 299 2462 solatii
318 2405 497 2481 argumenta
513 2402 642 2478 petenda
661 2420 724 2460 esse
743 2392 900 2482 (80-104).
937 2401 985 2459 Ad
1007 2403 1171 2460 extremum
1190 2420 1220 2460 se
1240 2420 1359 2477 quoque

85 2508 170 2549 suum
194 2492 329 2551 animum
359 2492 498 2551 fortunae
521 2490 743 2551 accommodare
771 2490 844 2550 dicit
867 2493 910 2567 et,
938 2490 964 2548 si
986 2508 1111 2568 magnas
1135 2509 1206 2566 opes
1228 2490 1359 2567 haberet,

87 2598 226 2657 magnam
249 2580 307 2639 sibi
329 2582 442 2640 famam
465 2583 643 2657 paraturum
667 2598 731 2639 esse
752 2580 855 2639 favore
879 2584 1045 2655 poetarum.

170 2669 321 2729 Fabulam
336 2668 492 2730 Coronidis
511 2671 542 2729 et
554 2669 729 2746 Aesculapii
745 2668 893 2727 Pindarus
917 2688 951 2728 ex
975 2668 1097 2728 Hesiodi
1115 2669 1212 2747 Eoeis,
1232 2688 1360 2745 quorum

87 2776 187 2817 versus
216 2760 330 2819 scholia
358 2759 397 2818 ad
424 2759 456 2818 P.
480 2778 515 2816 m
540 2770 573 2818 14
597 2762 628 2817 et
650 2769 684 2817 48
708 2758 850 2836 afferunt,
878 2758 1031 2836 repetivit,
1059 2777 1119 2834 quo
1148 2758 1250 2818 eodem
1277 2758 1360 2817 fonte

89 2845 285 2925 Pherecydem
307 2848 485 2908 historicum
513 2867 603 2907 usum
631 2866 693 2907 esse
722 2868 757 2907 ex
780 2847 901 2907 scholiis
925 2847 963 2906 ad
986 2846 1018 2906 P.
1037 2866 1072 2905 111
1096 2858 1130 2906 50
1153 2847 1359 2923 comperimus.

91 2935 185 2997 Tertio
209 2958 236 2999 a.
261 2936 328 2998 cnr.
353 2938 472 2997 saeculo
495 2938 618 2997 eandem
641 2938 777 2996 fabulam
799 2937 919 3014 IsylluS,
942 2938 1032 3013 poeta
1055 2936 1250 2996 tenuissimus
1273 2936 1360 3015 Argi-

89 3044 147 3101 vus,
170 3028 203 3085 in
225 3046 340 3104 paeane
364 3027 527 3104 enarravit,
551 3027 637 3086 cuius
660 3045 764 3087 versus
787 3047 823 3085 ex
845 3026 942 3085 ruinis
964 3027 1070 3103 templi
1093 3026 1267 3103 Aesculapii
1289 3026 1361 3103 Epi-

91 3114 187 3176 daurei
210 3119 380 3194 protractos
402 3116 653 3176 Wilamowitzius
675 3116 751 3174 Phil.
771 3116 841 3175 Unt.
862 3134 894 3173 1x
919 3127 951 3175 13
976 3134 1013 3174 ss.
1032 3116 1191 3175 ubenimis
1214 3134 1361 3176 cominen-

91 3205 169 3264 tariis
192 3205 344 3267 instruxit.

629 3286 673 3353 De
696 3288 818 3354 metris.

174 3383 324 3444 Carminis
350 3385 441 3443 huius
468 3384 576 3462 indoli,
606 3384 703 3462 magis
725 3384 756 3442 in
779 3384 919 3443 Hieronis
943 3384 1042 3444 animo
1066 3384 1245 3445 consolando
1270 3404 1361 3461 quam

93 3470 265 3534 invictoria
288 3474 466 3534 celebranda
489 3474 644 3553 versantis,
668 3473 785 3532 numeri
808 3473 1087 3550 dactylo-epitritici
1111 3474 1259 3551 aptissimi
1283 3478 1361 3533 sunt.

93 3560 123 3619 ln
149 3564 319 3643 digerendis
341 3564 476 3623 versibus
500 3582 518 3622 a
540 3567 639 3623 vetere
669 3583 728 3623 usu
754 3563 799 3621 ita
828 3567 918 3640 poeta
948 3563 1096 3642 discessit,
1126 3568 1162 3622 ut
1191 3564 1222 3622 in
1253 3567 1360 3641 quarto

93 3670 174 3711 rusu
195 3653 337 3729 strophae
359 3653 573 3730 pentapodiam
596 3652 776 3729 dactylicam
798 3653 973 3712 admitteret
994 3656 1024 3711 et
1043 3653 1130 3730 epodi
1148 3672 1267 3713 versum
1290 3654 1362 3712 ulti-

95 3759 171 3801 num
193 3742 292 3819 capite
316 3761 370 3801 suo
393 3743 534 3819 privaret.
566 3742 740 3801 Versiculus
763 3742 872 3801 tertius
896 3744 1066 3803 monocolos
1086 3743 1234 3820 strophae,
1255 3743 1279 3800 si
1299 3762 1362 3803 sen·

94 3832 211 3890 lentiam
234 3834 362 3909 spectas,
384 3832 472 3892 modo
491 3832 556 3891 vice
575 3832 663 3908 epodi
681 3824 743 3913 (vv.
763 3842 788 3891 3.
808 3842 850 3891 26.
870 3842 912 3890 49.
935 3824 991 3913 79),
1015 3833 1102 3892 modo
1126 3831 1232 3908 proodi
1251 3824 1293 3912 (v.
1314 3823 1362 3912 72)

96 3918 231 3999 fungitur,
255 3921 344 3981 modo
367 3921 521 3997 utrimque
544 3920 654 3998 pendet
677 3913 738 4002 (vv.
760 3932 801 3979 10.
822 3932 864 3979 33.
885 3932 927 3980 56.
948 3932 989 3981 95.
1011 3914 1086 4001 102),
1109 3924 1145 3979 ut
1169 3920 1279 3979 similes
1298 3940 1362 3979 ver·

95 4008 171 4068 siculi
194 4008 228 4071 Ο.
247 4028 304 4069 vm
326 4030 372 4085 ep.
391 4022 416 4071 ὅ.
438 4010 619 4087 I.14.v4;
641 4010 774 4069 numeris
797 4010 876 4069 idem
899 4030 968 4069 cum
991 4010 1177 4069 antecedenti
1201 4028 1289 4069 versu
1312 4030 1361 4069 cc-

96 4096 195 4160 baeret.
240 4100 315 4159 Mor.
340 4099 486 4178 Schmidt,
509 4100 656 4159 Minatiae
680 4100 874 4176 Sophocleae,
901 4102 983 4159 1881
1010 4120 1037 4176 p.
1057 4111 1082 4177 4,
1106 4118 1174 4158 cum
1198 4098 1360 4157 Pindarum

96 4208 187 4251 venus
206 4189 395 4267 symmetrice
420 4188 601 4265 disposuisse
624 4189 681 4247 sibi
703 4189 909 4265 persuasisset,
933 4189 1056 4247 tertium
1079 4207 1199 4247 versum
1222 4189 1361 4265 strophae

97 4295 154 4338 cum
175 4282 274 4357 priore
297 4282 384 4357 parte
410 4279 512 4355 quarti
537 4297 640 4338 versus
666 4277 829 4373 congarrit,
854 4278 933 4337 unde
956 4278 1071 4354 primus
1096 4296 1200 4337 uersus
1226 4278 1361 4355 septimo,

98 4370 230 4429 secundus
256 4373 352 4448 serto,
379 4367 487 4429 tertius
513 4368 620 4444 quinto
648 4368 867 4444 responderent.
914 4366 1040 4427 Prorsus
1069 4366 1144 4426 alias
1172 4366 1362 4443 symmetriae

98 4458 216 4516 rationes
242 4458 455 4537 Rossbachius,
480 4456 596 4517 Griech.
615 4449 715 4516 Metr.⁸
733 4467 794 4534 458,
818 4476 887 4515 cum
915 4457 1126 4535 excogitasset,
1148 4456 1362 4533 pentapodiam

99 4546 188 4618 quarti
214 4562 319 4605 versus
343 4564 362 4603 a
383 4548 501 4623 reliqna
530 4550 616 4624 parte
640 4564 743 4606 versus
771 4546 930 4621 separavit.
976 4548 1042 4624 Ego
1066 4566 1120 4605 cur
1149 4545 1187 4605 ob
1216 4546 1270 4603 has
1293 4545 1361 4605 sub-

99 4632 212 4693 tilitates
242 4634 450 4710 symmetricae
473 4635 697 4713 compositionis
726 4634 964 4694 aBoeckhianis
986 4635 1154 4695 rationibus
1182 4654 1241 4694 non
1269 4634 1360 4695 disce-

100 4720 214 4783 dendum
233 4723 377 4801 putarim,
395 4724 426 4783 in
444 4725 523 4785 Prol.
542 4744 618 4785 nvn1
637 4724 769 4802 exposui,
793 4724 891 4785 nescio
910 4728 1012 4784 tamen
1031 4744 1069 4783 an
1087 4724 1198 4785 rectius
1222 4724 1361 4801 strophae

100 4831 203 4873 versum
233 4816 380 4890 quartum
409 4814 440 4872 in
469 4815 544 4874 duos
573 4835 678 4875 versus
708 4835 799 4891 quam
828 4814 860 4872 in
891 4814 950 4873 duo
981 4814 1047 4875 cola
1070 4814 1185 4874 dividas
1209 4816 1361 4874 ettotam
