3417 5434
345 368 410 433 326
816 370 965 422 PINDARI
983 369 1149 423 EPmlcm.
1680 441 1681 500 ,

347 538 419 599 olim
442 541 563 598 coactus
586 536 646 597 fnit
669 530 710 617 (v.
731 528 789 617 35),
814 536 852 595 ad
871 536 974 595 turbas
993 535 1103 613 civiles,
1127 555 1205 612 qnae
1223 536 1303 595 bella
1321 536 1441 595 Persica
1459 535 1620 612 sequeban-

347 631 406 705 tur,
430 627 582 687 commode
604 626 709 686 reterri
728 629 862 702 possunt.
898 625 1035 701 Denique
1054 626 1127 684 haec
1145 628 1281 701 tempora
1299 624 1372 684 bene
1391 644 1461 685 eum
1480 645 1527 701 eo,
1547 626 1621 701 qnod
1680 659 1681 664 κ

346 716 409 777 Caii
423 716 587 775 Pindarum
602 716 778 775 Thebanum
797 715 835 774 ad
853 734 997 789 paeanem
1016 714 1208 792 pangendum
1226 714 1402 774 conduxisse
1421 714 1453 773 iu
1471 715 1621 791 prooemio

348 806 499 883 dicuntur,
514 805 694 881 conspirant.
724 804 795 863 lnde
810 804 889 863 enim
904 803 1002 863 nescio
1020 823 1059 863 an
1077 803 1218 881 colligere
1236 803 1335 881 liceat,
1353 807 1423 880 post
1441 804 1621 864 Simonidem

346 895 450 956 Gaium
479 898 632 955 mortuum
660 885 701 974 (a.
726 885 805 973 468)
833 892 893 952 hoo
913 912 1031 951 carmen
1054 892 1200 969 scriptum
1222 912 1294 952 esse.
1340 894 1452 953 Contra
1476 913 1496 951 a
1518 893 1620 953 iuvene
1680 929 1681 954 1

346 985 476 1044 Pindaro
499 983 530 1043 id
554 984 668 1043 lactum
692 1002 754 1043 esse
778 981 943 1041 arbitratus
962 984 1008 1040 est
1027 982 1119 1057 Leop.
1139 980 1259 1040 Schmid
1277 982 1362 1040 Pind.
1381 982 1452 1042 Leb.
1472 1003 1502 1059 p.
1522 994 1575 1040 423
1588 1002 1620 1041 ss
1680 979 1681 1028 ἶ

437 1074 473 1132 In
502 1072 653 1150 prooemio
684 1076 774 1149 poeta
802 1090 947 1148 paeanem
971 1070 1049 1130 Ceiis
1079 1070 1249 1130 faciendum
1272 1090 1303 1130 se
1331 1071 1362 1129 in
1390 1072 1476 1130 alind
1507 1075 1621 1148 tempus

348 1163 514 1223 dilaturum
537 1162 588 1239 ait,
612 1164 648 1219 ut
670 1164 760 1220 antea
783 1160 912 1237 patriam
934 1179 1028 1237 suam,
1047 1180 1124 1237 quae
1144 1179 1194 1218 sex
1212 1160 1354 1220 victorias
1372 1160 1509 1220 Isthmiis
1527 1181 1620 1237 repor-

349 1252 467 1330 taverit,
491 1254 521 1311 et
544 1250 731 1311 Herodotum
749 1250 853 1328 civem,
873 1250 925 1327 qui
944 1249 1007 1325 ipse
1025 1249 1157 1308 habenas
1175 1268 1321 1325 equorum
1340 1250 1373 1309 in
1391 1249 1444 1309 illo
1464 1251 1621 1309 certamine

347 1341 468 1419 rexerit,
498 1342 608 1417 hymno
639 1340 771 1416 equestri
805 1340 836 1397 in
867 1338 988 1397 modum
1015 1337 1092 1398 Iolai
1119 1340 1150 1397 et
1178 1338 1309 1398 Pollucis
1337 1340 1472 1398 illustret
1500 1331 1620 1419 (1-16).

347 1436 409 1490 Iam
432 1431 552 1490 fabulae
575 1428 638 1489 rice
663 1430 833 1507 funguntur
854 1427 960 1487 laudes
982 1427 1104 1506 illorum
1126 1428 1264 1505 heroum,
1293 1428 1346 1504 qui
1370 1428 1478 1505 optimi
1502 1429 1621 1506 aurigae

347 1519 461 1579 fuerint
479 1523 510 1579 et
527 1522 682 1596 praeterea
700 1518 797 1577 multa
815 1516 950 1594 praemia
969 1535 1059 1577 cursu
1077 1516 1176 1577 iaculo
1196 1517 1277 1577 diaco
1297 1518 1462 1577 meruerint
1480 1508 1621 1598 (ιτ-31).

347 1609 421 1671 Post
438 1609 526 1669 breve
544 1608 601 1668 hoc
619 1608 809 1685 praeconium
827 1607 952 1666 heroum
966 1607 1004 1665 ad
1018 1608 1189 1682 praesentes
1202 1625 1250 1665 res
1263 1608 1399 1683 relapsus
1412 1606 1621 1683 Asopodornm

348 1698 493 1760 Herodoti
515 1700 632 1773 patrem
654 1696 890 1757 illustrissimum
913 1698 1016 1754 narrat
1037 1698 1107 1773 post
1128 1696 1276 1756 horrenda
1298 1696 1460 1775 naufragis
1483 1696 1622 1755 Thebana

349 1789 379 1847 in
402 1790 528 1864 paterna
550 1805 622 1844 rura
642 1785 838 1845 Orchomenia
857 1804 887 1845 se
906 1784 1059 1861 recepisse,
1083 1784 1135 1843 sed
1157 1784 1219 1843 iam
1241 1785 1370 1861 pristina
1392 1786 1518 1844 fortuna
1541 1785 1621 1845 resti·

350 1881 417 1937 tuta
431 1876 528 1935 filium
541 1875 604 1935 eiua
619 1875 804 1952 equestrium
818 1874 1016 1934 certaminum
1029 1874 1143 1953 gloriae
1157 1876 1362 1951 potiusquam
1374 1874 1418 1933 rei
1432 1875 1622 1951 pecuniariae

349 1965 489 2043 quaestui
517 1984 638 2041 operam
665 1964 847 2040 impendere,
875 1963 954 2022 unde
982 1963 1107 2042 dignum
1134 1982 1203 2022 eum
1227 1982 1302 2040 esse,
1326 1982 1415 2040 quem
1438 1966 1549 2039 poetae
1572 1983 1622 2023 suo

350 2074 470 2115 munere
494 2057 600 2113 ornent
623 2044 767 2134 (ea-51).
809 2052 887 2111 Exin
909 2052 1009 2112 varias
1032 2052 1174 2112 victorias
1197 2051 1343 2113 Herodoti
1365 2058 1531 2130 enumerat,
1555 2074 1622 2112 eun·

350 2145 475 2221 demque
494 2143 587 2202 etiam
603 2142 746 2219 Pythiam
765 2145 795 2201 et
814 2140 986 2219 Olympiam
1004 2160 1128 2202 coronas
1147 2144 1288 2217 appetere
1306 2140 1458 2220 significat
1475 2134 1623 2223 (ot-67),

352 2234 390 2293 ad
408 2236 591 2309 postremum
610 2231 709 2291 virum
728 2234 892 2309 strenuum,
907 2230 960 2307 qui
979 2232 1017 2289 ad
1035 2230 1140 2289 laudes
1158 2231 1352 2290 victoriarum
1367 2230 1489 2309 aspiret,
1503 2232 1576 2291 licet
1588 2232 1623 2289 ab

350 2321 467 2401 ignavis
490 2320 604 2381 civibus
627 2320 874 2397 reprehendatur,
897 2321 995 2380 solum
1018 2322 1119 2379 tamen
1141 2320 1239 2379 famae
1262 2320 1450 2396 posteritatis
1472 2322 1623 2381 consulere

349 2410 509 2488 praedicat.

439 2498 587 2559 Thebanis
611 2498 725 2558 civibus
748 2502 868 2575 praeter
889 2499 945 2559 hoc
967 2518 1086 2559 carmen
1109 2497 1258 2558 Pindarus
1276 2498 1405 2575 epinicia
1422 2498 1456 2558 P.
1475 2518 1517 2558 xr.
1540 2500 1564 2559 L
1583 2519 1621 2557 111.

350 2608 389 2649 rv.
408 2607 451 2648 vn
475 2588 601 2665 scripsit
638 2588 720 2646 Idem
741 2588 858 2663 patriae
880 2589 987 2648 decora
1010 2588 1166 2649 exornavit
1188 2587 1219 2645 in
1242 2588 1369 2666 hymnis,
1394 2608 1524 2665 quorum
1547 2590 1622 2648 relli-

351 2678 438 2755 quias
467 2678 503 2736 fr.
527 2687 632 2737 29-35
662 2677 802 2736 collectas
831 2677 936 2755 habes,
966 2678 998 2736 in
1026 2678 1271 2755 hyporchemate,
1301 2677 1388 2737 cuius
1416 2697 1523 2739 versus
1552 2680 1621 2738 cele-

350 2768 493 2827 berrimos
512 2765 656 2843 Polybius
680 2766 811 2826 serravit
830 2757 880 2847 (fr.
901 2778 960 2825 109.
981 2759 1055 2847 110),
1079 2767 1207 2843 denique
1231 2766 1262 2825 in
1285 2766 1475 2843 dithyrambo
1500 2787 1620 2846 magnae

350 2856 422 2917 deae
441 2848 490 2937 (fr.
510 2846 559 2937 83)
578 2858 609 2915 et
626 2856 783 2933 parthenio
804 2854 894 2913 Panis
913 2847 964 2936 (fr.
984 2847 1042 2937 95).
1079 2856 1114 2913 ln
1137 2855 1286 2915 Thebanis
1309 2876 1379 2916 vero
1403 2856 1541 2933 epiniciis
1559 2877 1621 2917 curn

351 2946 382 3005 in
406 2945 475 3005 aliis
497 2949 563 3003 tum
593 2945 625 3003 iu
652 2945 719 3021 hoc,
750 2944 832 3020 quod
861 2948 1040 3024 tractamus,
1069 2947 1175 3021 poetae
1206 2964 1291 3005 amor
1317 2944 1434 3021 patriae
1462 2947 1574 3005 eminet
1594 2954 1621 3004 et

351 3036 432 3095 dulci
455 3053 543 3093 sensu
566 3034 700 3092 animum
722 3033 842 3093 lectoris
866 3033 968 3111 afficit,
992 3035 1063 3093 licet
1083 3034 1185 3094 ieiuna
1209 3034 1339 3110 quadam
1357 3034 1510 3096 tenuitate
1528 3055 1621 3095 rerum

352 3127 382 3184 et
405 3123 621 3183 sententiarum
644 3142 738 3199 paene
762 3121 863 3182 omnia
886 3124 1013 3199 epinicia
1037 3123 1178 3183 Thebana
1200 3122 1343 3183 laborant.

892 3276 937 3342 De
959 3276 1080 3343 metris.

442 3389 588 3449 Carminis
611 3380 755 3465 festiirati,
779 3389 827 3447 cni
851 3410 887 3447 ne
911 3389 1015 3448 fabula
1038 3390 1158 3466 quidem
1181 3390 1368 3449 exornandae
1391 3394 1483 3467 poeta
1500 3390 1621 3462 vacarit,

351 3479 491 3556 vulgares
514 3478 631 3539 numeri
654 3477 932 3554 dactylo-epitritioi
955 3482 1034 3538 sunt.
1080 3478 1225 3555 Strophae
1249 3498 1352 3539 versus
1375 3484 1505 3555 quartus
1528 3500 1620 3539 mono·
1679 3507 1680 3520 ¹

352 3569 443 3645 colos,
474 3587 564 3644 quem
594 3586 663 3626 cum
693 3566 782 3626 tertio
812 3567 844 3625 in
873 3586 968 3626 unum
992 3588 1111 3627 versum
1133 3568 1344 3628 Mommsenius
1368 3570 1538 3646 coniunxit,
1559 3589 1620 3627 cum
1679 3589 1680 3628 1

351 3656 456 3734 quinto
491 3656 594 3733 potius
628 3656 853 3733 coniungendas
888 3676 950 3716 esse
985 3656 1117 3734 videtur,
1150 3660 1187 3715 ut
1218 3661 1284 3717 tota
1313 3659 1437 3734 stropha
1467 3679 1505 3717 ex
1533 3657 1620 3717 tn'bus

350 3746 497 3823 pericopis
527 3746 618 3820 (1-3.
641 3756 719 3804 4-5.
745 3736 775 3826 6)
802 3747 967 3822 composita
996 3746 1044 3806 sit.
1088 3746 1274 3806 Sententiam
1304 3748 1330 3805 si
1359 3752 1492 3824 spectas,
1522 3746 1621 3806 tertius

350 3834 515 3895 versiculus
539 3836 625 3895 modo
650 3833 737 3910 epodi
760 3834 823 3893 rice
847 3835 987 3913 fungitur
1004 3828 1065 3916 (vv.
1085 3847 1109 3894 4.
1130 3847 1172 3895 27.
1192 3828 1250 3916 38),
1274 3836 1361 3896 modo
1384 3836 1491 3913 proodi
1512 3829 1553 3917 (r.
1569 3828 1619 3910 55),

351 3923 437 3984 modo
461 3924 576 3985 medius
600 3924 752 3999 utrimque
775 3925 885 3999 pendet
908 3917 969 4005 (vr.
990 3936 1032 3983 10.
1050 3936 1094 3985 44.
1114 3919 1176 4005 61);
1203 3926 1239 3984 ci.
1260 3923 1293 3985 Ο,
1313 3944 1369 3984 vm
1391 3946 1437 4001 ep.
1458 3937 1474 3983 ὁ
1499 3926 1533 3984 Ρ.
1550 3944 1581 3982 m
1598 3936 1620 3996 3,

351 4013 375 4072 I.
394 4033 414 4072 v
432 4025 458 4073 4.
503 4013 664 4089 stropham
693 4015 723 4071 et
750 4014 879 4088 epodum
907 4013 1045 4072 similiter
1067 4019 1159 4090 atque
1189 4014 1221 4073 in
1248 4015 1378 4074 carmine
1405 4014 1442 4073 N.
1461 4033 1483 4073 x
1505 4032 1619 4091 procero

256 4102 259 4107 '
352 4122 439 4162 versu
461 4105 551 4179 poeta
574 4101 696 4180 claudit,
721 4103 848 4162 sednon
868 4104 971 4163 eadem
991 4122 1051 4178 qua
1070 4103 1101 4161 in
1120 4104 1173 4163 illo
1192 4103 1349 4181 diligentia
1368 4104 1471 4163 orbem
1488 4103 1619 4179 strophae

352 4192 556 4268 antistrophae
582 4191 669 4267 epodi
694 4191 827 4267 perfecta
852 4197 883 4252 et
909 4192 1048 4251 absoluta
1070 4193 1219 4251 sententia
1241 4193 1479 4253 concludendum
1503 4192 1619 4253 curarit.

353 4282 513 4339 Cantatum
537 4284 582 4340 est
604 4282 659 4340 hoc
682 4299 800 4340 carmen
824 4300 842 4339 a
866 4282 955 4341 choro
978 4282 1010 4340 in
1033 4282 1241 4341 comissatione
1265 4281 1395 4359 publica,
1419 4283 1500 4342 unde
1523 4284 1619 4341 decora

352 4370 434 4428 urbis
454 4369 622 4429 Thebarum
642 4370 737 4447 magis
757 4389 847 4446 quam
868 4371 1058 4447 Strepsiadae
1076 4370 1198 4431 victoris
1217 4371 1438 4446 praedicantur.
1470 4371 1618 4431 Praeterea

353 4479 387 4519 ex
408 4458 539 4519 versibus
559 4471 573 4518 7
594 4462 624 4518 et
644 4470 676 4518 15
696 4458 774 4518 affici
796 4460 916 4519 videtur
939 4461 1087 4519 similibus
1110 4461 1166 4520 hoc
1188 4479 1306 4520 carmen
1331 4463 1424 4538 atque
1447 4462 1571 4538 hymnos
1591 4459 1617 4515 iu

353 4549 494 4608 victorias
518 4548 636 4607 curules
661 4547 793 4607 Castoris
820 4554 851 4607 et
874 4549 951 4609 Iolai
973 4550 1069 4609 modis
1092 4550 1258 4610 saltatoriis
1281 4553 1383 4609 actum
1405 4568 1479 4612 assa.
1516 4551 1617 4609 Tamen

354 4658 391 4697 ne
422 4638 459 4695 ad
489 4638 584 4695 instar
613 4636 745 4711 prosodii
774 4641 870 4696 metra
899 4638 1039 4698 carminis
1069 4638 1243 4717 refingerem
1272 4658 1434 4717 omnesque
1464 4658 1564 4699 versus
1590 4637 1616 4694 in

353 4726 489 4801 dipodias
523 4744 671 4805 cogerem,
706 4727 882 4786 catalectico
916 4727 1047 4803 tripodis
1078 4728 1154 4787 sexti
1186 4746 1288 4788 versus
1323 4730 1465 4805 strophae
1497 4726 1616 4805 prohibi-

354 4820 403 4874 tus
427 4835 500 4874 sum.

1484 4923 1543 4981 &aa

1546 4979 1564 5000 ''
1595 5008 1608 5044 a
