3417 5434
615 405 841 456 FRAGMENTA.

308 1014 393 1074 Θεοῦ
418 1007 453 1074 δὲ
477 1009 645 1087 δείξαντος
668 1009 787 1094 άρχάν,

305 1115 443 1181 ἕκαστον
467 1116 502 1181 ἐν
524 1125 649 1201 πρᾶγος
675 1117 790 1182 εὐθεῖα
813 1119 854 1200 δὴ

306 1223 465 1299 κέλευθος
487 1222 608 1307 ἀρετὰν
631 1220 733 1305 ἑλεῖν,

227 1353 229 1358 ·
307 1333 457 1395 τελευταί
477 1353 511 1394 τε
534 1333 712 1404 καλλίονες.

637 1461 696 1518 109
722 1453 826 1537 [aaa.

437 1762 588 1787 u-u..
652 1741 855 1788 Uist-iuvi!-

310 2005 355 2068 To
378 2006 492 2068 κοινόν
516 2027 565 2079 τις
589 2003 714 2068 άσ-τῶν
737 2003 774 2068 ἐν
797 2003 892 2091 εὐδία
915 2002 1021 2081 τιθεὶς

307 2110 513 2195 ἐρευνασάτω
537 2111 761 2194 μεμαλάνορος
778 2107 938 2194 Ἡσυχίας
960 2112 998 2175 τὸ
1021 2111 1182 2195 φαι-δρδν
1205 2111 1305 2194 φάος,

306 2218 422 2282 στάσιν
445 2215 509 2282 άπὸ
532 2218 707 2302 πραπίδων
730 2258 744 2266 -
768 2217 921 2282 ἕπίκοτον
943 2216 1085 2300 ιἰνελών,

306 2327 420 2400 πενίας
443 2325 611 2408 δότειραν,

272 2429 433 2516 σέχθρδιν
455 2434 695 2517 κουροτρόφον.

308 2843 339 2906 Γ
336 2843 419 2906 λυκὺ
444 2839 472 2904 δ
502 2840 665 2926 ἀπείροισι
688 2843 840 2924 πόλεμος·
865 2840 1124 2927 πεπειραμένων
1147 2841 1187 2906 δέ
1207 2865 1258 2919 τις

306 2951 422 3035 ταρβεῖ
442 2951 623 3033 προσιόντα
646 2971 702 3013 νιν
725 2989 738 2996 -
761 2948 882 3036 καρδίᾳ
904 2960 1076 3033 περισσῶς.

93 3721 134 3769 15.
160 3711 255 3780 διερόν
281 3711 418 3782 Scaliger,
444 3711 528 3780 ξεράν
554 3712 645 3783 Bergk
671 3744 707 3752 —
733 3719 774 3766 16.
802 3709 830 3780 ii:
856 3712 882 3766 ελ
904 3711 996 3783 Bergk
1023 3741 1054 3753 -
1081 3712 1180 3781 θήσεις
1202 3714 1307 3768 Barnea
1335 3747 1368 3756 -

95 3793 135 3839 18.
157 3785 329 3854 ὀλοφύρομαι
348 3783 433 3838 οὐδὲν
452 3783 519 3853 ’ὅπερ
538 3783 688 3837 Hermann.
713 3783 774 3837 Huc
793 3783 887 3837 nescio
906 3801 943 3836 an
961 3784 1148 3838 revocandum
1168 3785 1206 3839 sii
1223 3786 1256 3841 fr.
1273 3804 1319 3840 nr.

166 3856 209 3910 Fr.
231 3861 288 3910 108.
327 3855 431 3910 Socrat.
452 3854 532 3924 epist.
553 3873 577 3923 r,
598 3871 622 3910 τε
655 3856 788 3908 ἀπειθεῖν
814 3853 844 3908 δὲ
872 3855 947 3908 aava
973 3855 1046 3909 όκνῶ
1073 3857 1121 3908 καλ
1144 3856 1194 3909 τὸν
1223 3855 1370 3926 Πίνδαρον

93 3927 247 3996 ἡγούμενος
266 3927 305 3990 είς
323 3936 403 3980 τοῦτο
423 3921 497 3980 εἶναι
515 3925 612 3996 σοφόν,
632 3923 662 3988 ὅς
680 3944 778 3995 φησιν·
798 3929 884 3979 θεοῦ
904 3911 939 3979 tii
958 3930 1006 3979 κτλ
1034 3927 1132 3996 σχεδὸν
1151 3927 1204 3996 γὰρ
1224 3926 1295 3982 οὗτοι
1313 3949 1369 3984 που

94 3999 151 4068 ἔχει
169 3999 201 4052 τὸ
220 3995 374 4067 ὑπόρχημα.
404 3998 604 4052 Arretinum
621 3997 716 4052 Dina:
735 4001 807 4051 θεοῦ
822 3994 854 4050 δέ
867 4014 937 4066 φησι
951 3999 1102 4066 Πίνδαρος,
1117 3997 1262 4064 δείξαντος
1279 4000 1369 4071 ἀρχὴν

95 4071 196 4124 εὐθεῖα
215 4070 250 4138 δὴ
270 4069 404 4133 κέλευθος
424 4069 494 4124 όλεῑν
513 4071 544 4122 τὸ
562 4071 755 4137 προκείμενον.

166 4141 209 4195 Fr.
226 4147 284 4196 109.
306 4141 382 4196 Stob.
397 4141 470 4195 Flor.
485 4160 550 4194 avnr
565 4159 589 4196 9:
604 4138 750 4207 Πινδάρου
765 4138 981 4208 ὑπορχημάτων·
1001 4139 1037 4193 τό
1056 4140 1175 4194 κοινόν
1193 4144 1249 4196 κτλ.
1268 4141 1367 4210 Polyb.

94 4232 121 4265 rv
140 4229 179 4268 31:
204 4211 269 4266 οὐδὲ
298 4213 351 4282 γὰρ
377 4212 517 4284 Θηβαίους
544 4212 713 4280 ἐπαινοῦμεν
740 4209 812 4264 κατὰ
836 4212 871 4264 τὰ
894 4210 1025 4278 Μηδικά,
1052 4209 1124 4265 διότι
1148 4220 1205 4265 τῶν
1227 4210 1298 4280 ὑπὲρ
1321 4222 1370 4282 τῆς

91 4282 225 4346 Ἑλλάδος
244 4283 415 4346 ἀποστάντες
434 4286 575 4338 κινδύνοιν
592 4283 626 4336 τὰ
642 4286 756 4350 Περσῶν
771 4279 878 4336 εἴλοντο
892 4281 941 4334 διὰ
955 4283 1005 4335 τὸν
1023 4279 1123 4355 φόβον,
1143 4282 1209 4336 οὐδὲ
1222 4281 1370 4352 Πίνδαρον

94 4357 144 4410 τὸν
164 4353 438 4424 ουναποφηνάμενον
457 4356 552 4418 αὐτοῖς
571 4355 650 4425 άμειν
668 4354 719 4422 τὴν
739 4350 857 4422 ἡσυχίαν
880 4352 928 4406 διὰ
951 4355 1038 4408 τῶνδε
1061 4361 1117 4406 τῶν
1138 4359 1314 4422 ποιημάτων·
1333 4357 1370 4410 τὸ

96 4427 216 4482 κοινόν
231 4470 237 4482 .
253 4469 259 4479 .
275 4470 280 4481 .
296 4427 394 4496 φάος
415 4425 449 4480 cf.
470 4426 659 4497 Olympiodor.
678 4425 708 4478 in
727 4423 798 4477 Plat.
818 4423 909 4478 Alcib.
929 4442 939 4475 1
957 4443 983 4494 p.
1002 4440 1027 4479 rr
1047 4424 1098 4492 Cr„
1116 4423 1226 4480 Philod.
1245 4426 1281 4480 de
1298 4444 1369 4482 mus.

98 4515 129 4566 n,
144 4516 171 4552 ιιι
185 4497 298 4552 Kemke.
328 4496 446 4552 Carmen
464 4498 575 4552 Persico
594 4495 668 4550 balio
686 4494 839 4550 Pindarum
858 4495 1007 4564 μιιοτιίεοοἰ
1017 4500 1049 4550 αλ
1062 4513 1080 4550 a
1093 4496 1183 4551 turbis
1199 4496 1369 4553 seditionum

97 4570 171 4624 cives
190 4571 330 4636 avocaret,
350 4569 446 4623 docuit
464 4569 577 4623 Boeckh
595 4586 611 4622 ο
632 4585 688 4622 uso.
703 4586 731 4620 rv
748 4583 787 4622 ιιε
802 4585 837 4622 rs.
858 4600 892 4608 -
910 4573 936 4622 4.
955 4566 1019 4624 fort.
1039 4567 1144 4637 ἔχθρας
1162 4588 1240 4637 κουρ.

167 4641 211 4695 Fr.
233 4645 291 4695 110.
321 4639 398 4694 Stob.
414 4640 485 4693 Flor.
501 4658 517 4692 1.
536 4655 560 4694 σε
579 4587 722 4706 Πλδδαρος
740 4639 847 4708 ὑπορχη
880 4638 956 4692 'aar'
976 4641 1078 4707 γλυκὺ
1097 4644 1153 4694 κτλ.
1182 4640 1273 4695 Schol.
1287 4641 1368 4696 Hom.

96 4711 127 4766 11.
141 4717 165 4766 Λ
186 4727 232 4766 ενι.
261 4711 338 4767 Euat.
358 4711 389 4765 in
406 4711 436 4764 Il.
456 4728 482 4779 p.
498 4727 546 4779 ειι,
565 4727 590 4764 ιν
609 4743 644 4750 -
662 4708 802 4778 ἀπείροισι
820 4728 840 4762 π
859 4712 940 4776 λεμος
957 4709 1083 4765 Boeckh:
1108 4708 1228 4780 πόλεμος
1245 4710 1369 4780 σπείροι-

97 4782 242 4910 grvbStob„
261 4783 369 4908 ἷπρίρρρ
381 4779 500 4850 πόλεμος
514 4781 599 4836 schol.
615 4782 694 4836 Hom.
710 4784 739 4835 ei
753 4780 829 4834 Euat.
845 4810 879 4818 -
893 4780 1107 4851 πεπειραμένων
1121 4782 1211 4837 Euan:
1232 4783 1371 4851 ἐμπείρων

117 4859 145 4910 ιο
167 4897 172 4908 .
193 4858 223 4909 et
241 4871 268 4907 ae
290 4871 325 4910 ο.
372 4871 424 4908 om.

1105 4943 1158 5000 26·
