3417 5434
644 345 768 394 uuum
786 344 837 394 111.

99 524 133 570 25
153 507 252 591 βοάς·
276 506 341 593 όπιγ
355 546 368 554 -
382 509 551 590 πόμπιμον
574 502 746 587 κατέβαινε
768 504 906 568 νό-στου
930 501 1032 582 τέλος,

151 611 209 676 καί
233 622 297 695 γᾶν
320 612 500 697 φράδασσε.
537 609 641 694 θυμέ,
663 613 738 674 τίνα
760 610 845 696 πρὸς
867 609 1059 674 ἀλλοδαπὰν

150 723 260 806 έίκραν
284 719 363 804 ε’μὸν
386 722 491 785 πλόον
514 721 744 808 παραμείβεμιγς

151 828 269 915 Αἰακῷ
292 844 329 891 σε
353 825 438 911 φαμὶ
463 825 550 908 γένει
573 849 607 889 τε
631 829 783 889 Moe-eas
806 821 930 908 φέρειν.

150 933 264 998 ἕπεται
287 931 324 998 δὲ
347 937 435 1022 λόγω
459 935 554 1009 δίκας
576 933 682 1008 άωτος
705 931 799 1007 έσλὸς
821 932 942 995 αἰνεῖν·

97 1165 131 1212 30
151 1145 229 1212 οὐδ’
254 1148 440 1232 ἀλλοτρίων
463 1151 582 1232 ἔρωτες
604 1143 703 1232 ἀνδρί
722 1142 838 1230 φέρειν
852 1185 866 1193 -
881 1143 1064 1231 κρέσσονες.

150 1262 291 1320 οἰκοθεν
314 1254 442 1339 μάτευε.
479 1257 665 1339 ποτίφορον
689 1250 726 1317 δὲ
748 1255 890 1335 κόσ-μον
913 1253 1027 1334 ἔλαβες

149 1363 259 1444 γλυκύ
282 1386 314 1427 τι
338 1361 510 1446 γαρυέμεν.
546 1366 734 1426 παλαι-αἷσι
758 1357 788 1422 δ’
817 1359 853 1424 έν
878 1358 1009 1444 ἀρεταῖς

151 1469 277 1553 γέγαθε
301 1472 449 1552 Πη-λεὺς
472 1468 553 1546 ἄναξ
576 1467 765 1554 ὑπέραλλον
788 1467 924 1550 αἰχ-μὰν
947 1467 1073 1549 ταμών·

150 1577 189 1654 ὃς
212 1575 269 1642 καί
290 1577 444 1642 Ειωλκὸυ
467 1567 531 1641 εἷλε
554 1578 657 1658 μόνος
679 1575 759 1639 ἄνευ
783 1582 949 1659 στρατιᾶς,

96 1702 130 1748 35
149 1681 207 1747 καί
230 1686 372 1747 ποντίαν
397 1681 495 1746 Θέτιν
516 1679 724 1765 κατέμαρψεν

151 1791 316 1873 ἐγκονητί.
355 1787 571 1873 Λαομέδοντα
594 1785 626 1851 δ’
652 1787 874 1874 εὐ-ρυσδενὴς

155 1898 315 1981 Τελαμὼν
335 1894 420 1984 Ἰόλᾳ
442 1895 653 1982 παραστάτας
675 1894 740 1959 έὼν
763 1897 914 1980 ἔπερσεν

151 2117 212 2177 καί
231 2135 310 2177 ποτε
333 2107 531 2195 χαλκότοξον
550 2107 737 2193 Ἀμαζόνων
760 2107 830 2192 μετ’
857 2107 961 2174 άλκδν
1173 2107 1237 2173 'Em
1257 2107 1300 2192 β’.
1347 2126 1380 2173 uc

151 2219 248 2284 ἕπετό
271 2225 339 2283 foc·
363 2216 445 2282 οὐδέ
464 2220 522 2301 μίν
545 2238 623 2281 ποτε
646 2218 752 2300 φόβος
770 2215 987 2305 ,ἀνδροδάμας

202 2329 344 2391 ἔπαυσεν
367 2323 491 2408 άκ-μδιν
514 2335 657 2409 φρενῶν.

169 2524 214 2572 25.
235 2515 292 2571 ὅπα
310 2517 391 2573 codd.
407 2549 440 2558 -
456 2523 498 2571 26.
514 2515 642 2587 φράδασε
657 2517 720 2570 BD
736 2549 768 2555 —
784 2522 826 2570 29.
842 2515 918 2580 ἐσλὸς
932 2517 970 2582 D,
985 2515 1063 2570 ἐσλὸν
1077 2518 1117 2585 Β;
1138 2516 1237 2572 schol:
1256 2517 1288 2571 τδ
1305 2516 1382 2580 έσλδς

98 2590 163 2643 ent
181 2598 240 2643 ποῦ
257 2588 351 2653 έσλοός
366 2620 399 2630 -
414 2595 457 2643 30.
471 2587 602 2656 κρέσονες
615 2588 644 2642 D
659 2619 691 2627 -
708 2593 750 2642 31.
765 2607 845 2657 μαντ.
861 2588 891 2642 D
907 2621 939 2628 -
955 2588 1049 2658 ἔλαχες
1063 2604 1097 2642 ex
1111 2587 1226 2642 scholiis
1240 2589 1333 2659 Bergk
1347 2619 1379 2629 -

99 2667 140 2714 34.
166 2659 253 2729 μόνος
276 2663 359 2732 Hya:
388 2669 492 2730 μοῦνος
513 2661 576 2714 BD
604 2691 639 2699 -
667 2665 709 2714 36.
734 2659 855 2728 έγκονιτί
880 2659 990 2714 mavult
1013 2659 1117 2730 Bergk,
1146 2658 1281 2731 ἰγκόνῃσι
1309 2661 1380 2716 coni.

98 2731 242 2787 Matthiae
256 2731 449 2804 eleganter-
464 2737 506 2785 37.
523 2728 596 2804 Ἰόλᾳ
612 2733 648 2786 Z:
668 2730 731 2784 ἰόλα
744 2731 807 2784 BD
822 2764 854 2770 -
871 2737 912 2786 38.
929 2727 1097 2802 χαλκότοξον
1117 2732 1188 2787 VX:
1207 2731 1381 2802 χαλκοτόξων

99 2805 163 2858 BD
180 2835 210 2844 -
228 2809 270 2857 39.
286 2803 380 2874 ἀκμάν
399 2803 459 2858 VX
474 2803 592 2858 Mosch.:
613 2800 722 2872 ἇλκμδιν
736 2803 809 2870 BD,
828 2801 934 2872 αἰχμὰν
952 2802 1022 2857 coni.
1038 2801 1147 2871 Heyne:
1167 2803 1230 2857 fort.
1246 2805 1332 2866 ἀλκᾶς
1347 2835 1379 2843 -

170 2951 216 3002 25.
235 2943 380 3018 πόμπιμον
398 2944 499 3001 νόστου
517 2943 602 3014 τέλος,
622 2944 774 3000 secundum
792 2944 902 3000 itineris
921 2947 1019 3013 finem3
1039 2945 1073 3001 cf.
1089 2944 1193 3000 Tibull.
1209 2965 1236 2998 ιν
1252 2963 1271 3014 ι,
1286 2961 1311 3001 ιε
1330 2947 1381 3000 illu

95 3036 148 3087 μιν
165 3022 278 3090 ι’φκοίαε
295 3020 391 3073 audac
409 3019 542 3072 errauerit
559 3019 646 3084 ννδιε,
665 3035 720 3087 ραι
737 3021 824 3072 νεανία
840 3021 967 3073 eutremis
985 3019 1064 3072 tellus
1082 3019 1236 3072 includitur
1249 3019 1332 3072 undis
1347 3049 1380 3058 -

100 3089 250 3161 κατέβαινε
270 3131 321 3144 .,.
341 3090 498 3158 φράδασσε·
519 3087 588 3142 mire
607 3089 719 3142 aurietis
738 3091 823 3159 poeta
841 3089 1036 3160 imperfectum
1055 3088 1220 3156 immiscuit;
1240 3092 1336 3142 tamen
1355 3088 1380 3144 ei

100 3161 153 3215 hoc
171 3177 285 3230 quoque
302 3161 365 3214 loco
383 3161 457 3215 inest
475 3159 518 3214 vis
537 3159 657 3216 actionis
676 3160 743 3212 dum
762 3161 852 3214 altera
877 3165 910 3215 fit
934 3160 1061 3215 durantis
1085 3193 1118 3200 -
1142 3169 1196 3230 γᾶν
1220 3159 1379 3228 φράδασσε·

100 3231 202 3301 locum,
227 3249 372 3301 quousque
427 3231 576 3293 munisset,
596 3230 732 3286 columnis
751 3232 851 3301 positis
871 3231 1006 3302 signavit3
1032 3232 1072 3286 sic
1091 3231 1165 3286 enim
1185 3231 1285 3286 Graeci
1308 3231 1380 3286 falso

100 3303 184 3374 signa
202 3303 304 3356 summi
323 3302 369 3358 dei
410 3303 537 3358 hoenicei
555 3302 815 3373 interpretabantur
833 3336 866 3344 -

171 3381 207 3429 26
224 3393 259 3430 ss.
279 3375 316 3428 ab
336 3374 463 3428 Herculis
481 3374 672 3442 navigatione,
692 3375 728 3427 ad
747 3392 832 3443 quam
846 3373 1016 3429 narrandam
1031 3373 1173 3429 mentione
1188 3372 1380 3428 columnarum

99 3447 230 3501 Herculis
248 3446 326 3500 iacta
345 3447 478 3516 abreptus
497 3450 566 3513 erat,
586 3447 623 3500 ad
642 3445 740 3499 laudes
760 3446 875 3500 victoris
894 3451 923 3501 et
941 3446 1050 3500 insulae
1065 3445 1190 3527 Aeginae
1210 3463 1239 3499 se
1258 3449 1380 3513 revocat,

100 3516 267 3644 ηιιοῖιὲἰιιιῧ
283 3518 373 3643 ῖφοδο
399 3524 429 3606 (γ.
448 3537 477 3570 rx
491 3517 719 3642 ³5hab'iiemiii
744 3518 916 3642 iadcinoribus
940 3519 977 3572 ad
1004 3519 1171 3644 domdestmas
1188 3516 1289 3642 liaudtes
1307 3517 1381 3642 pedit

101 3621 133 3629 -
201 3633 208 3643 .
265 3609 281 3643 ο
311 3610 347 3643 αν
399 3609 410 3643 ε
430 3605 484 3643 ειν·
533 3606 662 3643 um110re
705 3606 766 3643 men
787 3608 798 3642 1
844 3606 927 3644 euers
955 3607 1022 3644 usus
1071 3607 1164 3645 ,ιιιε
1208 3606 1246 3642 ιιι
1339 3609 1366 3642 οι

99 3666 239 3732 γλῶσσαν·
267 3609 434 3731 mataplhrh
460 3677 557 3714 musae
581 3665 610 3714 et
633 3660 709 3714 altae
732 3608 851 3715 natur-age
874 3661 957 3715 huius
981 3662 1051 3715 odae
1075 3661 1175 3715 melius
1199 3609 1337 3715 couveiiii²
1353 3610 1381 3714 el

101 3733 215 3804 egregie
233 3732 373 3802 principio
392 3731 523 3786 carminis
543 3736 577 3799 (τ.
595 3738 616 3798 ι)
636 3733 848 3786 accommodata
867 3737 910 3788 est
929 3766 962 3774 —
983 3739 1024 3788 29.
1045 3733 1121 3794 ἰσλδς
1140 3731 1269 3786 Aeolicus
1288 3748 1378 3787 accus.

82 3809 144 3858 ·est
160 3821 214 3876 pro
234 3805 341 3872 ἐσλούς,
361 3807 392 3857 ut
411 3803 496 3866 νάσσς
513 3821 564 3874 pro
582 3802 686 3866 νάσους
704 3803 735 3858 0.
755 3823 776 3857 u
791 3821 828 3871 τις
851 3804 1008 3859 infinitivus
1027 3805 1119 3858 αἰνεῖν
1137 3805 1232 3857 autem
1251 3802 1380 3864 subiecti,

102 3875 191 3940 ἄωτος
205 3873 287 3938 δίκας
300 3875 457 3945 praedicati
474 3875 532 3928 vim
547 3875 667 3930 obtinet:
687 3875 790 3944 probos
804 3876 921 3930 laudare
940 3875 1061 3930 orationi
1081 3891 1190 3928 summa
1208 3873 1318 3928 iustitia
1337 3877 1380 3928 est

100 3979 135 3987 —
162 3954 206 4002 30.
226 3947 346 4000 similem
370 3946 539 4001 sententiam
564 3947 651 4000 habes
674 3946 703 4002 P.
723 3965 754 3999 m
768 3965 806 4014 ²03
830 3947 876 4001 hic
900 3949 995 4002 autem
1018 3951 1104 4016 poeta
1126 3949 1215 4000 semet
1237 3946 1298 4015 ipse
1317 3946 1379 4000 hor·

100 4021 185 4088 tatur,
204 4022 237 4072 ut
256 4018 380 4088 palmam
399 4035 433 4072 ex
452 4017 613 4072 domesticis
632 4018 765 4072 laudibus
780 4017 834 4072 sibi
848 4021 1001 4089 comparet,
1020 4035 1139 4087 quarum
1155 4017 1239 4071 decus
1254 4016 1379 4086 amplum

101 4093 129 4143 et
143 4090 226 4144 dulce
241 4091 277 4143 ad
292 4090 450 4144 canendum
464 4088 520 4143 sibi
534 4088 746 4160 suppeditatum
761 4089 798 4143 sit
808 4123 841 4129 —
852 4097 894 4144 32.
905 4095 1069 4144 παλαιαῖσιν
1079 4091 1203 4155 οἰρεταιςΙ
1218 4087 1380 4157 virtutibus,

101 4161 198 4229 quales
213 4161 300 4232 prisci
318 4165 347 4215 et
365 4161 471 4215 heroici
488 4160 551 4215 aevi
569 4160 700 4232 propriae
715 4164 796 4214 erant
808 4193 844 4202 —
859 4167 900 4216 33.
916 4162 1022 4232 ταμών·
1042 4159 1159 4230 respicit
1171 4159 1310 4213 Pindarus
1324 4160 1380 4214 Ηο-

101 4250 207 4287 merum
221 4233 254 4287 Π.
269 4252 316 4286 iux
329 4249 381 4288 eoo:
400 4234 531 4302 Πηλιάδα
547 4230 650 4303 μελίην,
664 4232 717 4301 τὴν
729 4234 815 4302 πατρί
829 4231 900 4305 φίλῳ
914 4233 983 4302 τάμε
998 4229 1118 4299 Χείρων·
1138 4247 1310 4320 quamquam
1324 4248 1380 4285 non

102 4303 249 4359 Chironem
268 4305 318 4358 sed
332 4303 447 4358 Peleum
460 4303 553 4374 ipsum
566 4305 678 4358 hastam
697 4304 753 4357 sibi
770 4307 912 4359 secantem
925 4303 996 4358 iacit
1010 4335 1042 4344 -
1058 4309 1100 4356 34.
1115 4322 1200 4371 μονος
1214 4302 1283 4356 ἄνευ
1298 4320 1379 4371 στρα-

100 4386 172 4440 τιᾶς·
198 4376 299 4431 schol:
323 4374 399 4442 δόξει
423 4374 454 4429 δὲ
478 4375 493 4428 δ
517 4374 661 4444 Πίνδαρος
684 4375 732 4429 διὰ
757 4376 807 4430 τόν
826 4375 976 4446 Αἰγινήτην
1002 4379 1081 4444 (corr,
1102 4374 1149 4428 διὰ
1173 4374 1204 4427 τὸ
1224 4374 1380 4444 Αἰγινήτην

102 4443 184 4506 εἶναι]
204 4445 370 4518 χαρίζεσθαι
391 4453 429 4520 τῷ
448 4451 551 4515 Πηλεῖ·
575 4449 608 4501 οὐ
631 4445 685 4516 γὰρ
704 4444 788 4517 μόνος
808 4445 861 4502 εἰλε
881 4449 930 4502 τὸν
946 4445 1065 4516 Ἰωλκόν,
1088 4446 1158 4500 ἀλλὰ
1178 4445 1237 4514 μετ’
1257 4444 1380 4508 Ἰάσονος

101 4521 148 4572 καί
170 4529 228 4574 τῶν
253 4521 451 4589 Τυνδαριδῶν,
480 4521 516 4580 ὡς
535 4516 639 4586 ἱστορεῖ
662 4519 820 4587 Φερεκύδης
842 4521 883 4589 (et
906 4519 1034 4589 Apollod.
1055 4537 1086 4571 ιιι
1100 4521 1163 4588 ιιι),
1186 4517 1260 4571 uude
1284 4517 1379 4571 rhetor

102 4589 154 4644 Dio
174 4591 315 4659 chrysost.
331 4607 370 4645 or.
385 4609 395 4643 1
413 4609 440 4661 p.
456 4608 481 4644 τι
502 4589 533 4644 R.
550 4590 730 4644 Pindaricum
749 4587 833 4660 μόνος
851 4590 921 4644 ἄνευ
936 4599 1067 4657 στρατιᾶς
1085 4589 1185 4644 irridet
1201 4621 1237 4629 —
1256 4595 1298 4644 35.
1314 4609 1379 4643 κατ-

104 4659 242 4732 έμαρψεν,
261 4661 412 4732 prehendit
429 4661 532 4716 Thetin
551 4662 644 4716 varias
664 4662 767 4715 formas
787 4661 952 4715 animalium
971 4661 1136 4716 induentem
1154 4692 1188 4702 —
1208 4667 1251 4716 36.
1271 4658 1380 4732 Λαομέ-

103 4734 188 4788 δοντα
208 4778 213 4788 .
235 4777 241 4788 .
261 4777 267 4788 .
288 4732 397 4802 ἔπερσε·
416 4751 473 4788 non
492 4733 603 4798 evertit,
627 4733 676 4787 sed
694 4731 819 4802 perdidit
836 4737 866 4788 et
883 4732 1038 4802 interemit3
1059 4733 1093 4787 ci.
1114 4732 1144 4787 Ο.
1164 4751 1182 4784 x
1200 4749 1234 4787 σι.
1258 4731 1288 4787 Ρ,
1307 4751 1335 4785 ιι
1354 4751 1378 4788 ει

105 4835 135 4843 -
163 4811 205 4863 37.
230 4804 338 4859 lolaum
364 4805 410 4859 hic
433 4805 571 4859 Pindarus
594 4803 754 4873 Telamoni,
780 4821 837 4858 non
861 4803 974 4859 Herculi
998 4823 1098 4858 munus
1121 4803 1237 4874 aurigae
1260 4803 1379 4858 admini-
