3417 5434
587 357 736 409 rennuis
755 358 779 407 v
798 354 869 426 [rvi.
1301 350 1366 414 353

87 544 158 583 oum
183 524 318 602 proximo
341 541 430 583 versu
453 522 554 599 potius
582 522 613 581 in
640 542 733 583 unam
760 522 917 600 periodum
938 521 1119 581 mesodioam
1141 522 1369 599 coniungendus

88 616 151 689 est3
179 614 254 673 conf.
276 610 310 672 0.
329 630 385 671 vm
408 632 453 687 ep.
473 624 502 689 5,
525 612 557 671 P.
576 630 611 669 111
630 624 660 691 3,
682 613 706 674 I.
725 632 736 669 r
754 624 779 671 4.
826 612 937 671 Utrum
959 612 990 669 in
1013 629 1124 687 pompa
1146 629 1165 669 a
1188 611 1277 670 choro
1300 629 1368 689 gru·

87 702 202 779 diente,
225 722 263 761 au
287 701 365 761 inter
387 701 492 777 epulas
511 720 530 759 a
553 701 641 761 choro
665 704 763 761 stante
786 703 834 760 vel
858 701 1021 760 accubante
1044 700 1100 760 hoo
1124 718 1242 759 carmen
1266 701 1367 757 eanta-

86 796 157 851 tum
190 792 242 869 sit,
275 790 434 849 diiudicari
461 790 578 865 nequit3
605 810 702 867 neque
731 811 766 850 ex
792 790 981 850 invocatione
1005 788 1098 847 Thiae
1124 788 1197 848 deae
1229 788 1368 867 colligere

87 881 188 940 ausim
215 881 371 957 rictorem,
399 884 435 938 ut
462 878 493 937 in
521 878 585 939 eius
612 880 683 940 fano
707 881 755 939 vel
783 898 835 939 ara
859 898 998 939 coronam
1026 878 1199 955 deponeret,
1227 897 1368 954 pompam

86 970 265 1029 instituisse.

140 1128 261 1205 Μᾶτερ
282 1121 409 1208 Ἀελίου
432 1124 629 1207 πολυώνυμε
654 1128 748 1207 Θεία,
1170 1124 1252 1205 Στρ.
1271 1120 1314 1185 α’.

143 1229 201 1295 σέο
223 1229 335 1295 έέκατι
358 1227 413 1295 καὶ
436 1236 623 1315 μεγασθενῆ
647 1234 789 1314 νόμισαν

143 1337 271 1423 χρυσὸν
294 1339 469 1423 ἅνθρωποι
492 1336 670 1422 περιώσιον
693 1339 817 1404 ἄλλων·

143 1442 286 1529 καὶγὰρ
311 1444 493 1530 ἐριζόμεναι
591 1500 593 1504 .
636 1429 640 1437 ’

106 1568 122 1615 o
143 1561 222 1628 νᾶες
245 1536 286 1616 to¹
303 1554 414 1638 πόντῳ
437 1549 492 1616 καὶ
515 1550 576 1635 ὑφ’
602 1552 746 1637 άρμασιν
768 1552 862 1617 ἵπποι

144 1660 202 1723 διὰ
225 1658 317 1741 τεάν,
341 1659 367 1722 ὥ
389 1656 521 1742 ’νασσα,
543 1661 643 1743 τιμὰν
666 1659 884 1735 ὠκυδινάτοις
908 1658 944 1724 ἐν
967 1658 1060 1743 ἁμίλ-

190 1770 279 1831 λαισι
302 1763 494 1849 θαυμασταὶ
516 1764 685 1831 πέλονται·

144 1948 183 2009 ἔν
204 1942 232 2007 τ’
261 1943 417 2027 ἀγωνίοις
440 1941 591 2010 ἀέθλοισι
615 1946 777 2010 ποθεινὸν

143 2052 240 2129 κλέος
262 2050 416 2137 ἔπραξεν,
440 2048 541 2116 ὅντιν’
570 2050 690 2137 ἀθρόοι
714 2050 873 2135 στέφανοι

144 2156 238 2245 χερσί
260 2156 434 2223 νικάσαντ’
459 2156 626 2242 ἀνέδησαν
649 2161 786 2243 ἔθειραν

91 2284 124 2329 ιο
144 2264 166 2349 ἢ
190 2274 346 2349 ταχυτᾶτι
368 2266 491 2330 ποδῶν.

162 2473 245 2511 vaura
264 2476 368 2515 naono.
396 2458 481 2512 Iusor.
497 2475 550 2513 om.
566 2458 628 2512 BD
647 2490 680 2498 —
700 2458 804 2513 Schol.:
823 2458 930 2527 ταύτην
948 2458 999 2527 τὴν
1017 2456 1095 2550 ᾥδῂν
1109 2454 1282 2528 Ἡφαιστίων
1301 2457 1370 2528 μετὰ

89 2532 142 2599 τὴν
163 2529 226 2599 ἑξῆς
244 2548 314 2598 φησι
327 2528 492 2599 γεγράφθαι
505 2530 557 2598 τὴν
574 2529 729 2593 concoctos
744 2531 858 2598 ἀνδρῶν
895 2573 900 2583 .
917 2528 1023 2600 ,ἐχρῆν
1042 2550 1093 2584 ουν
1106 2531 1154 2584 καί
1168 2528 1369 2600 προτετάχθαι.

89 2598 243 2669 πεποίηται
257 2600 272 2654 δ
288 2599 423 2664 ἐπινίκιος
442 2596 523 2664 οὗτος
542 2598 685 2675 Φυλακίδᾳ
704 2604 752 2655 καί
766 2600 870 2675 Πυθέᾳ
888 2602 937 2655 καί
952 2601 1114 2671 Εὐθυμένει
1132 2610 1371 2672 παγκρατιασταῖς

86 2670 203 2742 Ἴσθμια
222 2674 270 2726 καί
285 2671 382 2742 Νέμεα
402 2704 433 2713 -
454 2678 478 2727 2.
498 2670 544 2727 σέο
563 2670 677 2727 ficeto:
698 2670 744 2727 σέο
763 2670 789 2742 γ’
807 2670 886 2727 έκατι
900 2672 970 2741 BD,
990 2671 1018 2742 γ’
1038 2673 1171 2744 ignorant
1189 2672 1305 2741 scholia,
1324 2689 1370 2727 ex-

91 2743 167 2813 pulit
185 2742 279 2813 Bergk
298 2776 331 2784 -
351 2749 375 2797 ὁ.
395 2741 447 2813 ὑφ’
468 2742 589 2814 ἅρμασιν
608 2760 642 2799 ex
661 2743 775 2799 scholiis
794 2744 901 2812 Bergk:
921 2742 1026 2813 ἅρμασι
1040 2744 1111 2813 (eine
1128 2746 1267 2815 praepos.)
1282 2744 1321 2811 D,
1340 2744 1371 2797 ἐν

32 2860 34 2867 .
91 2814 198 2885 ἅρμασι
217 2816 250 2870 Β
264 2846 297 2855 -
317 2820 342 2869 6.
362 2814 511 2871 ὠκυδινάτ.
530 2816 605 2870 BD:
625 2814 660 2870 cf.
674 2815 704 2869 P.
719 2834 748 2869 11
762 2830 796 2883 ae,
815 2816 965 2882 ὠκυδινήτ.
983 2815 1138 2870 Mommsen
1157 2816 1371 2885 -θαυμαστοί

93 2886 181 2941 schol.
201 2918 236 2927 -
255 2890 279 2940 8.
300 2885 419 2955 ἔπραξεν
439 2885 518 2941 οοδδ.
533 2889 563 2940 et
579 2886 665 2941 schol.
681 2886 717 2941 ad
737 2905 762 2941 v.
776 2902 802 2941 a:
822 2886 948 2956 ἔπραξαν
967 2886 1054 2941 schol.
1069 2886 1106 2940 ad
1124 2905 1150 2941 v.
1166 2902 1179 2940 a
1198 2918 1231 2927 -
1251 2892 1276 2941 9.
1295 2885 1370 2941 ἐθεί-

91 2978 142 3027 ρας
161 2958 318 3012 coniunctis
337 2957 464 3042 uersibus
483 2974 495 3015 e
514 2960 543 3013 et
560 2975 573 3013 ε
593 2958 664 3012 coni.
679 2957 827 3012 Ahlwardt
845 2990 881 2998 —-
1198 2984 1201 2990 ·

164 3118 355 3155 conuasrann.
392 3119 419 3155 v.
435 3106 449 3154 1
466 3118 501 3155 as.
525 3101 608 3155 deam
629 3098 715 3157 Θείαν
739 3100 768 3154 in
791 3100 934 3171 prooemio
958 3102 1043 3172 poeta
1066 3099 1180 3155 invocat
1199 3100 1372 3170 etymologia

92 3171 227 3241 nominis,
254 3172 329 3239 quod
355 3188 418 3225 oum
443 3171 536 3226 verbis
561 3175 691 3226 θεᾶσθαι
717 3175 746 3226 et
770 3170 972 3241 θαυμάζεσθαι
991 3174 1142 3241 cognatum
1162 3188 1222 3226 esse
1240 3172 1370 3241 putabat,

92 3244 212 3309 abusus3
233 3242 316 3296 huius
336 3241 411 3297 enirn
430 3242 499 3298 deae
518 3242 653 3297 beneficio
672 3244 799 3298 homines
818 3246 847 3297 et
866 3242 896 3297 in
914 3246 1034 3312 quaestu
1052 3242 1182 3297 faciendo
1201 3246 1230 3297 et
1249 3243 1278 3297 in
1296 3243 1372 3297 ludia

93 3313 232 3369 obeundis
251 3312 374 3369 celebres
393 3314 461 3369 fieri.
490 3314 570 3379 Quod
589 3331 655 3369 vero
674 3332 692 3369 a
711 3314 773 3383 diis,
792 3314 873 3368 utin
891 3313 1033 3384 plerisque
1052 3314 1190 3384 epinioiis‚
1209 3315 1272 3384 pius
1286 3318 1373 3385 poeta

92 3385 208 3439 initium
227 3385 358 3439 carminis
377 3386 463 3455 oepit,
488 3384 518 3439 id
536 3403 592 3439 nou
611 3386 654 3440 ita
671 3386 851 3456 interpretari
871 3385 974 3455 ausim,
998 3388 1030 3438 ut
1052 3386 1120 3440 fana
1139 3388 1168 3440 et
1186 3403 1267 3440 sacra
1287 3384 1373 3449 Θείας

92 3457 221 3527 Aeginae
241 3455 326 3511 fuisse
346 3460 376 3511 et
398 3456 434 3511 ad
458 3456 517 3511 eius
537 3456 673 3511 sacellum
691 3456 736 3513 vel
756 3474 834 3512 aram
853 3473 984 3512 coronam
1003 3475 1021 3511 a
1038 3456 1194 3526 Phylacida
1213 3457 1371 3528 depositam

93 3545 155 3583 esse
175 3527 320 3597 colligam
345 3528 533 3599 etymologica
552 3528 626 3583 enim
646 3531 674 3584 et
692 3528 817 3598 poetica,
840 3545 897 3582 non
915 3529 991 3583 iusta
1010 3532 1038 3583 et
1056 3544 1123 3582 vera
1142 3529 1195 3582 dea
1213 3528 1266 3582 illa
1284 3528 1370 3583 dnasc

93 3600 206 3654 videtur
226 3631 257 3639 -
279 3606 302 3652 1.
326 3607 413 3669 μᾶτερ
434 3598 547 3654 Ἀελίου·
571 3599 725 3655 Hesiodum
749 3600 841 3671 theog.
864 3616 967 3655 reson
991 3600 1117 3668 sequitur
1142 3597 1230 3654 Θείαν
1253 3604 1372 3653 matrem

93 3670 168 3725 Solia
187 3672 272 3739 atque
291 3670 386 3723 Lunae
405 3672 587 3741 Auroraeque
603 3672 744 3726 dicentem
763 3704 796 3712 -
815 3672 980 3740 πολυώνυμε
997 3674 1091 3725 utrum
1108 3670 1228 3724 multum
1247 3670 1370 3725 celebra·

93 3744 154 3796 tam
174 3741 256 3795 deam
275 3740 415 3813 significet
434 3759 470 3796 an
489 3742 586 3796 multia
604 3742 765 3797 nominibus
780 3742 961 3813 appellatam,
977 3742 1092 3796 difficile
1107 3741 1144 3795 ad
1159 3741 1372 3796 diiudicandum

93 3817 143 3867 eat.
171 3812 323 3880 Utramque
342 3812 457 3882 quidem
475 3813 738 3883 interpretationem
756 3832 822 3868 nsua
842 3814 954 3868 dicendi
973 3813 1114 3881 admittit3
1132 3813 1209 3883 prior
1228 3813 1302 3867 enim
1321 3830 1372 3867 no-

94 3884 180 3937 minis
199 3884 242 3939 ris
262 3886 355 3938 exstat
377 3901 422 3955 ap.
437 3884 516 3939 Pind.
532 3885 561 3938 P.
577 3905 586 3938 1
603 3902 634 3940 ιι.
659 3885 743 3955 Soph.
760 3887 822 3940 Ant.
839 3902 899 3940 1115.
923 3884 1064 3953 Aristoph.
1080 3884 1190 3939 Theam.
1205 3900 1257 3952 oso,
1282 3883 1372 3938 altera

95 3955 123 4009 in
146 3956 241 4023 hymn.
262 3955 321 4010 Cer.
343 3974 361 4009 1.
385 3955 458 4011 Plat.
477 3956 596 4012 Phaedr.
616 3973 681 4012 area
706 3956 773 4011 Old.
793 3972 855 4010 2415.
874 3972 954 4010 a-rooo.
974 3972 1035 4011 ετιι.
1071 3954 1212 4009 Nimirum
1236 3954 1373 4009 emebant

95 4026 196 4081 Graeci
210 4026 240 4080 in
255 4025 438 4081 sollemnibus
472 4027 581 4081 recibus
596 4027 663 4083 deos
678 4027 810 4097 deasque,
820 4030 853 4080 ut
865 4027 1021 4093 Plutonem,
1032 4026 1166 4093 Hecaten,
1175 4026 1371 4095 Proserpinam

95 4096 217 4167 Hybrin,
243 4097 311 4166 quin
337 4098 424 4151 etiam
469 4115 578 4153 onerem
597 4102 627 4152 et
648 4099 740 4153 lovem
766 4098 864 4152 multis
889 4097 1049 4153 nominibus
1075 4096 1227 4168 appellare.
1264 4099 1324 4151 lam
1347 4099 1372 4151 si

96 4171 215 4224 alteram
234 4169 402 4223 sententiam
417 4169 470 4224 hoc
484 4170 546 4224 loco
559 4170 672 4241 probas,
690 4170 720 4224 iu
738 4173 870 4239 promptu
889 4172 933 4223 est
951 4168 1076 4223 conferre
1089 4185 1191 4223 nomen
1205 4170 1369 4237 Εὐρυφάεα·

96 4258 158 4308 οαν,
177 4256 232 4309 quo
252 4240 305 4294 dea
318 4238 391 4293 Thia
405 4240 435 4294 in
449 4240 529 4295 Hom.
544 4241 638 4310 hymn.
653 4258 687 4311 ar,
703 4259 715 4296 a
729 4240 897 4311 appellatur,
911 4244 941 4295 et
954 4256 1057 4295 numen
1067 4238 1187 4310 Ἑκάτης
1201 4257 1371 4310 comparare,

96 4328 169 4380 quae
188 4314 218 4365 et
236 4311 298 4381 ipsa
318 4311 466 4366 victoriam
483 4312 514 4366 in
532 4312 731 4367 certaminibus
750 4312 885 4383 praebere
903 4312 1198 4383 oreditaest(v.Hea.
1213 4312 1372 4382 theogiso)

98 4387 126 4437 et
146 4382 282 4453 templum
301 4383 427 4454 Aeginae
445 4384 547 4438 habuit
565 4384 657 4454 (Paua.
672 4404 692 4437 11
707 4400 741 4451 ao,
756 4388 778 4453 a)
798 4416 830 4424 —
850 4390 875 4437 λ.
894 4385 943 4437 καί
961 4385 991 4436 et
1008 4402 1038 4437 τε
1056 4400 1082 4437 v.
1098 4400 1109 4437 r
1128 4382 1183 4437 eibi
1201 4382 1373 4454 respondent

98 4488 128 4495 -
151 4460 174 4510 6.
195 4454 243 4508 διὰ
259 4453 330 4509 τεὰν
348 4453 443 4524 τιμάν·
463 4455 568 4510 honore
587 4473 603 4509 a
622 4458 650 4510 te
668 4454 829 4510 hominibus
848 4454 1006 4526 impertito,
1029 4472 1086 4509 non
1104 4454 1209 4509 honore
1228 4456 1258 4508 et
1275 4454 1371 4523 sacris,

97 4526 199 4595 quibus
222 4524 349 4580 homines
374 4526 459 4617 deam*
479 4526 587 4595 colunt;
604 4526 697 4595 'priori
721 4526 795 4580 enim
817 4526 927 4581 notioni
951 4524 1005 4579 soli
1028 4525 1160 4580 convenit
1177 4524 1226 4594 qui
1245 4524 1311 4579 huic
1328 4542 1372 4579 re-

97 4595 313 4733 lllldlttll
329 4615 357 4723 ἑ·
371 4598 903 4739 strictiorissturio:
915 4601 1137 4739 lustuns
1154 4595 1371 4737 &crocus

97 4740 194 4793 tentiis
213 4740 286 4793 conf.
305 4738 338 4793 N.
359 4759 389 4792 111
408 4758 434 4794 oo
455 4774 486 4781 -
506 4747 531 4795 9.
551 4740 639 4796 ὅντιν’
657 4785 663 4796 .
680 4786 684 4796 .
701 4785 706 4795 .
723 4740 852 4807 ἔθειραν·
872 4739 1043 4794 constructio
1062 4737 1132 4793 καθ’
1149 4738 1215 4793 dioc
1233 4739 1281 4793 καί
1299 4739 1373 4793 κατὰ

97 4812 179 4883 μέρος
194 4810 307 4865 Graccis
321 4810 551 4882 familiarissima,
562 4832 579 4867 a
590 4814 710 4867 Pindaro
726 4812 857 4867 adhibita
872 4812 941 4865 0.11
954 4828 988 4868 ao.
1007 4810 1058 4866 P.1
1072 4828 1092 4866 ι.
1112 4810 1146 4864 N.
1157 4830 1187 4863 ur
1202 4828 1235 4865 ae.
1250 4830 1289 4864 vn
1303 4828 1328 4866 ra
1339 4842 1372 4851 -

151 4913 276 4953 Pramus
291 4910 325 4949 ed.
338 4910 441 4952 christ.
1126 4906 1160 4955 λδ
