3417 5434
354 350 419 412 372
822 352 970 404 PINDARI
987 352 1154 409 EPINIOIA.

355 519 453 596 Aprili
477 519 548 578 anni
571 521 634 578 478
659 510 720 600 (01.
745 522 796 596 75,
821 511 855 600 2)
879 519 949 578 acti.
994 519 1109 579 Horum
1135 519 1231 598 igitur
1257 519 1446 596 potissimum
1471 519 1628 578 victoriam

355 609 411 668 hoc
431 609 560 668 carmine
580 627 598 666 a
616 611 705 684 poeta
724 608 870 667 illustrari
888 609 1041 685 probabile
1060 612 1114 668 est.
1141 609 1321 668 Nemeaeum
1340 613 1442 668 autem
1460 609 1629 685 victoriam,

355 717 445 774 quam
473 701 504 756 et
531 697 626 773 ipsam
653 700 743 774 poeta
770 697 889 776 laudat,
917 697 1062 758 Cleander
1087 699 1179 775 paulo
1207 702 1289 776 ante,
1318 701 1432 757 aestate
1462 698 1542 757 anni
1570 700 1628 757 4ῑ9

353 779 609 868 (01.75,2)‚vel
631 787 723 846 etiam
746 787 863 847 duobus
887 787 972 846 annis
994 788 1079 864 prius
1101 790 1269 864 reportasse
1287 787 1414 847 videtur.
1452 787 1538 846 Sane
1558 787 1630 845 dilli-

354 877 482 935 cultates
509 876 579 936 huic
607 876 740 952 opinioni
763 879 911 952 parantur
932 875 1114 936 carminibus
1141 877 1163 935 l.
1187 895 1223 934 111
1250 879 1331 954 etv,
1354 879 1462 952 utpote
1493 895 1578 952 quae
1605 884 1631 935 el

354 965 420 1040 ipsa
437 966 586 1041 pancratii
604 965 746 1025 victorias
764 966 922 1026 Isthmicas
940 984 1000 1025 non
1014 967 1144 1024 multum
1157 969 1227 1042 post
1241 984 1360 1044 pugnas
1374 965 1593 1025 Plataeensem
1606 977 1633 1024 et

354 1053 548 1112 Salaminiam
571 1057 740 1131 reportatas
762 1056 941 1132 praedicent.
979 1055 1038 1114 Sed
1060 1055 1091 1113 in
1113 1055 1161 1114 his
1182 1054 1412 1114 difficultatibus
1435 1055 1634 1131 expedienda

353 1142 390 1202 ab
418 1143 509 1202 huius
536 1144 676 1203 carminis
703 1145 804 1221 potius
831 1143 1016 1221 temporibus
1040 1163 1132 1220 quam
1154 1147 1320 1224 ceterorum
1342 1144 1475 1205 duorum
1499 1143 1634 1220 proficis·

353 1232 479 1292 cendum
507 1236 564 1311 est,
593 1233 834 1310 quandoquidem
862 1235 941 1292 inter
967 1234 1023 1292 hoc
1051 1253 1169 1292 carmen
1197 1235 1229 1292 et
1255 1252 1388 1311 pugnam
1418 1233 1634 1292 Plataeeusem

353 1321 611 1399 obsessionemque
630 1322 799 1382 Thebarum
818 1323 960 1401 exiguum
981 1327 1101 1399 tempus
1123 1322 1321 1398 interlapsum
1343 1340 1405 1382 esse
1430 1323 1525 1398 plane
1552 1342 1634 1399 aper·

354 1413 419 1470 tum
447 1414 499 1470 est
546 1411 682 1488 Denique
710 1412 829 1472 silentio
857 1410 1095 1488 praetermittere
1123 1412 1192 1471 nolo
1220 1411 1348 1487 tempori
1371 1431 1463 1471 verno
1489 1412 1634 1471 ludorum

354 1499 566 1560 Isthmioorum
588 1501 684 1580 magis
707 1502 799 1560 etiam
822 1520 913 1578 quam
936 1501 1052 1562 aestivo
1070 1501 1251 1560 Nemeorum
1270 1500 1427 1562 convenire
1445 1503 1634 1561 mentionem

352 1593 485 1665 myrteas
508 1601 737 1651 coronaeus?
760 1591 880 1649 factam.

440 1679 487 1737 En
506 1682 717 1757 argumentum
731 1679 871 1738 carminis
884 1678 1063 1739 dulcissimi:
1084 1677 1229 1738 Cleandro
1249 1679 1369 1755 aequali
1389 1679 1483 1756 agite,
1499 1681 1632 1753 iuvenes

352 1771 421 1827 ante
444 1767 628 1828 vestibulum
650 1769 745 1845 patris
765 1769 933 1828 Telesarchi
954 1768 1116 1845 epinicium
1133 1769 1276 1844 hymnum
1295 1769 1422 1844 fundite,
1443 1769 1527 1845 quod
1548 1788 1632 1844 prae

350 1857 446 1918 nuum
473 1857 610 1918 laborum
637 1857 764 1917 feliciter
789 1857 870 1916 ludis
900 1857 1050 1916 Isthmicis
1082 1860 1112 1918 et
1142 1857 1299 1916 Nemeaeis
1331 1859 1563 1916 exantlatorum
1595 1861 1630 1916 sil

352 1937 459 2026 (1—5).
488 1946 598 2006 Poscor
612 1947 691 2005 enim
706 1950 742 2004 ut
759 1947 878 2006 Musam
896 1947 1046 2026 advocem,
1061 1965 1156 2023 neque
1170 1965 1281 2006 munus
1295 1945 1431 2005 oblatum
1445 1947 1633 2022 deuectam,

352 2035 489 2111 quamvis
512 2035 598 2113 gravi
621 2035 722 2095 dolore
746 2036 888 2114 afflictus,
910 2036 1153 2113 quandoquidem
1170 2035 1338 2112 periculum
1360 2036 1520 2094 servitutis
1546 2039 1632 2112 quasi

354 2123 516 2184 Tantaleae
544 2124 628 2200 rupis
656 2125 797 2185 Graeciae
825 2125 1023 2202 impendentis
1050 2126 1123 2184 deus
1152 2124 1238 2185 nobis
1266 2125 1479 2184 averruncavit
1502 2118 1632 2206 (5-13).

351 2213 504 2273 Praesenti
528 2213 606 2272 enim
628 2213 706 2274 bono
729 2233 783 2274 nos
805 2215 868 2273 frui
889 2215 982 2292 decet,
1006 2234 1102 2290 neque
1125 2214 1157 2272 in
1179 2213 1268 2273 rebus
1286 2213 1386 2272 dubiis
1405 2213 1442 2274 de
1461 2215 1566 2274 salute
1586 2216 1631 2273 de·

351 2303 531 2378 sperandum
546 2305 593 2362 est
606 2303 691 2362 salva
703 2303 841 2364 libertate
857 2297 1002 2384 (ll—ro).
1025 2304 1072 2363 Me
1088 2308 1190 2363 autem
1204 2303 1313 2362 Thebis
1327 2303 1481 2362 nutritum
1494 2305 1630 2384 Aeginae

351 2411 460 2451 munus
475 2391 648 2452 Gratiarum
666 2392 787 2451 reddere
806 2396 932 2470 oportet,
952 2393 1095 2470 quoniam
1113 2413 1149 2451 ex
1167 2393 1270 2452 eodem
1288 2395 1413 2468 parente
1426 2394 1534 2470 Asopo
1554 2395 1630 2453 duae

350 2482 498 2557 nymphae
518 2480 620 2540 Theba
639 2483 670 2540 et
687 2481 804 2558 Aegina
826 2486 999 2557 procreatae
1022 2485 1102 2559 sunt,
1126 2501 1202 2558 quaa
1222 2501 1240 2539 a
1258 2501 1329 2559 rege
1351 2480 1477 2541 deorum
1501 2483 1629 2542 dilectae
1687 2524 1688 2555 2

351 2571 446 2629 altera
464 2589 556 2646 prope
574 2570 682 2629 Dircae
705 2569 830 2629 flumina
853 2571 999 2630 collocata
1021 2571 1105 2630 urbis
1124 2570 1293 2630 Thebarum
1315 2573 1445 2646 patrona
1467 2571 1556 2631 facta
1579 2580 1630 2649 est,

350 2661 447 2719 altera
468 2659 500 2719 in
524 2658 688 2735 Oenopiam
716 2659 846 2718 insulam
873 2661 1021 2719 translata
1043 2661 1189 2737 Aeacum,
1216 2660 1391 2719 mortalium
1418 2660 1630 2738 iustissimum,

350 2748 468 2825 peperit
490 2740 635 2830 (lo-24).
681 2747 774 2808 Cuius
797 2748 890 2808 etiam
912 2749 968 2807 filii
991 2751 1022 2808 et
1044 2751 1167 2825 nepotes
1189 2748 1298 2808 bellica
1319 2749 1434 2808 virtute
1457 2753 1491 2809 et
1514 2753 1629 2827 sapien·

349 2838 410 2897 tiae
440 2838 529 2897 lauda
559 2836 718 2915 florebant,
748 2837 827 2896 unde
858 2837 1030 2915 caelicolae,
1062 2857 1130 2896 cum
1161 2837 1279 2913 Iupiter
1307 2841 1341 2896 et
1370 2837 1539 2914 Neptunus
1572 2860 1630 2898 nna
1687 2876 1688 2907 i

350 2927 458 2986 Thetin
480 2926 638 2985 Nereidam
660 2925 840 3004 deperirent,
865 2926 1015 2986 Themidis
1044 2926 1187 2987 vaticinio
1218 2926 1365 3004 obsecuti,
1394 2946 1433 2986 ne
1462 2930 1631 3006 gravinen

349 3015 415 3074 istis
445 3014 596 3074 amoribus
627 3013 792 3092 Olympicis
822 3016 885 3074 deis
914 3015 1047 3092 pericula
1077 3019 1240 3092 orerentur,
1271 3015 1380 3074 Thetin
1410 3015 1502 3076 deam
1531 3019 1630 3092 Peleo,

272 3121 278 3136 ·’
349 3105 442 3163 Aeaei
471 3102 533 3164 filio
563 3105 713 3183 piissimo,
742 3124 866 3165 uxorem
896 3104 1057 3164 iunxerunt
1086 3097 1229 3186 (as-47).
1274 3105 1374 3164 Natus
1403 3125 1475 3165 vero
1509 3127 1547 3166 ex
1578 3109 1630 3167 hoc

349 3193 539 3252 matrimonio
572 3194 703 3253 Achilles
740 3194 979 3270 praeclarissima
1011 3193 1145 3252 facinora
1177 3193 1271 3253 edidit
1302 3197 1333 3254 et
1364 3195 1456 3253 etiam
1491 3200 1631 3256 mortuus

350 3283 465 3341 naeniis
484 3283 639 3341 Musarum
658 3286 782 3342 ornatus
801 3285 847 3342 est
867 3275 1008 3363 (lt—58).
1046 3283 1089 3340 Ut
1105 3283 1200 3360 igitur
1218 3282 1260 3341 dii
1279 3285 1415 3343 strenuos
1435 3286 1520 3345 viros
1539 3287 1630 3344 etiam

349 3375 484 3431 mortuos
512 3372 693 3431 carminibus
716 3372 911 3431 illustrandos
934 3391 997 3432 esse
1020 3372 1182 3449 duxerunt,
1206 3372 1250 3430 ita
1272 3391 1326 3432 nos
1350 3391 1472 3449 quoque
1497 3375 1630 3434 Nicoclis

348 3461 542 3521 victoriarum
564 3461 738 3520 memoriam
765 3461 942 3521 resuscitare
970 3480 1026 3538 par
1049 3465 1102 3522 est.
1147 3460 1247 3520 Huius
1270 3463 1371 3521 autern
1393 3463 1530 3542 vestigia
1553 3485 1629 3523 nunc
1687 3498 1688 3541 q

347 3550 493 3626 patruelis
523 3549 587 3608 eius
612 3549 755 3610 Cleander
785 3551 873 3629 legit,
903 3550 956 3628 qui
987 3551 1067 3627 quod
1097 3551 1286 3610 iuventutem
1313 3549 1427 3608 desidia
1455 3553 1630 3613 umbratilis
1687 3564 1688 3613 l

236 3721 239 3728 Ι
347 3641 427 3700 vitae
452 3639 609 3698 obscurare
633 3640 739 3717 noluit,
764 3641 872 3699 merita
895 3639 984 3700 laude
1006 3639 1091 3698 nobis
1114 3639 1298 3700 decorandus
1321 3642 1367 3698 est
1389 3631 1543 3723 (na-70).

1687 3616 1688 3647 l

892 3792 937 3858 De
959 3795 1082 3860 metris.

436 3906 561 3966 Carmen
592 3910 638 3965 est
665 3907 821 3966 Aeolicum
850 3909 1138 3984 monostrophicum,
1168 3909 1207 3966 ad
1236 3908 1333 3966 instar
1361 3907 1628 3984 epithalamiorum
1687 3910 1688 3971 l

348 3995 487 4073 Sapphus
514 4015 532 4054 a
561 3997 649 4056 choro
676 3996 821 4055 iuvenum
849 3996 887 4055 ad
917 3996 1005 4056 aedes
1032 3997 1127 4073 patris
1154 3997 1276 4056 victoris
1299 3989 1341 4077 (v.
1366 4008 1396 4075 33
1419 3997 1458 4056 cf.
1482 3999 1523 4058 N.
1548 4019 1561 4057 1
1585 3995 1628 4068 sal
1687 3992 1688 4071 l

347 4085 572 4144 comissantium
598 4087 761 4145 cantatum.
807 4085 909 4161 Atque
936 4085 968 4143 in
995 4087 1092 4162 priore
1121 4089 1206 4163 parte
1234 4086 1374 4146 carminis
1402 4087 1465 4147 sive
1495 4089 1529 4147 in
1559 4109 1628 4166 qua·
1687 4076 1688 4171 i

346 4177 416 4235 tuor
442 4175 547 4251 primis
574 4174 709 4234 versibus
736 4175 853 4233 numeri
880 4174 1018 4251 passibus
1046 4175 1128 4234 chori
1150 4175 1315 4253 gradientis
1338 4175 1383 4234 ita
1406 4179 1627 4238 accommodati
1687 4174 1688 4247 l

347 4267 429 4340 sunt,
457 4266 493 4321 ut
519 4263 651 4338 rhythmi
680 4283 784 4324 senum
811 4267 981 4340 temporum
1008 4257 1111 4346 (πόδες
1139 4257 1293 4345 §tac-epm)
1321 4265 1458 4324 continui
1488 4285 1556 4326 sese
1583 4289 1626 4327 ex·
1687 4264 1688 4335 f

347 4353 461 4428 cipiant
490 4356 521 4412 et
550 4353 642 4412 etiam
672 4371 836 4429 pausarum
866 4354 1027 4413 intervalla
1056 4353 1172 4417 definiri
1201 4354 1326 4430 possint.
1370 4354 1408 4412 In
1431 4355 1534 4414 altera
1558 4377 1626 4434 quo·
1687 4358 1688 4423 l

349 4461 406 4518 qne
437 4444 523 4518 parte
553 4443 693 4502 carminis
723 4444 794 4502 sunt
826 4443 922 4518 aliqui
955 4461 1059 4501 versus
1090 4444 1176 4501 velut
1207 4446 1309 4502 sextus
1340 4446 1372 4502 et
1403 4447 1548 4523 octavus,
1578 4447 1626 4522 qui
1687 4444 1688 4457 ¹

346 4531 434 4590 facile
458 4531 489 4588 in
517 4531 653 4607 dipodius
680 4532 774 4592 dividi
801 4532 929 4608 possint3
960 4531 1011 4590 sed
1040 4533 1188 4609 plerique,
1218 4551 1288 4591 cum
1317 4531 1448 4608 dipodiis
1479 4535 1625 4611 tripodias

347 4620 536 4680 catalecticus
561 4620 708 4680 admixtas
731 4621 869 4699 habeant,
893 4622 924 4679 in
948 4621 1136 4698 aequabilem
1159 4621 1343 4682 scansionem
1367 4622 1543 4698 dipodicam
1567 4626 1624 4683 sine

346 4709 615 4770 vehementioribus
633 4709 771 4770 remediis
789 4709 966 4786 rhythmicis
989 4711 1056 4788 cogi
1078 4714 1239 4788 nequeunt.
1272 4710 1414 4786 Inprimis
1439 4731 1518 4772 num
1541 4714 1623 4772 binae
1687 4764 1688 4781 ,

347 4797 494 4874 tripediae
518 4817 620 4857 versus
644 4799 743 4875 quinti
762 4800 792 4858 in
811 4800 946 4877 singulos
969 4800 1120 4860 trimetros
1143 4800 1368 4877 coniungendae
1392 4799 1464 4880 sint,
1488 4803 1622 4863 dubitare
1687 4784 1688 4805 ¹
