3417 5434
301 352 366 416 284
772 354 920 404 crunam
939 354 1105 408 errarem.

302 523 380 581 inter
403 540 478 598 quos
501 520 709 581 Aristarchum
733 521 825 581 fuisse
848 520 973 599 mireris,
996 522 1228 598 Neoptolemum
1244 522 1394 599 quendam
1417 522 1575 598 Achaeum,

303 611 355 688 qui
378 630 433 687 pro
457 610 572 690 Sogene
595 611 713 671 labores
736 609 907 671 certaminis
930 610 1131 689 sustinuisset,
1153 610 1283 671 Pindaro
1307 630 1412 670 ansam
1433 612 1575 671 inserendi

303 700 438 760 fabulam
462 700 498 759 de
520 699 719 777 Neoptolemo
743 700 831 761 heroe
854 699 1027 777 praebuisse
1049 703 1235 777 putaverunt
1257 693 1308 781 (cf.
1326 701 1417 761 schol.
1437 701 1476 760 ad
1493 701 1575 761 inser.

303 793 334 849 ct
351 809 378 848 v.
399 788 455 865 56),
477 788 508 848 id
531 792 636 850 contra
658 789 817 850 veritatem
841 794 873 848 et
899 792 1018 866 praeter
1045 790 1253 849 necessitatem
1279 791 1485 869 excogitatum
1505 790 1574 851 bene

302 880 364 939 iam
391 878 540 955 Didymus
563 878 594 937 in
619 878 739 939 scholiis
762 878 917 938 refutarit.
963 878 1020 939 Sed
1043 882 1080 938 ut
1102 880 1141 937 ad
1163 878 1284 955 epinicii
1306 898 1430 939 cansam
1451 879 1574 959 redeam,

302 968 433 1046 Soganes
456 967 631 1027 Thoarionis
659 968 740 1027 filius
764 968 913 1046 Aegineta
935 987 972 1027 ex
994 968 1088 1027 nobili
1110 972 1199 1047 gente
1222 967 1447 1028 Euxenidarum
1469 960 1511 1050 (v.
1531 963 1574 1047 10)

302 1058 416 1117 Nemea
444 1057 638 1133 quinquertio
666 1058 786 1117 vicerat.
831 1057 918 1116 Hanc
949 1057 1046 1135 igitur
1075 1057 1232 1117 victoriam
1263 1060 1354 1134 poeta
1381 1056 1440 1117 sibi
1462 1059 1574 1134 praedi-

302 1146 429 1206 candam
452 1146 621 1224 proposuit,
648 1166 745 1223 neque
769 1145 807 1205 ad
830 1146 990 1223 gentilium
1012 1146 1167 1224 victorias,
1194 1150 1231 1206 ut
1252 1146 1285 1205 in
1307 1147 1375 1205 aliis
1398 1147 1574 1206 carminibus

302 1234 486 1314 Aegineticie
509 1234 589 1312 fecit,
608 1235 735 1313 deflexit,
755 1235 834 1312 quod
852 1236 964 1313 nullae,
987 1236 1101 1313 opinor,
1123 1255 1227 1296 eorum
1244 1236 1377 1296 fuerunt.
1398 1267 1437 1277 -
1458 1235 1573 1315 Locum,

300 1324 353 1385 nbi
372 1343 490 1385 carmen
510 1324 698 1401 cantabatur,
716 1344 763 1384 w.
784 1335 817 1383 90
832 1343 869 1385 ss.
888 1325 1053 1384 indicatum
1076 1343 1139 1385 esse
1157 1325 1264 1386 merito
1282 1325 1439 1385 Disaenius
1458 1326 1573 1402 stetnit3

301 1434 370 1473 nam
401 1432 479 1491 qnae
509 1413 544 1473 de
576 1414 701 1493 Sogenis
731 1414 819 1474 domo
849 1414 948 1474 media
978 1415 1057 1474 inter
1085 1415 1144 1474 duo
1175 1415 1285 1474 sacella
1314 1414 1453 1474 Herculis
1480 1415 1572 1491 posita
1671 1408 1672 1487 Ῐ

301 1504 456 1581 dicuntur,
488 1506 554 1562 turn
584 1503 704 1563 demum
734 1507 822 1581 grata
851 1506 883 1562 et
912 1505 984 1581 apta
1014 1506 1113 1582 erant,
1143 1504 1169 1562 si
1196 1504 1339 1563 hocloco
1362 1504 1428 1580 ipso
1452 1504 1573 1581 epinicia

300 1593 479 1671 agebantur.
516 1590 653 1669 Denique
676 1592 711 1651 dc
735 1596 868 1668 tempore
891 1593 1032 1653 carminis
1055 1614 1090 1653 ex
1113 1593 1233 1653 scholiis
1256 1593 1295 1652 ad
1316 1592 1404 1653 inser.
1428 1592 1572 1669 discimus,
1671 1611 1672 1636 ;

300 1682 447 1760 Soganem
478 1682 627 1743 Nemeade
652 1684 694 1742 54
722 1674 1051 1761 (τεσσαρεσκαιδεκάτην
1083 1682 1179 1759 codd,
1214 1682 1328 1742 emend.
1352 1681 1386 1740 G.
1409 1675 1570 1761 Hermann)

299 1771 455 1848 pentathlo
482 1771 602 1847 vicisse3
631 1771 710 1848 quod
739 1771 765 1831 si
792 1771 907 1831 Nemea
934 1769 980 1832 01.
1000 1774 1052 1849 51,
1072 1775 1091 1831 4
1110 1772 1251 1831 instituta
1278 1790 1341 1832 csse
1364 1770 1494 1831 Eusebio
1515 1790 1571 1830 cre·

299 1861 397 1920 dimus
421 1852 472 1941 (cf.
495 1860 574 1921 Prol.
598 1852 750 1941 nxxxmr),
774 1861 830 1920 hoc
853 1880 973 1920 carmen
997 1858 1043 1920 Ol.
1069 1863 1120 1939 78,
1144 1864 1162 1920 2
1186 1886 1229 1908 =
1254 1862 1317 1920 481
1342 1858 1461 1920 a.·Ohr.
1486 1860 1570 1937 scrip-

300 1954 365 2009 turn
388 1952 443 2010 est.

387 2038 551 2098 Exorditur
578 2041 681 2116 poeta,
708 2042 745 2098 nt
766 2040 828 2099 fere
851 2039 883 2097 in
906 2039 1055 2116 epiniciis,
1079 2059 1098 2098 a
1120 2039 1190 2116 diis,
1213 2039 1245 2097 in
1268 2038 1409 2098 carminis
1431 2039 1569 2115 principio

299 2128 456 2205 Ilithyiam
474 2128 569 2205 deam,
587 2128 673 2187 cuius
696 2127 838 2189 beneficio
862 2148 931 2189 cum
953 2129 1088 2188 homines
1110 2132 1274 2189 nascantur
1296 2131 1327 2188 et
1349 2127 1387 2187 ad
1410 2128 1570 2188 inventutis
1671 2193 1672 2224 ,

299 2218 402 2278 florem
420 2216 606 2294 perveniant,
628 2216 758 2295 Soganes
782 2237 902 2295 quoqne
925 2218 1013 2278 ludos
1036 2218 1165 2278 obeundi
1187 2218 1366 2277 facultatem
1389 2218 1515 2293 adeptus
1536 2218 1571 2275 sit

301 2299 408 2388 (1-8).
446 2305 560 2366 Deinde
587 2306 741 2366 Musarum
768 2308 884 2384 favore,
911 2326 987 2384 quae
1014 2308 1162 2367 mendacii
1184 2310 1272 2385 grata
1295 2308 1392 2383 specie
1416 2307 1506 2366 corda
1525 2307 1571 2366 ho·

299 2397 415 2456 minum
433 2396 631 2473 demulceant,
649 2397 762 2455 famam
780 2416 881 2455 rerum
902 2396 976 2455 bene
1000 2399 1154 2475 gestarum
1176 2396 1281 2475 augeri
1304 2396 1428 2472 exponit
1445 2390 1571 2476 (9-2s);

300 2485 382 2545 nuda
412 2484 491 2545 enim
513 2485 641 2545 veritate
663 2485 775 2565 vulgus
805 2505 865 2545 non
894 2487 1073 2546 commoveri
1102 2485 1236 2562 exemplo
1259 2485 1361 2545 Aiacis
1390 2484 1571 2562 comprobari
1671 2527 1672 2540 ,

301 2567 450 2656 (15-80);
477 2577 582 2634 contra
605 2594 623 2633 a
646 2573 701 2634 deo
729 2575 833 2636 herces
856 2574 950 2635 etiam
971 2578 1106 2635 mortuos
1128 2574 1291 2635 honoribus
1314 2574 1420 2654 augeri
1443 2576 1571 2651 exemplo

299 2663 448 2724 Aeacidae
472 2664 663 2741 Neoptolemi
686 2664 897 2741 demonstrari,
916 2684 984 2725 cum
1003 2665 1082 2723 enim
1100 2667 1170 2741 post
1187 2683 1346 2724 aerumnas
1364 2664 1438 2722 belli
1456 2663 1573 2723 Troiani

292 2758 332 2813 'et
356 2771 469 2813 errores
493 2752 607 2813 reditus
635 2752 765 2829 primum
793 2754 948 2830 Ephyram
975 2757 1006 2813 et
1032 2754 1099 2814 exin
1131 2753 1263 2829 Delphos
1286 2753 1430 2829 venisset,
1460 2753 1491 2811 in
1514 2753 1573 2812 rixa
1671 2817 1672 2824 ,

301 2862 372 2902 cum
396 2841 516 2919 quidem
537 2846 661 2919 propter
679 2861 781 2903 carnes
799 2843 915 2902 hostiae
934 2862 953 2901 a
970 2843 1115 2919 Delphico
1135 2842 1265 2919 quodam
1284 2842 1347 2902 cive
1366 2842 1572 2919 interemptum

303 2950 376 3009 esse,
400 2930 450 2991 sed
473 2950 553 2991 nunc
575 2935 732 3009 tamquam
755 2932 922 2992 antistitem
945 2936 976 2991 et
999 2931 1127 2992 iudicem
1154 2950 1306 2991 sacrarum
1334 2951 1513 3008 pomparum
1535 2931 1573 2989 di-

301 3021 381 3081 vinis
408 3020 569 3080 honoribus
596 3021 683 3099 fungi
707 3012 849 3101 leo—52).
897 3021 980 3091 Quae
1007 3040 1076 3080 eum
1105 3024 1194 3080 antea
1221 3020 1266 3080 ita
1294 3026 1459 3098 narrasset,
1481 3024 1518 3078 ut
1539 3020 1572 3078 ab

300 3109 410 3169 invidis
438 3109 608 3169 hominibus
635 3130 792 3186 perperam
820 3129 875 3169 sua
902 3110 993 3170 verba
1022 3108 1288 3186 interpretantibus
1318 3110 1354 3169 dc
1382 3110 1466 3169 fama
1495 3110 1571 3168 illius

299 3198 398 3259 herois
422 3198 584 3259 detraxisse
608 3198 841 3277 insimularetur,
866 3219 884 3258 a
907 3201 983 3259 falso
1006 3201 1062 3259 hoc
1085 3199 1207 3259 crimine
1228 3200 1338 3259 iterum
1355 3199 1526 3276 iterumque
1543 3218 1570 3257 se

299 3289 413 3366 purgat
436 3291 467 3346 et
488 3292 524 3347 ut
547 3288 687 3366 aliorum,
711 3289 756 3348 ita
779 3290 871 3348 etiem
894 3287 1082 3367 Thcamonis,
1104 3289 1200 3365 patris
1224 3288 1361 3367 Sogenis,
1385 3289 1484 3347 famae
1506 3289 1570 3347 boni

299 3395 330 3437 se
354 3375 507 3437 consulere
535 3382 687 3437 asseverat
709 3369 852 3459 (or-69).
899 3377 948 3437 Sic
976 3378 1110 3438 oratione
1139 3378 1177 3437 ad
1204 3396 1251 3437 res
1273 3380 1446 3453 praesentes
1469 3377 1570 3437 reflexa

300 3466 425 3544 Sogenis
447 3466 591 3525 virtutem
615 3467 807 3544 quinquertio
838 3467 1033 3545 singulariter
1060 3467 1284 3543 comprobatam
1311 3486 1420 3527 corona
1443 3487 1480 3525 er
1503 3485 1568 3525 auro

299 3555 387 3615 ebore
418 3555 540 3614 corallio
571 3556 736 3632 composita
767 3559 854 3617 ornat
888 3547 1036 3637 (lo-79),
1069 3556 1218 3633 simulque
1250 3556 1352 3616 Iovem
1382 3556 1570 3631 Nemeaeum,

299 3644 441 3721 Aeacum,
465 3644 546 3704 Iovis
563 3644 660 3703 filium
678 3646 864 3723 eundemque
882 3646 1020 3706 Herculis
1040 3644 1178 3724 amicum,
1196 3645 1356 3705 Herculem
1375 3645 1477 3721 ipsum
1495 3645 1569 3703 dein·

299 3750 369 3810 ceps
391 3732 441 3810 pie
464 3733 618 3809 praedicat
636 3725 780 3815 (80-94).
818 3734 880 3794 Sub
903 3734 992 3793 finem
1015 3734 1173 3795 Herculem
1196 3735 1347 3812 implorat,
1369 3737 1406 3792 ut
1428 3754 1464 3793 eo
1487 3735 1570 3793 inter-

300 3822 423 3883 cedente
454 3822 562 3882 coniux
591 3823 714 3883 Iunonis
745 3827 776 3883 et
804 3824 941 3883 Minerva
971 3823 1147 3883 felicitatem
1177 3824 1353 3883 Thoarionis
1385 3822 1570 3900 filiorumque

299 3913 364 3973 eius
392 3912 542 3991 integram
569 3918 687 3973 servent
714 3904 882 3993 (sl-101),
910 3918 941 3972 et
969 3917 1063 3973 semet
1089 3914 1188 3989 ipsum
1216 3913 1313 3973 denuo
1342 3913 1380 3972 ab
1403 3913 1571 3972 criminibus

299 4002 471 4062 invidorum
494 4002 745 4062 calumniatorum
769 4002 910 4062 defendit.

389 4091 424 4149 In
448 4091 577 4151 carmine
601 4092 657 4152 hoc
680 4092 853 4169 explicando
878 4092 936 4152 duo
955 4092 1013 4151 viri
1032 4110 1050 4151 a
1069 4092 1188 4170 vulgari
1207 4091 1258 4150 via
1279 4091 1369 4169 longe
1392 4097 1572 4152 recesserunt

301 4179 374 4240 God.
394 4179 583 4241 Hermannus
604 4174 719 4261 (opusc.
734 4200 770 4239 111
788 4193 821 4241 22
837 4173 899 4263 sa),
918 4181 972 4257 qui
992 4185 1113 4258 poetam
1131 4181 1168 4241 ob
1187 4200 1332 4257 paeanem
1350 4180 1438 4240 illum
1457 4200 1477 4240 a
1495 4180 1572 4241 falsis

299 4268 556 4329 criminationibus
594 4289 624 4329 se
660 4288 790 4348 purgare
829 4271 967 4349 negavit,
1008 4273 1039 4330 ot
1075 4271 1300 4329 Bomemannus
1337 4269 1460 4349 (Philol.
1493 4271 1569 4329 1886
1671 4335 1672 4346 ,

299 4378 327 4434 p.
352 4368 403 4417 596
423 4350 488 4440 ss),
513 4358 565 4435 qui
588 4359 644 4419 hoc
667 4377 785 4419 carmen
811 4356 979 4436 ἐπικήδειον
1003 4378 1066 4419 csse
1085 4359 1210 4438 Sogenis
1229 4362 1317 4419 aestu
1335 4360 1407 4418 solis
1426 4352 1571 4439 (εἰκόνος
1671 4373 1672 4440 ,

299 4439 337 4525 ἦν
360 4467 387 4507 v,
408 4439 456 4529 74)
484 4448 564 4507 inter
590 4448 753 4508 ludendum
780 4449 952 4526 interempti
980 4452 1012 4509 et
1039 4450 1069 4507 in
1097 4450 1168 4508 fano
1195 4448 1333 4508 Herculis
1361 4450 1474 4525 sepulti
1501 4448 1570 4508 miro

297 4537 433 4597 acumine
456 4538 657 4597 demonstrare
681 4540 806 4599 conatus
829 4540 882 4598 est.
930 4538 1033 4598 Sobrio
1057 4558 1126 4598 cum
1148 4538 1257 4598 indicio
1281 4538 1317 4597 de
1340 4537 1482 4597 carminis
1506 4556 1569 4598 oon·

298 4626 364 4686 silio
394 4624 517 4686 Ourtius
545 4626 668 4703 Steffen,
691 4647 790 4705 progr.
810 4628 890 4705 Lips.
912 4630 996 4688 1882
1021 4630 1239 4687 commentatus
1263 4630 1317 4705 est,
1339 4627 1384 4686 ite
1407 4628 1518 4704 tamen,
1539 4629 1572 4684 ut

298 4734 366 4775 cum
389 4715 566 4775 scholiastae
589 4716 756 4776 narrationi
779 4737 838 4777 non
858 4718 948 4794 plane
966 4716 1111 4777 confidere
1130 4736 1221 4777 ansus
1239 4719 1325 4794 esset,
1343 4716 1571 4793 Neoptolemum

297 4803 334 4862 ab
358 4804 426 4863 aliis
451 4804 632 4881 quibusdam
655 4805 844 4866 diffamatum
867 4824 930 4865 esse
953 4809 1084 4882 putaret.
