3417 5434
339 359 404 421 262
813 360 961 411 emnam
981 361 1146 412 semrom.

391 527 541 609 πόρθησε
564 522 619 588 καλ
643 521 802 608 Μέροπας

393 628 448 695 καλ
471 632 530 695 τὸν
552 629 657 714 μέγαν
679 629 880 714 πολεμιστὰν

437 740 602 820 ἔκπαγλον
622 735 796 820 Ἀλκυονῆ,

395 842 436 907 οὐ
458 847 650 929 τετραορίας
672 867 710 926 γε
732 841 813 928 πρὶν
836 843 988 908 δυώδεκα
1010 841 1119 929 πέτρῳ

393 950 504 1035 ἥρωάς
525 949 553 1015 τ’
582 950 829 1035 ἐπεμβεβαῶτας
853 950 1060 1034 ἱπποδάμους
1083 948 1156 1014 ἕλεν

340 1075 375 1122 30
394 1055 447 1133 ὃλς
469 1060 602 1140 τόσους,
626 1057 848 1142 ἀπειρομάχας
873 1057 936 1122 έών
959 1079 994 1122 κε
1018 1059 1138 1141 φανείη

394 1167 495 1247 λόγον
517 1165 535 1230 ὁ
559 1166 603 1249 μὴ
626 1163 761 1242 ξυνιείς·
785 1162 854 1228 ἐπελ

394 1271 529 1356 ῥέζοντά
550 1296 582 1337 τι
605 1269 661 1336 καλ
683 1277 807 1336 παθεῖν
830 1273 945 1336 ἔοικεν.

396 1468 435 1532 τὰ
458 1468 565 1551 μακρὰ
590 1465 622 1531 δ’
648 1465 811 1545 ἐξενέπειν
834 1466 960 1551 έρό-κει
983 1489 1022 1551 με
1046 1465 1167 1550 τεθμὸς
1438 1471 1520 1551 Στρ.
1545 1467 1577 1532 ε’

396 1569 482 1660 ὧραί
502 1572 531 1638 τ’
557 1573 777 1658 ἐπειγόμεναι·
1601 1592 1634 1636 55

343 1699 376 1746 35
397 1688 487 1764 ίυγγι
511 1679 543 1745 θ’
569 1679 704 1766 ἕλκομαι
726 1675 807 1766 ἦτορ

432 1791 590 1875 νεόμηνίᾳ
612 1785 759 1872 θιγέμεν.

414 1988 456 2036 30.
475 1978 574 2043 τόσους
592 1979 688 2035 Trici:
711 1978 826 2043 τόσσους
844 1982 873 2036 Β
887 1981 917 2035 D
934 2013 970 2022 -
988 1986 1021 2035 31
1042 1999 1082 2050 sq.
1110 1980 1299 2052 ἐπηρεάζοντα
1319 1981 1397 2036 Stob.
1416 1981 1475 2037 flor.
1494 1998 1533 2050 le,
1557 1998 1586 2036 ιν
1608 1985 1638 2036 et

344 2052 430 2108 schol.
450 2051 534 2123 Soph.
554 2051 596 2106 El.
616 2068 668 2106 roas
687 2085 722 2091 —

344 2179 485 2248 Meropes,
509 2181 616 2232 veteres
640 2175 747 2230 incolae
767 2176 816 2231 Coi
834 2177 957 2246 insulae,
978 2176 1178 2247 expeditiones,
1198 2194 1268 2246 quas
1287 2175 1317 2230 in
1335 2181 1429 2232 vetere
1448 2175 1551 2246 aliquo
1573 2196 1637 2232 car-

345 2249 419 2305 mine
445 2251 574 2302 narratas
600 2264 660 2301 esse
686 2250 809 2316 constat,
834 2247 964 2302 similiter
987 2248 1150 2318 perstrinxit
1174 2247 1208 2302 N.
1229 2267 1260 2302 111
1278 2265 1304 2304 ae
1323 2266 1359 2304 ss.
1387 2248 1407 2302 1.
1427 2268 1455 2302 vr
1475 2266 1499 2303 ar
1515 2267 1558 2304 ss.
1582 2251 1636 2306 Co-

346 2321 454 2392 piosius
473 2320 590 2374 eandem
609 2319 736 2373 fabulam
754 2319 890 2374 tractavit
908 2320 938 2373 in
956 2320 1072 2388 hymn0,
1099 2319 1177 2373 cuius
1196 2321 1310 2374 exstant
1332 2321 1364 2376 fr.
1384 2337 1410 2375 eo
1430 2338 1450 2375 s.
1470 2320 1514 2388 (cf.
1539 2321 1637 2375 schol.

345 2391 437 2462 Apoll.
456 2391 545 2446 Rhod.
564 2409 574 2442 1
595 2396 664 2458 raes).
703 2390 812 2446 Similia
838 2391 873 2445 de
899 2390 982 2448 Peleo
1008 2390 1184 2462 praedicavit
1206 2391 1238 2446 fr.
1260 2408 1297 2446 ιιι
1323 2423 1353 2432 -
1379 2397 1421 2446 26.
1440 2389 1579 2460 πόρθησε
1607 2398 1636 2447 et

347 2466 383 2517 ad
402 2464 500 2519 urbem
519 2460 631 2516 Troiam
650 2465 680 2516 ct
698 2462 735 2515 ad
753 2463 880 2517 homines
899 2462 996 2517 referri
1019 2479 1102 2532 posse
1121 2462 1204 2517 docet
1221 2461 1322 2516 similis
1340 2479 1407 2516 usus
1425 2463 1505 2517 verbi
1525 2463 1637 2532 ἔπερσε

346 2536 379 2590 N.
395 2554 426 2588 nr
440 2551 465 2589 ar
485 2566 518 2574 -
538 2539 572 2587 28
588 2551 623 2587 ss.
643 2533 742 2588 schol:
763 2535 795 2587 οό
814 2531 951 2603 πρότερον
967 2529 1018 2588 οὖν
1031 2534 1118 2604 φησὶν
1140 2534 1231 2588 ἀνεῖλε
1250 2534 1300 2588 τὸν
1316 2532 1461 2589 Ἀλκυονέα
1476 2533 1638 2604 Ἡρακλῆς.

346 2608 413 2674 πρὶν
435 2605 470 2660 τὰ
494 2603 605 2674 ἅρματα
631 2605 718 2659 αὐτοῦ
743 2605 799 2660 ὑπὸ
823 2613 873 2659 τοῦ
896 2603 1059 2668 Ἀλκυονέως
1081 2607 1235 2678 βληθῆναι·
1262 2607 1331 2674 μετὰ
1350 2605 1403 2675 γὰρ
1422 2605 1453 2659 τὸ
1472 2605 1637 2673 συντρίψετε

347 2679 435 2732 αὐτοῦ
458 2678 569 2730 δώδεκα
593 2674 705 2745 ἅρματα
727 2677 775 2730 καλ
799 2677 1021 2745 εἰκοσιτέσσαρας
1044 2675 1151 2744 ἄνδρας
1168 2673 1240 2730 λίθω
1258 2679 1388 2750 μεγίστῳ,
1413 2677 1638 2733 τὸτελευταῖον

348 2747 411 2804 κατ’
433 2749 520 2802 αὐτοῦ
539 2747 687 2816 (Herculis)
707 2748 757 2802 riv
780 2750 864 2802 λίθον
889 2747 1017 2816 ἔρριψεν,
1042 2746 1074 2802 ὃν
1096 2752 1134 2819 τῷ
1158 2733 1270 2822 taedae
1293 2747 1513 2819 ἀποσεισάμενος
1540 2748 1637 2811 οὕτως

348 2819 494 2875 ἀπέκτεινε
512 2819 562 2873 τὸν
578 2816 735 2887 Ἀλκυονέα,
759 2816 808 2873 καί
826 2837 897 2888 φασι
915 2823 1029 2874 κεῖσθαι
1047 2820 1096 2873 τὸν
1114 2816 1197 2874 λίθον
1221 2819 1252 2873 ἐν
1269 2823 1307 2892 τῷ
1326 2819 1425 2892 ἰσθμῷ.
1464 2817 1581 2890 λέγεται
1602 2822 1635 2875 di

347 2890 408 2946 τότε
433 2899 620 2959 συμπαρεῖναι
641 2895 678 2962 τῷ
698 2889 829 2958 Ἡρακλεῖ
853 2892 902 2944 καλ
926 2891 976 2945 τὸν
1001 2894 1160 2960 Τελαμῶνα.
1198 2891 1266 2944 lude
1289 2890 1446 2946 subiectum
1464 2891 1548 2946 verbi
1570 2891 1636 2948 έλεε

348 2964 520 3032 Alcyoneum
546 2979 606 3015 esse
632 2965 713 3032 patet
737 2979 792 3016 non
818 2961 973 3016 Herculem.
1011 2962 1139 3017 Ceterum
1165 2961 1194 3015 in
1220 2962 1296 3016 vasis
1320 2963 1405 3044 pictis
1428 2962 1595 3032 Alcyoneus
1618 2983 1634 3017 a

347 3035 476 3089 Minerva
492 3032 653 3103 consopitus
672 3033 708 3087 ab
727 3032 847 3087 Hercule
867 3052 903 3103 op
923 3033 1042 3102 rimitur,
1061 3033 1171 3102 quade
1190 3032 1349 3088 differentia
1363 3033 1479 3088 fabulae
1493 3053 1518 3089 v.
1535 3034 1633 3106 dep,

348 3105 429 3160 Arch.
450 3104 518 3158 Zeit.
539 3109 608 3157 1884
625 3123 652 3174 p.
672 3121 697 3159 er
717 3107 746 3159 et
763 3104 881 3172 Robert,
901 3053 993 3158 ilerm
1014 3123 1051 3172 ιν,
1070 3121 1110 3158 ars
1129 3122 1165 3159 ss.
1188 3136 1222 3144 -
1247 3106 1291 3169 ἃλς
1317 3103 1427 3173 τόσους,
1456 3105 1577 3176 aurigas
1605 3111 1635 3160 et
1682 3147 1683 3182 ,

347 3179 518 3248 pugnatores
543 3206 576 3215 -
600 3181 643 3230 ³2.
667 3174 821 3230 scholiasta
845 3179 990 3246 comparat
1012 3193 1123 3230 versum
1148 3175 1293 3246 Sophoclis
1316 3175 1349 3231 fr.
1369 3193 1420 3232 acc:
1444 3177 1494 3232 τὸν
1513 3179 1634 3244 δρῶντα
1682 3188 1683 3219 l

348 3248 401 3318 γάρ
420 3268 448 3301 τι
465 3250 514 3300 καὶ
538 3250 646 3301 παθεῖν
671 3244 825 3315 ὀφείλεται·
852 3264 935 3315 quem
960 3264 1069 3301 versum
1096 3263 1130 3302 eo
1155 3247 1249 3317 aptius
1275 3247 1463 3318 comparavit,
1489 3249 1570 3317 quod
1598 3267 1634 3302 er
1682 3223 1683 3312 λ

349 3317 495 3389 Sophoclis
515 3318 613 3372 fabula
632 3321 754 3388 cognata
769 3316 937 3386 Ἡρακλέους
956 3317 1002 3372 ἐπὶ
1018 3317 1150 3390 Ταινάρῳ
1169 3321 1296 3390 sumptus
1315 3321 1384 3374 erat.
1409 3318 1510 3373 Merito
1529 3324 1634 3374 autem
1682 3315 1683 3408 l

349 3409 383 3445 er
402 3390 446 3443 his
465 3389 557 3445 verbis
577 3389 746 3444 scholiastae
765 3388 940 3460 collegerunt
958 3389 1170 3444 Timasarchum
1189 3407 1300 3459 quoque
1315 3407 1370 3445 non
1385 3390 1446 3444 sine
1461 3389 1634 3446 vulneribus
1682 3411 1683 3422 ³

348 3461 496 3516 victoriam
515 3464 695 3515 consecutum
713 3477 781 3515 esse.

420 3539 462 3587 3³.
488 3530 606 3603 τεθμός,
628 3549 726 3586 norma
744 3531 889 3599 carminis,
915 3548 989 3600 quae
1014 3549 1077 3587 cum
1102 3536 1131 3587 et
1155 3534 1191 3587 ad
1210 3536 1341 3587 naturam
1359 3533 1492 3587 carminis
1510 3533 1634 3604 epinicii

349 3604 508 3658 universam
527 3603 572 3672 (cf.
588 3605 607 3659 l.
623 3622 651 3657 vr
664 3607 701 3671 re)
722 3607 751 3657 et
768 3605 806 3657 ad
824 3620 895 3669 eam,
915 3603 950 3657 de
971 3621 1027 3672 qua
1040 3603 1114 3659 inter
1127 3608 1240 3674 poetam
1255 3607 1283 3659 et
1297 3604 1432 3660 victorem
1447 3613 1633 3674 convenerat,

349 3676 467 3730 formam
486 3676 530 3744 (cf.
546 3675 575 3729 P.
590 3694 618 3728 rr
632 3677 669 3743 τι)
688 3678 717 3728 et
734 3673 958 3744 magnitudinem
977 3677 1022 3744 (cs.
1038 3675 1110 3730 Prol.
1125 3695 1188 3729 xcvr
1202 3676 1278 3744 adn.)
1295 3676 1436 3745 pertinere
1474 3677 1556 3745 ossit,
1577 3678 1633 3732 hoc

349 3747 410 3802 loco
434 3745 658 3817 magnitudinem
680 3746 859 3816 potissimum
882 3745 982 3816 respici
1006 3763 1039 3800 er
1058 3745 1176 3802 adiectis
1195 3746 1287 3801 verbis
1306 3743 1376 3815 ὧραί
1399 3746 1425 3800 τ’
1447 3695 1634 3818 ἐπειγόμεναι
1682 3739 1683 3830 l

349 3819 423 3873 effici
441 3818 511 3872 mihi
529 3818 654 3885 videtum
677 3819 730 3871 hae
749 3817 824 3872 enim
842 3817 882 3870 im
902 3817 1044 3872 adimente
1063 3821 1164 3888 poetae
1182 3821 1276 3886 erant,
1296 3818 1445 3887 quominus
1464 3819 1581 3890 longius
1600 3821 1632 3874 in
1682 3836 1683 3849 ¹

349 3890 454 3945 fabulis
473 3889 620 3944 narrandis
639 3889 850 3959 exspatiaretur.
881 3835 1024 3943 Summam
1042 3889 1130 3962 igitur
1143 3889 1201 3944 vim
1217 3889 1310 3944 verbis
1329 3889 1363 3944 τά
1382 3890 1477 3959 μακρὰ
1495 3893 1525 3945 et
1543 3909 1632 3962 prae-

349 3961 484 4034 positioni
504 3960 532 4026 έξ
550 3960 629 4015 verbi
648 3958 789 4026 ἐξενέπειν
807 3960 909 4028 tribuo,
927 3962 961 4014 ut
974 3963 1130 4016 cavendum
1143 3965 1244 4032 poetae
1263 3961 1349 4015 fuisse
1367 3963 1472 4032 putem,
1488 3978 1522 4016 ne
1542 3963 1633 4023 idem

350 4036 426 4104 quod
444 4033 474 4087 in
493 4031 615 4087 carmine
629 4031 662 4085 N.
678 4052 688 4084 1
703 4031 851 4100 commisit,
870 4034 937 4086 tunc
956 4049 1066 4102 quoque
1086 4033 1280 4102 committeret,
1299 4035 1332 4086 ut
1350 4032 1476 4087 fabulam
1491 4035 1631 4088 narrandi

350 4105 499 4159 dulcedine
518 4105 651 4175 abreptus
669 4121 782 4186 prorsus
801 4103 916 4158 victoris
935 4103 1050 4174 eiusque
1069 4105 1249 4159 victoriarum
1268 4103 1373 4159 oblitus
1392 4121 1453 4158 esse
1474 4104 1631 4160 videretur.

350 4177 479 4245 Namque
501 4175 614 4230 fabulae
637 4175 757 4245 epinicio
783 4174 927 4230 intexendi
951 4177 980 4229 et
998 4176 1096 4230 heroes
1115 4175 1241 4231 civitatis
1259 4175 1393 4244 cuiusque
1412 4175 1550 4230 laudandi
1571 4195 1630 4231 mo·
1682 4191 1683 4219 ἐ

351 4267 410 4302 rem
431 4264 489 4301 non
512 4247 672 4301 universum
690 4247 881 4317 vituperatum
905 4263 978 4314 essa,
1002 4265 1036 4301 ex
1058 4248 1106 4312 iis,
1130 4265 1202 4316 quae
1221 4247 1278 4302 iam
1297 4249 1464 4316 sequuntur,
1488 4247 1560 4302 satis
1580 4266 1629 4319 ap·
1682 4231 1683 4280 l

351 4321 439 4390 paret.
486 4318 625 4372 Nimirum
656 4335 712 4372 non
744 4318 843 4372 statim
874 4321 939 4388 post
970 4317 1023 4372 hoc
1055 4318 1194 4373 emblema
1220 4322 1321 4390 (ea-ss)
1350 4319 1387 4372 ad
1414 4318 1631 4373 Timasarchum
1682 4330 1683 4391 j

351 4390 467 4458 eiusque
486 4392 599 4461 gentem
617 4389 698 4458 redit,
718 4406 807 4459 neque
826 4406 899 4458 quae
918 4390 953 4444 de
972 4390 1077 4445 Teucro
1092 4389 1201 4444 Achille
1221 4388 1405 4460 Neoptolemo
1424 4389 1508 4445 Peleo
1526 4393 1630 4459 (ss-es)

350 4460 490 4528 narravit,
513 4461 604 4532 magis
628 4479 713 4529 quam
736 4478 808 4530 quae
831 4463 917 4515 antea
938 4463 1039 4532 (ει-εν)
1062 4462 1097 4516 de
1116 4461 1267 4516 Telamone
1291 4463 1468 4528 narraverat,
1488 4461 1524 4514 ad
1542 4463 1629 4532 Aegi-

350 4537 433 4588 netae
459 4536 489 4587 et·
511 4531 647 4587 victorem
671 4533 840 4601 Aeginetam
867 4531 1016 4602 pertinent.
1054 4534 1169 4602 Verum,
1198 4535 1231 4587 ut
1256 4531 1327 4600 dixi,
1355 4549 1412 4587 non
1440 4531 1630 4604 digressiones

350 4605 430 4675 ipsae
454 4607 483 4658 et
507 4603 721 4658 domesticorum
746 4604 863 4658 heroum
888 4603 986 4659 laudes
1011 4604 1132 4659 Pindaro
1158 4603 1228 4658 vitio
1253 4604 1448 4672 vertebantur,
1476 4603 1525 4658 sed
1554 4622 1629 4658 conr-

351 4675 489 4745 pendiosa
506 4675 643 4744 brevitas,
669 4675 821 4730 Simonidis
840 4675 949 4744 prolixo
967 4676 1075 4731 flumini
1094 4676 1123 4730 in
1141 4675 1246 4731 fabulis
1265 4674 1413 4729 narrandis
1432 4677 1576 4730 contraria
1596 4709 1627 4715 —

353 4753 395 4801 35.
415 4747 501 4828 ίνγγι·
521 4763 629 4800 summo
648 4746 800 4814 desiderio,
823 4747 989 4818 metaphora
1008 4747 1044 4802 ab
1064 4748 1166 4803 amoris
1185 4749 1263 4816 lusu,
1282 4747 1317 4802 de
1335 4763 1390 4815 quo
1408 4746 1439 4802 P.
1458 4766 1486 4800 rv
1505 4763 1544 4800 κιι
1564 4765 1628 4801 ron-

353 4818 424 4874 ferre
443 4820 535 4886 iuvat,
554 4817 592 4870 ad
611 4817 682 4871 alias
701 4835 745 4871 res
764 4817 904 4872 translata
923 4851 957 4858 -
977 4818 1125 4894 νεομηνίμ·
1151 4817 1308 4887 novilunio,
1330 4835 1385 4886 quo
1404 4835 1484 4873 sacro
1502 4821 1630 4890 tempore
