3417 5434
617 331 844 382 FRAGMENTA.

152 493 171 576 ή
195 495 232 558 τὸ
254 494 443 575 πάντολμον
466 489 587 567 σθένος
606 489 801 575 Ἡρακλέος,

114 599 172 683 σή
195 601 256 665 τάν
278 600 458 665 Διωνύσου
481 596 675 680 πολυγαθέα
697 598 810 682 τιμάν,

153 706 173 790 ή
196 706 302 791 γάμον
326 706 531 772 λευκωλένου
549 703 725 790 Ἁρμονίας
747 704 982 788 ὑμνήσομεν..
997 753 1027 768 ..

644 817 661 852 θ
811 815 828 851 θ

728 855 745 892 *

154 926 297 1006 Πρῶτον
319 917 380 1005 μὲν
403 921 566 1003 εύβουλον
592 918 694 1004 Θέμιν
717 919 880 1003 οὐρανίαν

153 1027 347 1113 χρυσέαισιν
369 1027 482 1102 ἵπποις
501 1023 658 1090 Ὠκεανοῦ
681 1025 769 1109 παρὰ
791 1033 902 1106 παγᾶν

154 1140 283 1220 Μοῖραι
306 1132 381 1199 ποτὶ
403 1136 544 1219 κλίμακα
569 1133 692 1217 σεμνάν

155 1237 237 1324 ἆγον
262 1241 444 1324 Οὐλύμπου
469 1241 610 1324 λιπαράν
633 1237 712 1304 καθ’
739 1239 833 1321 ὁδόν,

120 1367 137 1413 5
157 1359 303 1434 σωτῆρος
327 1348 467 1434 ἀρχαίαν
490 1349 612 1431 ἀλοχον
634 1347 718 1422 Διὸς
741 1349 852 1430 ἔμμεν·

156 1456 177 1521 ά
200 1453 236 1521 δέ
259 1456 318 1532 τάς
340 1453 576 1540 χρυσάμπυκας
599 1452 850 1537 ἀγλαοκάρπους
872 1455 980 1518 τίκτεν
1003 1452 1148 1530 ἀλαθέως
1161 1451 1273 1537 Ὥρας.

193 1729 341 1788 Aristides
364 1747 387 1785 11
412 1739 462 1786 142
486 1726 588 1785 Diod:
617 1725 769 1805 Πίνδαρος
796 1721 828 1784 δὲ
851 1725 998 1803 τοσαύτην
1021 1723 1224 1805 ὑπερβολήνέ
1224 1724 1377 1803 ποιήσατο,

102 1816 177 1877 ὥστε
199 1816 233 1876 έν
256 1815 329 1888 Διὸς
352 1816 435 1926 γάμῳ
458 1813 508 1874 και
531 1813 599 1885 τοὺς
623 1815 715 1886 θεοὺς
736 1811 846 1886 αὐτούς
869 1831 978 1892 φησιν,
1000 1812 1141 1894 ἐρομένου
1164 1824 1217 1874 τοῦ
1241 1813 1329 1894 Διός,
1351 1813 1383 1874 εἴ

103 1929 158 1966 του
183 1904 307 1982 δέοιντο,
330 1906 445 1984 αι’τήσαι
463 1901 650 1981 ποιήσασθαί
665 1927 748 1974 τινας
767 1901 846 1988 αὑτῷ
865 1903 968 1979 θεούς,
989 1904 1095 1976 οἵτινες
1113 1903 1148 1964 τά
1167 1904 1277 1985 μεγάλα
1294 1896 1376 1964 ταῦτ’

104 1997 177 2076 ἔργα
199 1994 249 2056 καλ
271 1995 369 2054 πᾶσάν
392 2016 423 2074 γε
447 1993 485 2072 δή
507 1991 562 2070 τήν
584 1991 700 2053 ἐκείνου
724 1965 909 2070 κατασάεοήν
931 1992 1187 2071 κατακοσμήσοοσι
1208 1992 1305 2072 λόγοις
1327 1990 1378 2054 καλ

104 2093 292 2168 μουσική-
315 2083 520 2159 Choriciusp.
539 2095 590 2142 305
614 2083 658 2142 od.
677 2083 870 2160 Βολεεοιιψ
889 2095 905 2141 3
929 2084 972 2142 cd.
992 2083 1141 2143 Foersior:
1164 2081 1282 2161 ἐποίησε
1300 2083 1378 2142 Πίν-

105 2175 197 2254 δαρος
220 2172 269 2233 κοιλ
291 2169 421 2282 θεοβς’
407 2181 570 2244 οκνοῦντας
597 2170 728 2250 ὑμνῆσαι
748 2169 801 2243 τάς
823 2180 877 2231 τοῦ
900 2169 973 2243 Διὸς
995 2171 1038 2243 εἰς
1061 2169 1243 2282 ἀνθρώπους
1265 2176 1378 2250 φιλοτι-

104 2264 185 2342 μίας.
209 2260 357 2323 ἐδόκει
325 2285 380 2343 γαρ
404 2254 486 2340 οἶμαι
507 2266 547 2342 τῷ
551 2269 677 2372 ποιητῇ
700 2269 787 2320 τοῦτο
810 2252 887 2320 εἶναι
905 2258 1040 2340 μέγιστον
1058 2259 1203 2342 ἐγκώμιον
1221 2269 1274 2321 τοῦ
1292 2266 1379 2339 θεοῦ,

102 2375 128 2412 ει
123 2350 251 2431 ’μηδεὶς
264 2359 323 2411 τῶν
338 2347 505 2428 Ὀλυμπίων
523 2348 614 2410 αὐτὸν
633 2348 809 2429 ἐγκωμιάσαι
826 2348 974 2428 τολμήσαι
998 2360 1154 2431 τοιγαροῦν
1172 2355 1306 2429 καθῆστο
1325 2347 1379 2428 μὲν

107 2439 124 2500 ὁ
148 2441 225 2513 Ζεὺς
251 2446 288 2524 τῷ
307 2439 496 2524 Πινδάρῳ
469 2462 502 2499 το
520 2448 580 2498 πᾶν
598 2435 664 2518 ἀρτι
686 2437 847 2517 κοσμήσας,
869 2447 1007 2518 παρῆσαν
1024 2437 1057 2500 δὲ
1080 2462 1109 2500 οι
1102 2437 1196 2499 θεοὶ
1217 2450 1313 2524 σιωπή
1335 2461 1379 2499 τε-

105 2641 160 2680 του
188 2617 318 2696 δέοιντο,
341 2619 378 2678 ἓν
405 2616 520 2696 ἔφασαν
547 2617 579 2677 οἱ
604 2615 671 2677 θεολ
697 2623 758 2688 τοῖς
785 2615 901 2677 ἐκείνου
929 2616 1167 2698 δημιουργήμασι
1188 2618 1314 2696 λείπειν,
1336 2617 1381 2678 ὅτι

105 2706 220 2818 μηδένα
241 2707 408 2789 προήγαγεν
431 2705 633 2786 ἀναβαίνοντα
654 2712 718 2780 ταῖς
741 2705 901 2786 εὐφημίαις
923 2704 990 2787 ἀχρι
1012 2716 1064 2768 τοῦ
1083 2705 1188 2788 μέτρου
1206 2714 1266 2768 τῶν
1283 2711 1379 2768 τελου-

105 2821 211 2878 μενων’
680 2889 719 2946 32
747 2884 802 2961 [8].

630 2995 689 3051 τοῦ
713 2994 796 3050 θεοῦ

322 3097 441 3160 ἀκουσε
466 3094 600 3178 Κάδμος
622 3095 786 3177 μουσικάν
808 3093 919 3178 ὀρθάν
942 3093 1222 3181 ἐπιδεικνυμένου.

106 3308 191 3357 ιησεν
214 3289 250 3351 ὡς
274 3287 398 3357 ἀμουσον
421 3285 532 3343 ὄντα..
548 3283 680 3356 ,σφόδρα
704 3283 755 3341 οὖν
774 3285 788 3339 δ
808 3283 952 3355 Πίνδαρος
976 3282 1125 3355 ἐπιστήσας
1146 3295 1205 3352 τοῖς
1226 3287 1384 3371 λεγομένοις

108 3358 240 3428 ἐποίησεν
255 3359 345 3414 έκεῖνο
359 3359 391 3413 τὸ
405 3357 496 3428 μέλος·
513 3331 641 3428 ’λσμηνὸν
655 3363 712 3412 κτλ.
732 3357 869 3412 Carminis
882 3356 1052 3429 principium
1066 3358 1181 3414 exhibet
1194 3361 1282 3416 ctiam
1296 3363 1382 3417 schol.

106 3431 187 3485 Pind.
208 3431 242 3484 N.
262 3447 370 3484 x1.-
392 3430 432 3484 De
451 3430 559 3485 Iamcno
579 3429 664 3484 Melia
683 3429 801 3484 Hercule
820 3430 975 3484 Harmonia
993 3430 1065 3485 conf.
1084 3431 1114 3485 P.
1133 3450 1162 3483 ιιι
1180 3431 1217 3487 in.

179 3503 222 3557 Fr.
243 3509 284 3556 30.
322 3501 406 3556 Clam.
425 3501 505 3555 Alex.
525 3502 623 3556 Si.rom
643 3521 660 3554 v
679 3517 730 3556 rar:
753 3501 898 3570 Πίνδαρος
920 3500 951 3556 δέ
965 3502 1108 3592 ἀντικρὺς
1125 3503 1174 3556 καλ
1198 3512 1308 3573 σωτῆρα
1327 3508 1384 3559 Δία

108 3581 296 3629 συνοικοῦντα
313 3573 412 3643 Θέμιδι
427 3572 539 3642 εἰσάγει,
558 3569 673 3646 βασιλέα
692 3580 802 3642 σωτῆρα
821 3571 1120 3642 δίκαιον,ερμηνεύων
1134 3571 1189 3628 ὧδέ
1201 3594 1271 3637 πως·
1291 3579 1384 3644 Πρῶ-

109 3664 170 3700 τον
189 3649 245 3699 κτλ.
282 3645 323 3698 Ex
342 3644 440 3698 codam
459 3645 562 3712 hymno
585 3645 617 3699 fr.
638 3649 672 3697 30
692 3645 777 3712 atquc
799 3645 832 3698 fr
852 3650 887 3698 29
905 3644 1026 3768 Eetiium
1044 3661 1105 3699 case
1123 3646 1206 3699 matri
1224 3647 1384 3715 aequalitas

108 3719 205 3782 docei;
225 3715 335 3770 videtur
350 3719 444 3769 cutem
457 3718 542 3784 pocta
556 3733 589 3769 cx
604 3715 760 3769 multifaria
774 3719 832 3769 ma
831 3733 892 3770 oric
925 3733 1004 3784 ymni
1015 3715 1144 3771 Thebani
1157 3717 1271 3786 nuptias
1286 3717 1385 3772 Cadmi

108 3791 139 3842 et
162 3787 331 3842 Harmoniae
356 3787 487 3856 elegisse,
511 3787 584 3841 unde
603 3787 636 3841 fr.
657 3793 690 3840 29
710 3790 739 3839 et
757 3787 790 3841 fr.
810 3793 845 3841 30
863 3787 969 3841 maiore
988 3787 1138 3842 intervallo
1157 3788 1279 3843 discreta
1297 3789 1385 3844 fuisso

110 3861 242 3931 puio-
209 3865 286 3913 -3.
313 3857 439 3912 ιπποισιν
458 3831 538 3912 codd
557 3890 593 3898 -
611 3867 706 3946 παγᾶν
724 3858 850 3913 Bocckh:
873 3857 967 3928 πάγον
986 3859 1119 3913 codd—
1137 3865 1162 3913 4.
1178 3857 1231 3913 Ὀλ.
1250 3861 1330 3915 codd
1351 3892 1385 3902 -

108 3930 233 3998 λιπαρὰν
253 3927 323 3984 καθ’
341 3927 421 3983 ὁδόν·
442 3930 475 3984 cf.
493 3929 523 3984 O.
538 3949 559 3982 11
574 3945 598 3985 τι
614 3930 681 3990 Διὸς
700 3927 821 3984 δδόν-
839 3934 864 3984 5.
884 3929 969 3999 ἔμμεν
986 3930 1096 3998 Hcync:
1116 3929 1233 4001 ἔμμεναι
1251 3931 1331 3988 codd
1351 3965 1384 3972 -

109 4010 134 4057 6.
154 3999 282 4064 ἀλαθέως
293 3999 380 4070 Ὥρας
398 4001 503 4056 collata
516 3999 650 4069 Hesychii
665 3999 759 4071 glossa
774 3951 935 4063 ἀλαθείιιςμ
915 4022 988 4069 ωρας
1002 4000 1127 4057 Boeckh:
1147 4002 1247 4055 ἀαθδι
1261 4012 1387 4073 σωτῆρας

110 4072 196 4128 Clam.
234 4073 275 4127 Dc
294 4072 428 4127 Themide
446 4075 536 4127 mairo
555 4073 692 4126 Horarum
711 4072 819 4126 r.Hcs.
840 4072 990 4141 theog.ocl
1011 4023 1296 4130 eiPind.(d.xn1c.

181 4144 225 4199 Fr.
245 4149 286 4198 32.
325 4143 440 4198 Αιίελιδ.
459 4163 479 4196 ιι
498 4160 537 4198 aas
555 4143 651 4198 Diod:
676 4142 706 4196 έν
724 4152 783 4206 τοῖς
801 4140 917 4213 Ὕμνοις
935 4144 1047 4208 διεξιὼν
1066 4141 1228 4213 (Πίνδαρος)
1246 4146 1311 4214 περὶ
1330 4156 1386 4201 τῶν

110 4213 178 4270 ist
160 4235 265 4269 απαντι
284 4220 321 4288 τῷ
340 4211 430 4288 χρόνῳ
449 4216 659 4287 συμβαινόντων
677 4213 855 4283 παθημάτων
874 4223 931 4277 τοῖς
954 4215 1118 4283 ἀνθρώποις
1141 4215 1216 4284 (fori.
1235 4220 1315 4280 θεοῖς
1338 4219 1386 4272 καὶ

110 4287 285 4356 ἀνθρώποις)
299 4273 346 4340 iod
360 4295 408 4355 τής
424 4289 576 4360 μεταβολῆς
595 4286 643 4341 τὸν
662 4285 779 4355 Κάδμον
798 4286 918 4355 φησιν’
904 4295 1023 4340 ἀκοῦσαι
1041 4293 1091 4340 τοῦ
1108 4284 1273 4351 ’Λπόλλωνος
1291 4308 1386 4358 μουσι-

112 4359 167 4412 κάν
187 4358 281 4426 ὀρθάν
300 4355 538 4448 ἐπιδεικνυμένου,
557 4357 630 4412 Ρλιιλ.
650 4357 684 4411 de
703 4357 784 4426 Pyth.
802 4374 915 4413 croco:
935 4356 1000 4411 δδε
1019 4355 1162 4426 Πίνδαρος
1180 4359 1301 4413 ἀκοῦσαί
1318 4379 1388 4430 φησι

112 4439 162 4484 τοῦ
182 4435 254 4483 θεοῦ
280 4429 329 4484 τὸν
348 4427 465 4522 Κάδμον
490 4429 627 4499 μουσικὰν
652 4428 757 4496 ὀρθάν,
785 4431 835 4498 οὐχ
859 4429 958 4496 ήδελαν
982 4427 1048 4483 οῦδὲ
1072 4429 1216 4498 τρυφερὰν
1241 4429 1307 4485 οὐδ’
1328 4432 1387 4485 έπι-

113 4499 304 4570 κεκλεισμένην
323 4509 380 4562 τοῖς
398 4499 514 4586 μέλεσιν.
552 4500 628 4553 Idem
647 4499 682 4553 do
701 4499 784 4553 anim.
804 4517 893 4569 procr.
913 4505 960 4555 ³³:
979 4497 1123 4567 Πίνδαρος
1140 4510 1191 4554 τοῦ
1209 4506 1281 4557 θεοῦ
1299 4522 1387 4572 φησιν

114 4573 271 4627 ἐπακοῦσαι
294 4571 431 4643 μουσικὰν
449 4571 544 4638 ὀρθάν
568 4570 797 4652 ἐπιδεικνυμένου
815 4571 866 4624 τὸν
883 4571 1009 4639 Κάδμον.
1046 4571 1208 4626 Orationem
1230 4576 1338 4628 rectam
1359 4578 1389 4630 ct

115 4647 236 4698 metrum
255 4643 292 4697 ad
312 4642 454 4712 exemplar
477 4643 509 4696 fr.
530 4642 870 4780 172)rcstii.iBocokh-
894 4643 1010 4712 Spectat
1034 4642 1087 4695 hoc
1113 4659 1224 4697 carmen
1250 4645 1389 4700 Pindarus

115 4732 175 4770 ise
199 4715 229 4769 P.
250 4735 279 4768 111
298 4719 355 4784 cr(
346 4715 391 4784 (.cf
391 4663 444 4768 p.N
464 4729 525 4769 vac
540 4715 596 4780 sa).
634 4713 751 4782 Sumpta
775 4716 839 4767 suno
863 4713 894 4767 fr.
915 4720 949 4766 32
969 4717 998 4767 ct
1020 4719 1054 4767 33
1077 4731 1111 4767 cx
1134 4715 1225 4785 epodo
1249 4717 1388 4774 carminis.

115 4735 229 4842 lEpodcrn
240 4787 379 4857 pertinere
399 4785 476 4840 videi
464 4789 510 4838 λιιι·
528 4785 594 4840 fr.1
581 4791 640 4840 1ι8

169 4885 294 4928 nmium
309 4886 343 4926 cd
357 4885 461 4927 Christ
1145 4881 1178 4930 26
