<?xml version="1.0" encoding="UTF-8"?>
<!DOCTYPE html PUBLIC "-//W3C//DTD XHTML 1.0 Transitional//EN"
    "http://www.w3.org/TR/xhtml1/DTD/xhtml1-transitional.dtd">
<html xmlns="http://www.w3.org/1999/xhtml" xml:lang="en" lang="en">
 <head>
  <title>
</title>
<meta http-equiv="Content-Type" content="text/html;charset=utf-8" />
  <meta name='ocr-system' content='tesseract 3.04.00' />
  <meta name='ocr-capabilities' content='ocr_page ocr_carea ocr_par ocr_line ocrx_word'/>
</head>
<body>
  <div class='ocr_page' id='page_1' title='image "./pindaricarminap01chrigoog_0163.png"; bbox 0 0 3417 5434; ppageno 0'>
   <div class='ocr_carea' id='block_1_1' title="bbox 653 348 1381 412">
    <p class='ocr_par' dir='ltr' id='par_1_1' title="bbox 653 348 1381 412">
     <span class='ocr_line' id='line_1_1' title="bbox 653 348 1381 412; baseline 0.004 -13"><span class='ocrx_word' id='word_1_1' title='bbox 653 348 811 402; x_wconf 80' lang='lat' dir='ltr'>OLYMPIA</span> <span class='ocrx_word' id='word_1_2' title='bbox 831 351 880 401; x_wconf 89' lang='lat'>111.</span> <span class='ocrx_word' id='word_1_3' title='bbox 1338 349 1381 412; x_wconf 78' lang='grc'>27</span> 
     </span>
    </p>
   </div>
   <div class='ocr_carea' id='block_1_2' title="bbox 111 508 1382 922">
    <p class='ocr_par' dir='ltr' id='par_1_2' title="bbox 111 508 1382 922">
     <span class='ocr_line' id='line_1_2' title="bbox 183 508 1382 598; baseline 0.003 -24"><span class='ocrx_word' id='word_1_4' title='bbox 183 511 353 596; x_wconf 67' lang='grc' dir='ltr'><strong><em>Θήρωνος</em></strong></span> <span class='ocrx_word' id='word_1_5' title='bbox 373 508 629 595; x_wconf 75' lang='grc' dir='ltr'><strong><em>Ὀλυμπιονίκαν</em></strong></span> <span class='ocrx_word' id='word_1_6' title='bbox 651 511 760 596; x_wconf 82' lang='grc' dir='ltr'><strong><em>ὕμνον</em></strong></span> <span class='ocrx_word' id='word_1_7' title='bbox 782 511 966 598; x_wconf 78' lang='grc' dir='ltr'><em>ὀρθώσαις,</em></span> <span class='ocrx_word' id='word_1_8' title='bbox 990 510 1272 596; x_wconf 74' lang='grc' dir='ltr'><strong><em>ἀκαμαντοπόδων</em></strong></span> <span class='ocrx_word' id='word_1_9' title='bbox 1366 529 1382 577; x_wconf 82' lang='lat'>5</span> 
     </span>
     <span class='ocr_line' id='line_1_3' title="bbox 180 615 1294 706; baseline 0.005 -26"><span class='ocrx_word' id='word_1_10' title='bbox 180 615 300 682; x_wconf 84' lang='grc' dir='ltr'><strong><em>ἵππων</em></strong></span> <span class='ocrx_word' id='word_1_11' title='bbox 328 619 446 683; x_wconf 79' lang='grc' dir='ltr'><strong><em>δίωτον.</em></strong></span> <span class='ocrx_word' id='word_1_12' title='bbox 492 621 608 684; x_wconf 87' lang='grc' dir='ltr'><strong><em>Μοῖσα</em></strong></span> <span class='ocrx_word' id='word_1_13' title='bbox 635 617 669 683; x_wconf 87' lang='grc' dir='ltr'>δ’</span> <span class='ocrx_word' id='word_1_14' title='bbox 695 620 781 685; x_wconf 79' lang='grc' dir='ltr'><strong><em>οὕτω</em></strong></span> <span class='ocrx_word' id='word_1_15' title='bbox 809 643 867 705; x_wconf 87' lang='grc' dir='ltr'><strong><em>μοι</em></strong></span> <span class='ocrx_word' id='word_1_16' title='bbox 893 625 1074 706; x_wconf 87' lang='grc' dir='ltr'><strong><em>παρεσταίη</em></strong></span> <span class='ocrx_word' id='word_1_17' title='bbox 1097 624 1294 703; x_wconf 78' lang='grc' dir='ltr'><strong><em>νεοσίγαλον</em></strong></span> 
     </span>
     <span class='ocr_line' id='line_1_4' title="bbox 741 725 1022 813; baseline 0.004 -22"><span class='ocrx_word' id='word_1_18' title='bbox 741 725 874 813; x_wconf 77' lang='grc' dir='ltr'><strong><em>εὑρόντι</em></strong></span> <span class='ocrx_word' id='word_1_19' title='bbox 897 730 1022 813; x_wconf 89' lang='grc' dir='ltr'><strong><em>τρόπον</em></strong></span> 
     </span>
     <span class='ocr_line' id='line_1_5' title="bbox 111 830 801 922; baseline 0.007 -29"><span class='ocrx_word' id='word_1_20' title='bbox 111 845 126 893; x_wconf 85' lang='lat'>5</span> <span class='ocrx_word' id='word_1_21' title='bbox 180 833 313 918; x_wconf 78' lang='grc' dir='ltr'><strong><em>Δωρίῳ</em></strong></span> <span class='ocrx_word' id='word_1_22' title='bbox 337 833 455 916; x_wconf 81' lang='grc' dir='ltr'><strong><em>φωνάν</em></strong></span> <span class='ocrx_word' id='word_1_23' title='bbox 479 830 655 918; x_wconf 77' lang='grc' dir='ltr'><strong><em>ἐναρμόξαι</em></strong></span> <span class='ocrx_word' id='word_1_24' title='bbox 677 834 801 922; x_wconf 75' lang='grc' dir='ltr'><strong><em>πεδίλῳ</em></strong></span> 
     </span>
    </p>
   </div>
   <div class='ocr_carea' id='block_1_3' title="bbox 101 995 1383 1722">
    <p class='ocr_par' dir='ltr' id='par_1_3' title="bbox 101 995 1383 1722">
     <span class='ocr_line' id='line_1_6' title="bbox 1142 995 1294 1063; baseline 0.007 -2"><span class='ocrx_word' id='word_1_25' title='bbox 1142 996 1226 1063; x_wconf 79' lang='grc' dir='ltr'><strong><em>Ἀντ.</em></strong></span> <span class='ocrx_word' id='word_1_26' title='bbox 1249 995 1294 1062; x_wconf 86' lang='grc' dir='ltr'>α’.</span> 
     </span>
     <span class='ocr_line' id='line_1_7' title="bbox 184 1097 1383 1189; baseline 0.004 -26"><span class='ocrx_word' id='word_1_27' title='bbox 184 1097 418 1185; x_wconf 77' lang='grc' dir='ltr'><strong><em>ἀγλαόκωμον.</em></strong></span> <span class='ocrx_word' id='word_1_28' title='bbox 465 1098 533 1166; x_wconf 83' lang='grc' dir='ltr'><strong><em>έπελ</em></strong></span> <span class='ocrx_word' id='word_1_29' title='bbox 556 1104 700 1185; x_wconf 83' lang='grc' dir='ltr'><strong><em>χαίταισι</em></strong></span> <span class='ocrx_word' id='word_1_30' title='bbox 724 1097 785 1186; x_wconf 69' lang='grc' dir='ltr'>μὲν</span> <span class='ocrx_word' id='word_1_31' title='bbox 808 1101 1000 1187; x_wconf 79' lang='grc' dir='ltr'><strong><em>ζευχθέντες</em></strong></span> <span class='ocrx_word' id='word_1_32' title='bbox 1022 1106 1076 1168; x_wconf 85' lang='grc' dir='ltr'><strong><em>ἔπι</em></strong></span> <span class='ocrx_word' id='word_1_33' title='bbox 1098 1104 1259 1189; x_wconf 82' lang='grc' dir='ltr'><strong><em>στέφανοι</em></strong></span> <span class='ocrx_word' id='word_1_34' title='bbox 1350 1121 1383 1168; x_wconf 87' lang='grc'>10</span> 
     </span>
     <span class='ocr_line' id='line_1_8' title="bbox 184 1207 903 1296; baseline 0.006 -26"><span class='ocrx_word' id='word_1_35' title='bbox 184 1207 378 1290; x_wconf 88' lang='grc' dir='ltr'><strong><em>πράσσοντί</em></strong></span> <span class='ocrx_word' id='word_1_36' title='bbox 398 1231 438 1292; x_wconf 89' lang='grc' dir='ltr'>με</span> <span class='ocrx_word' id='word_1_37' title='bbox 461 1217 559 1273; x_wconf 85' lang='grc' dir='ltr'><strong><em>τοῦτο</em></strong></span> <span class='ocrx_word' id='word_1_38' title='bbox 582 1209 771 1293; x_wconf 86' lang='grc' dir='ltr'><strong><em>θεόδμητον</em></strong></span> <span class='ocrx_word' id='word_1_39' title='bbox 793 1208 903 1296; x_wconf 90' lang='grc' dir='ltr'><strong><em>χρέος,</em></strong></span> 
     </span>
     <span class='ocr_line' id='line_1_9' title="bbox 183 1312 1294 1400; baseline 0.004 -23"><span class='ocrx_word' id='word_1_40' title='bbox 183 1314 361 1398; x_wconf 86' lang='grc' dir='ltr'><strong><em>φόρμιγγά</em></strong></span> <span class='ocrx_word' id='word_1_41' title='bbox 384 1337 419 1379; x_wconf 88' lang='grc' dir='ltr'>τε</span> <span class='ocrx_word' id='word_1_42' title='bbox 441 1317 682 1400; x_wconf 84' lang='grc' dir='ltr'><strong><em>ποικιλόγαρυν</em></strong></span> <span class='ocrx_word' id='word_1_43' title='bbox 704 1312 759 1380; x_wconf 84' lang='grc' dir='ltr'>καὶ</span> <span class='ocrx_word' id='word_1_44' title='bbox 783 1316 868 1400; x_wconf 80' lang='grc' dir='ltr'><strong><em>βοὰν</em></strong></span> <span class='ocrx_word' id='word_1_45' title='bbox 886 1317 1000 1382; x_wconf 83' lang='grc' dir='ltr'><strong><em>αὐλῶν</em></strong></span> <span class='ocrx_word' id='word_1_46' title='bbox 1019 1314 1124 1382; x_wconf 77' lang='grc' dir='ltr'><strong><em>ἐπέων</em></strong></span> <span class='ocrx_word' id='word_1_47' title='bbox 1141 1340 1176 1381; x_wconf 88' lang='grc' dir='ltr'>τε</span> <span class='ocrx_word' id='word_1_48' title='bbox 1194 1315 1294 1382; x_wconf 88' lang='grc' dir='ltr'><strong><em>θέσιν</em></strong></span> 
     </span>
     <span class='ocr_line' id='line_1_10' title="bbox 185 1419 1381 1509; baseline 0.003 -25"><span class='ocrx_word' id='word_1_49' title='bbox 185 1421 424 1505; x_wconf 73' lang='grc' dir='ltr'><strong><em>Αἰνησιδάμου</em></strong></span> <span class='ocrx_word' id='word_1_50' title='bbox 456 1419 552 1486; x_wconf 85' lang='grc' dir='ltr'><strong><em>παιδλ</em></strong></span> <span class='ocrx_word' id='word_1_51' title='bbox 583 1419 739 1506; x_wconf 76' lang='grc' dir='ltr'><strong><em>συμμῖξαι</em></strong></span> <span class='ocrx_word' id='word_1_52' title='bbox 771 1425 978 1506; x_wconf 84' lang='grc' dir='ltr'><strong><em>πρεπόντως,</em></strong></span> <span class='ocrx_word' id='word_1_53' title='bbox 1011 1424 1033 1488; x_wconf 85' lang='grc' dir='ltr'><strong><em>ά</em></strong></span> <span class='ocrx_word' id='word_1_54' title='bbox 1064 1447 1099 1488; x_wconf 87' lang='grc' dir='ltr'>τε</span> <span class='ocrx_word' id='word_1_55' title='bbox 1131 1427 1222 1489; x_wconf 91' lang='grc' dir='ltr'><strong><em>Πίσα</em></strong></span> <span class='ocrx_word' id='word_1_56' title='bbox 1253 1448 1292 1509; x_wconf 90' lang='grc' dir='ltr'>με</span> <span class='ocrx_word' id='word_1_57' title='bbox 1349 1441 1381 1489; x_wconf 85' lang='lat'>15</span> 
     </span>
     <span class='ocr_line' id='line_1_11' title="bbox 741 1531 1083 1614; baseline 0.003 -20"><span class='ocrx_word' id='word_1_58' title='bbox 741 1542 915 1614; x_wconf 83' lang='grc' dir='ltr'><strong><em>γεγωνεῖν,</em></strong></span> <span class='ocrx_word' id='word_1_59' title='bbox 937 1539 996 1607; x_wconf 83' lang='grc' dir='ltr'>τᾶς</span> <span class='ocrx_word' id='word_1_60' title='bbox 1018 1531 1083 1595; x_wconf 85' lang='grc' dir='ltr'>άπο</span> 
     </span>
     <span class='ocr_line' id='line_1_12' title="bbox 101 1634 976 1722; baseline 0.006 -25"><span class='ocrx_word' id='word_1_61' title='bbox 101 1651 130 1697; x_wconf 84' lang='lat'>10</span> <span class='ocrx_word' id='word_1_62' title='bbox 185 1637 351 1722; x_wconf 74' lang='grc' dir='ltr'><strong><em>θεόμοροι</em></strong></span> <span class='ocrx_word' id='word_1_63' title='bbox 375 1634 520 1700; x_wconf 89' lang='grc' dir='ltr'><strong><em>νίσσοντ’</em></strong></span> <span class='ocrx_word' id='word_1_64' title='bbox 549 1634 599 1700; x_wconf 81' lang='grc' dir='ltr'>ἐπ’</span> <span class='ocrx_word' id='word_1_65' title='bbox 625 1635 827 1722; x_wconf 83' lang='grc' dir='ltr'><strong><em>ἀνθρώπους</em></strong></span> <span class='ocrx_word' id='word_1_66' title='bbox 849 1636 976 1721; x_wconf 83' lang='grc' dir='ltr'><strong><em>ολοιδαί,</em></strong></span> 
     </span>
    </p>
   </div>
   <div class='ocr_carea' id='block_1_4' title="bbox 143 1797 1381 2098">
    <p class='ocr_par' dir='ltr' id='par_1_4' title="bbox 143 1797 1381 2098">
     <span class='ocr_line' id='line_1_13' title="bbox 1157 1797 1292 1864; baseline 0.007 -1"><span class='ocrx_word' id='word_1_67' title='bbox 1157 1797 1222 1864; x_wconf 83' lang='grc' dir='ltr'>Ἐκ.</span> <span class='ocrx_word' id='word_1_68' title='bbox 1246 1798 1292 1864; x_wconf 86' lang='grc' dir='ltr'>α’.</span> 
     </span>
     <span class='ocr_line' id='line_1_14' title="bbox 143 1896 1381 2003; baseline 0.004 -36"><span class='ocrx_word' id='word_1_69' title='bbox 143 1996 147 2003; x_wconf 93' lang='lat'>.</span> <span class='ocrx_word' id='word_1_70' title='bbox 183 1896 211 1990; x_wconf 75' lang='grc' dir='ltr'><em>ᾧ</em></span> <span class='ocrx_word' id='word_1_71' title='bbox 236 1927 304 1968; x_wconf 89' lang='grc' dir='ltr'><strong><em>τινι</em></strong></span> <span class='ocrx_word' id='word_1_72' title='bbox 327 1906 476 1989; x_wconf 90' lang='grc' dir='ltr'><strong><em>κραίνων</em></strong></span> <span class='ocrx_word' id='word_1_73' title='bbox 500 1903 640 1988; x_wconf 80' lang='grc' dir='ltr'><strong><em>ἐφετμὰς</em></strong></span> <span class='ocrx_word' id='word_1_74' title='bbox 658 1901 838 1989; x_wconf 80' lang='grc' dir='ltr'><strong><em>Ἡρακλέος</em></strong></span> <span class='ocrx_word' id='word_1_75' title='bbox 862 1903 1038 1992; x_wconf 90' lang='grc' dir='ltr'><strong><em>προτέρας,</em></strong></span> <span class='ocrx_word' id='word_1_76' title='bbox 1346 1925 1381 1972; x_wconf 80' lang='lat'>20</span> 
     </span>
     <span class='ocr_line' id='line_1_15' title="bbox 186 2009 1216 2098; baseline 0.004 -24"><span class='ocrx_word' id='word_1_77' title='bbox 186 2009 327 2095; x_wconf 74' lang='grc' dir='ltr'><strong><em>ἀτρεκὴς</em></strong></span> <span class='ocrx_word' id='word_1_78' title='bbox 346 2009 579 2088; x_wconf 86' lang='grc' dir='ltr'><strong><em>Ἑλλανοδίκας</em></strong></span> <span class='ocrx_word' id='word_1_79' title='bbox 602 2012 779 2097; x_wconf 76' lang='grc' dir='ltr'><strong><em>γλεφάρων</em></strong></span> <span class='ocrx_word' id='word_1_80' title='bbox 802 2012 953 2089; x_wconf 82' lang='grc' dir='ltr'><strong><em>Αἰτωλὸς</em></strong></span> <span class='ocrx_word' id='word_1_81' title='bbox 976 2011 1060 2098; x_wconf 79' lang='grc' dir='ltr'><strong><em>ἀνὴρ</em></strong></span> <span class='ocrx_word' id='word_1_82' title='bbox 1083 2012 1216 2090; x_wconf 77' lang='grc' dir='ltr'><strong><em>ὑψόθεν</em></strong></span> 
     </span>
    </p>
   </div>
   <div class='ocr_carea' id='block_1_5' title="bbox 104 2236 1382 2525">
    <p class='ocr_par' dir='ltr' id='par_1_5' title="bbox 104 2236 1382 2525">
     <span class='ocr_line' id='line_1_16' title="bbox 170 2236 1382 2310; baseline 0.003 -18"><span class='ocrx_word' id='word_1_83' title='bbox 170 2246 195 2292; x_wconf 80' lang='grc'>4.</span> <span class='ocrx_word' id='word_1_84' title='bbox 215 2249 313 2310; x_wconf 71' lang='lat' dir='ltr'>pateas</span> <span class='ocrx_word' id='word_1_85' title='bbox 333 2239 358 2295; x_wconf 82' lang='grc'><em>0</em></span> <span class='ocrx_word' id='word_1_86' title='bbox 373 2271 406 2280; x_wconf 90' lang='grc'><em>-</em></span> <span class='ocrx_word' id='word_1_87' title='bbox 426 2247 450 2294; x_wconf 84' lang='lat'>4.</span> <span class='ocrx_word' id='word_1_88' title='bbox 470 2259 518 2309; x_wconf 84' lang='grc' dir='ltr'><strong><em>μοι</em></strong></span> <span class='ocrx_word' id='word_1_89' title='bbox 536 2236 690 2308; x_wconf 80' lang='grc' dir='ltr'><strong><em>παρεσταίη</em></strong></span> <span class='ocrx_word' id='word_1_90' title='bbox 710 2239 780 2295; x_wconf 86' lang='lat' dir='ltr'>coni.</span> <span class='ocrx_word' id='word_1_91' title='bbox 796 2239 903 2294; x_wconf 87' lang='lat' dir='ltr'>Neber:</span> <span class='ocrx_word' id='word_1_92' title='bbox 923 2260 971 2296; x_wconf 83' lang='grc' dir='ltr'>τοι</span> <span class='ocrx_word' id='word_1_93' title='bbox 986 2243 1052 2309; x_wconf 85' lang='grc' dir='ltr'><strong><em>(που</em></strong></span> <span class='ocrx_word' id='word_1_94' title='bbox 1067 2239 1120 2296; x_wconf 80' lang='lat'>011</span> <span class='ocrx_word' id='word_1_95' title='bbox 1139 2257 1203 2294; x_wconf 90' lang='lat' dir='ltr'>eum</span> <span class='ocrx_word' id='word_1_96' title='bbox 1219 2241 1243 2296; x_wconf 83' lang='grc'><em>0</em></span> <span class='ocrx_word' id='word_1_97' title='bbox 1257 2259 1382 2297; x_wconf 74' lang='lat' dir='ltr'>var-11</span> 
     </span>
     <span class='ocr_line' id='line_1_17' title="bbox 104 2307 1381 2384; baseline 0.005 -22"><span class='ocrx_word' id='word_1_98' title='bbox 104 2309 144 2363; x_wconf 89' lang='lat' dir='ltr'>bis</span> <span class='ocrx_word' id='word_1_99' title='bbox 162 2311 278 2381; x_wconf 81' lang='lat' dir='ltr'>habeat,</span> <span class='ocrx_word' id='word_1_100' title='bbox 297 2331 342 2366; x_wconf 91' lang='grc' dir='ltr'>τοι</span> <span class='ocrx_word' id='word_1_101' title='bbox 356 2312 396 2380; x_wconf 89' lang='lat' dir='ltr'>D)</span> <span class='ocrx_word' id='word_1_102' title='bbox 415 2311 540 2380; x_wconf 85' lang='grc' dir='ltr'><strong><em>παρέστα</em></strong></span> <span class='ocrx_word' id='word_1_103' title='bbox 559 2307 705 2381; x_wconf 85' lang='grc' dir='ltr'><strong><em>(παρέσται</em></strong></span> <span class='ocrx_word' id='word_1_104' title='bbox 719 2312 760 2380; x_wconf 90' lang='lat' dir='ltr'>D)</span> <span class='ocrx_word' id='word_1_105' title='bbox 780 2331 827 2381; x_wconf 88' lang='grc' dir='ltr'><strong><em>μοι</em></strong></span> <span class='ocrx_word' id='word_1_106' title='bbox 841 2312 902 2366; x_wconf 82' lang='lat' dir='ltr'>AB</span> <span class='ocrx_word' id='word_1_107' title='bbox 911 2312 973 2379; x_wconf 76' lang='lat' dir='ltr'>OD,</span> <span class='ocrx_word' id='word_1_108' title='bbox 992 2331 1035 2366; x_wconf 93' lang='grc' dir='ltr'>τοι</span> <span class='ocrx_word' id='word_1_109' title='bbox 1051 2309 1173 2380; x_wconf 85' lang='grc' dir='ltr'><strong><em>παρίστα</em></strong></span> <span class='ocrx_word' id='word_1_110' title='bbox 1188 2310 1323 2382; x_wconf 76' lang='grc' dir='ltr'><strong><em>(παρέστα</em></strong></span> <span class='ocrx_word' id='word_1_111' title='bbox 1338 2331 1381 2384; x_wconf 91' lang='lat' dir='ltr'>op.</span> 
     </span>
     <span class='ocr_line' id='line_1_18' title="bbox 106 2381 1382 2454; baseline 0.003 -20"><span class='ocrx_word' id='word_1_112' title='bbox 106 2401 120 2432; x_wconf 81' lang='lat' dir='ltr'>s·</span> <span class='ocrx_word' id='word_1_113' title='bbox 133 2387 179 2450; x_wconf 61' lang='lat' dir='ltr'>aar]</span> <span class='ocrx_word' id='word_1_114' title='bbox 199 2403 248 2452; x_wconf 86' lang='grc' dir='ltr'><strong><em>μοι</em></strong></span> <span class='ocrx_word' id='word_1_115' title='bbox 262 2383 377 2437; x_wconf 77' lang='lat' dir='ltr'>Roeclsh</span> <span class='ocrx_word' id='word_1_116' title='bbox 398 2415 428 2423; x_wconf 93' lang='lat'><em>—</em></span> <span class='ocrx_word' id='word_1_117' title='bbox 451 2388 473 2438; x_wconf 85' lang='grc'>7.</span> <span class='ocrx_word' id='word_1_118' title='bbox 494 2381 655 2452; x_wconf 82' lang='grc' dir='ltr'><strong><em>θεόδμητον</em></strong></span> <span class='ocrx_word' id='word_1_119' title='bbox 669 2383 736 2438; x_wconf 83' lang='lat' dir='ltr'>BG:</span> <span class='ocrx_word' id='word_1_120' title='bbox 755 2381 918 2454; x_wconf 85' lang='grc' dir='ltr'><strong><em>θεόδματον</em></strong></span> <span class='ocrx_word' id='word_1_121' title='bbox 931 2383 994 2438; x_wconf 83' lang='lat' dir='ltr'>AD</span> <span class='ocrx_word' id='word_1_122' title='bbox 1012 2414 1048 2424; x_wconf 94' lang='lat'>—</span> <span class='ocrx_word' id='word_1_123' title='bbox 1067 2389 1091 2439; x_wconf 85' lang='grc'>9.</span> <span class='ocrx_word' id='word_1_124' title='bbox 1110 2384 1207 2438; x_wconf 78' lang='grc' dir='ltr'><strong><em>παιδλι</em></strong></span> <span class='ocrx_word' id='word_1_125' title='bbox 1226 2383 1286 2452; x_wconf 72' lang='lat' dir='ltr'>adp</span> <span class='ocrx_word' id='word_1_126' title='bbox 1300 2386 1382 2439; x_wconf 87' lang='grc' dir='ltr'><strong><em>παιδλ</em></strong></span> 
     </span>
     <span class='ocr_line' id='line_1_19' title="bbox 105 2452 1382 2525; baseline 0.002 -18"><span class='ocrx_word' id='word_1_127' title='bbox 105 2455 140 2506; x_wconf 76' lang='grc' dir='ltr'>ΒΙ</span> <span class='ocrx_word' id='word_1_128' title='bbox 165 2485 196 2494; x_wconf 97' lang='grc'>-</span> <span class='ocrx_word' id='word_1_129' title='bbox 221 2452 397 2524; x_wconf 75' lang='grc' dir='ltr'><strong><em>πρεπόντωςι</em></strong></span> <span class='ocrx_word' id='word_1_130' title='bbox 424 2453 557 2523; x_wconf 77' lang='grc' dir='ltr'><strong><em>Θήρωνος</em></strong></span> <span class='ocrx_word' id='word_1_131' title='bbox 575 2455 603 2508; x_wconf 90' lang='grc' dir='ltr'><strong><em>Β</em></strong></span> <span class='ocrx_word' id='word_1_132' title='bbox 631 2486 664 2494; x_wconf 90' lang='grc'>-</span> <span class='ocrx_word' id='word_1_133' title='bbox 693 2461 717 2510; x_wconf 88' lang='grc'>9.</span> <span class='ocrx_word' id='word_1_134' title='bbox 741 2474 774 2524; x_wconf 89' lang='grc' dir='ltr'>με</span> <span class='ocrx_word' id='word_1_135' title='bbox 793 2464 927 2525; x_wconf 76' lang='grc' dir='ltr'><strong><em>γεγωνεῖν</em></strong></span> <span class='ocrx_word' id='word_1_136' title='bbox 946 2455 1025 2510; x_wconf 84' lang='lat' dir='ltr'>codd.</span> <span class='ocrx_word' id='word_1_137' title='bbox 1046 2456 1075 2509; x_wconf 79' lang='lat' dir='ltr'>el:</span> <span class='ocrx_word' id='word_1_138' title='bbox 1098 2454 1198 2523; x_wconf 78' lang='lat' dir='ltr'>schol,</span> <span class='ocrx_word' id='word_1_139' title='bbox 1218 2453 1231 2508; x_wconf 76' lang='lat' dir='ltr'>l</span> <span class='ocrx_word' id='word_1_140' title='bbox 1249 2465 1382 2525; x_wconf 82' lang='grc' dir='ltr'><strong><em>γεγωνεῖν</em></strong></span> 
     </span>
    </p>
   </div>
   <div class='ocr_carea' id='block_1_6' title="bbox 106 2524 1469 2598">
    <p class='ocr_par' dir='ltr' id='par_1_6' title="bbox 106 2524 1469 2598">
     <span class='ocr_line' id='line_1_20' title="bbox 106 2524 1469 2598; baseline 0.004 -21"><span class='ocrx_word' id='word_1_141' title='bbox 106 2524 170 2580; x_wconf 85' lang='lat' dir='ltr'>ceni.</span> <span class='ocrx_word' id='word_1_142' title='bbox 185 2526 325 2596; x_wconf 83' lang='lat' dir='ltr'>Hartung‚</span> <span class='ocrx_word' id='word_1_143' title='bbox 346 2544 379 2596; x_wconf 87' lang='grc' dir='ltr'>με</span> <span class='ocrx_word' id='word_1_144' title='bbox 398 2534 515 2596; x_wconf 85' lang='grc' dir='ltr'><strong><em>γεγωνεῑ</em></strong></span> <span class='ocrx_word' id='word_1_145' title='bbox 528 2525 598 2581; x_wconf 88' lang='lat' dir='ltr'>ceni.</span> <span class='ocrx_word' id='word_1_146' title='bbox 613 2525 699 2580; x_wconf 87' lang='lat' dir='ltr'>Pauw</span> <span class='ocrx_word' id='word_1_147' title='bbox 720 2559 751 2565; x_wconf 78' lang='lat'>—</span> <span class='ocrx_word' id='word_1_148' title='bbox 773 2532 812 2580; x_wconf 91' lang='lat'>10.</span> <span class='ocrx_word' id='word_1_149' title='bbox 832 2525 970 2596; x_wconf 84' lang='grc' dir='ltr'><strong><em>θεόμοροι</em></strong></span> <span class='ocrx_word' id='word_1_150' title='bbox 991 2528 1028 2581; x_wconf 79' lang='lat'>1¹:</span> <span class='ocrx_word' id='word_1_151' title='bbox 1048 2524 1197 2596; x_wconf 85' lang='grc' dir='ltr'><strong><em>θεόμσιροι</em></strong></span> <span class='ocrx_word' id='word_1_152' title='bbox 1211 2527 1334 2582; x_wconf 82' lang='lat' dir='ltr'>ABGD</span> <span class='ocrx_word' id='word_1_153' title='bbox 1347 2560 1381 2568; x_wconf 94' lang='lat'>—</span> <span class='ocrx_word' id='word_1_154' title='bbox 1467 2594 1469 2598; x_wconf 23' lang='grc' dir='ltr'>Ι</span> 
     </span>
    </p>
   </div>
   <div class='ocr_carea' id='block_1_7' title="bbox 108 2667 1383 4879">
    <p class='ocr_par' dir='ltr' id='par_1_7' title="bbox 108 2667 1383 4879">
     <span class='ocr_line' id='line_1_21' title="bbox 108 2667 1382 2738; baseline 0.003 -17"><span class='ocrx_word' id='word_1_155' title='bbox 108 2671 233 2736; x_wconf 79' lang='grc' dir='ltr'><strong><em>χρῆσθαι,</em></strong></span> <span class='ocrx_word' id='word_1_156' title='bbox 270 2668 432 2723; x_wconf 80' lang='lat' dir='ltr'>Theoxenis</span> <span class='ocrx_word' id='word_1_157' title='bbox 456 2670 551 2724; x_wconf 87' lang='lat' dir='ltr'>autem</span> <span class='ocrx_word' id='word_1_158' title='bbox 574 2667 631 2723; x_wconf 89' lang='lat' dir='ltr'>ista</span> <span class='ocrx_word' id='word_1_159' title='bbox 650 2685 731 2722; x_wconf 87' lang='lat' dir='ltr'>saera</span> <span class='ocrx_word' id='word_1_160' title='bbox 749 2668 914 2738; x_wconf 78' lang='lat' dir='ltr'>audiebant,</span> <span class='ocrx_word' id='word_1_161' title='bbox 933 2668 1057 2738; x_wconf 86' lang='lat' dir='ltr'>quadiu</span> <span class='ocrx_word' id='word_1_162' title='bbox 1075 2667 1111 2723; x_wconf 90' lang='lat' dir='ltr'>iis</span> <span class='ocrx_word' id='word_1_163' title='bbox 1129 2684 1227 2723; x_wconf 88' lang='lat' dir='ltr'>mensa</span> <span class='ocrx_word' id='word_1_164' title='bbox 1245 2672 1275 2723; x_wconf 89' lang='lat' dir='ltr'>et</span> <span class='ocrx_word' id='word_1_165' title='bbox 1292 2669 1382 2725; x_wconf 90' lang='lat' dir='ltr'>lectus</span> 
     </span>
     <span class='ocr_line' id='line_1_22' title="bbox 108 2738 1382 2810; baseline 0.005 -20"><span class='ocrx_word' id='word_1_166' title='bbox 108 2740 298 2794; x_wconf 75' lang='lat' dir='ltr'>sternebantur</span> <span class='ocrx_word' id='word_1_167' title='bbox 318 2739 519 2809; x_wconf 79' lang='lat' dir='ltr'>(lectisternia),</span> <span class='ocrx_word' id='word_1_168' title='bbox 539 2743 571 2793; x_wconf 91' lang='lat' dir='ltr'>ut</span> <span class='ocrx_word' id='word_1_169' title='bbox 589 2739 638 2807; x_wconf 87' lang='lat' dir='ltr'>dii,</span> <span class='ocrx_word' id='word_1_170' title='bbox 653 2757 722 2808; x_wconf 90' lang='lat' dir='ltr'>quos</span> <span class='ocrx_word' id='word_1_171' title='bbox 737 2739 882 2794; x_wconf 89' lang='lat' dir='ltr'>hominum</span> <span class='ocrx_word' id='word_1_172' title='bbox 897 2745 1008 2795; x_wconf 88' lang='lat' dir='ltr'>coetum</span> <span class='ocrx_word' id='word_1_173' title='bbox 1022 2743 1051 2794; x_wconf 88' lang='lat' dir='ltr'>et</span> <span class='ocrx_word' id='word_1_174' title='bbox 1064 2738 1289 2810; x_wconf 75' lang='lat' dir='ltr'>hospitalitatem</span> <span class='ocrx_word' id='word_1_175' title='bbox 1303 2741 1382 2796; x_wconf 88' lang='lat' dir='ltr'>haud</span> 
     </span>
     <span class='ocr_line' id='line_1_23' title="bbox 108 2811 1382 2882; baseline 0.006 -22"><span class='ocrx_word' id='word_1_176' title='bbox 108 2827 231 2879; x_wconf 87' lang='lat' dir='ltr'>spernere</span> <span class='ocrx_word' id='word_1_177' title='bbox 245 2811 407 2879; x_wconf 88' lang='lat' dir='ltr'>credebant,</span> <span class='ocrx_word' id='word_1_178' title='bbox 422 2811 568 2882; x_wconf 89' lang='lat' dir='ltr'>epularum</span> <span class='ocrx_word' id='word_1_179' title='bbox 583 2814 612 2865; x_wconf 91' lang='lat' dir='ltr'>et</span> <span class='ocrx_word' id='word_1_180' title='bbox 626 2811 748 2865; x_wconf 86' lang='lat' dir='ltr'>convivii</span> <span class='ocrx_word' id='word_1_181' title='bbox 763 2815 906 2866; x_wconf 78' lang='lat' dir='ltr'>consortes</span> <span class='ocrx_word' id='word_1_182' title='bbox 920 2813 1026 2867; x_wconf 87' lang='lat' dir='ltr'>fierent.</span> <span class='ocrx_word' id='word_1_183' title='bbox 1057 2811 1137 2865; x_wconf 89' lang='lat' dir='ltr'>Hanc</span> <span class='ocrx_word' id='word_1_184' title='bbox 1152 2813 1382 2868; x_wconf 89' lang='lat' dir='ltr'>consuetudinem</span> 
     </span>
     <span class='ocr_line' id='line_1_24' title="bbox 108 2881 1380 2952; baseline 0.004 -18"><span class='ocrx_word' id='word_1_185' title='bbox 108 2885 132 2934; x_wconf 83' lang='lat' dir='ltr'>et</span> <span class='ocrx_word' id='word_1_186' title='bbox 154 2882 291 2937; x_wconf 85' lang='lat' dir='ltr'>Pindarus</span> <span class='ocrx_word' id='word_1_187' title='bbox 316 2882 346 2936; x_wconf 94' lang='grc'>0.</span> <span class='ocrx_word' id='word_1_188' title='bbox 367 2901 398 2935; x_wconf 87' lang='lat' dir='ltr'>m</span> <span class='ocrx_word' id='word_1_189' title='bbox 417 2899 450 2938; x_wconf 83' lang='lat' dir='ltr'>aa.</span> <span class='ocrx_word' id='word_1_190' title='bbox 470 2883 505 2936; x_wconf 86' lang='lat' dir='ltr'>N.</span> <span class='ocrx_word' id='word_1_191' title='bbox 525 2901 542 2936; x_wconf 82' lang='lat' dir='ltr'>x</span> <span class='ocrx_word' id='word_1_192' title='bbox 560 2900 587 2938; x_wconf 82' lang='grc' dir='ltr'><strong><em>ιο</em></strong></span> <span class='ocrx_word' id='word_1_193' title='bbox 605 2883 721 2952; x_wconf 77' lang='lat' dir='ltr'>respicit</span> <span class='ocrx_word' id='word_1_194' title='bbox 744 2885 774 2937; x_wconf 90' lang='lat' dir='ltr'>et</span> <span class='ocrx_word' id='word_1_195' title='bbox 797 2881 903 2937; x_wconf 80' lang='lat' dir='ltr'>similes</span> <span class='ocrx_word' id='word_1_196' title='bbox 926 2883 983 2938; x_wconf 84' lang='lat' dir='ltr'>loci</span> <span class='ocrx_word' id='word_1_197' title='bbox 1005 2883 1107 2938; x_wconf 88' lang='lat' dir='ltr'>Herod.</span> <span class='ocrx_word' id='word_1_198' title='bbox 1126 2901 1155 2936; x_wconf 80' lang='lat' dir='ltr'>vr</span> <span class='ocrx_word' id='word_1_199' title='bbox 1174 2899 1212 2938; x_wconf 78' lang='grc' dir='ltr'>ιιι</span> <span class='ocrx_word' id='word_1_200' title='bbox 1232 2885 1261 2937; x_wconf 90' lang='lat' dir='ltr'>et</span> <span class='ocrx_word' id='word_1_201' title='bbox 1280 2884 1380 2939; x_wconf 84' lang='lat' dir='ltr'>Athen.</span> 
     </span>
     <span class='ocr_line' id='line_1_25' title="bbox 109 2953 1381 3023; baseline 0.005 -19"><span class='ocrx_word' id='word_1_202' title='bbox 109 2971 132 3003; x_wconf 82' lang='lat' dir='ltr'>rs</span> <span class='ocrx_word' id='word_1_203' title='bbox 145 2973 171 3022; x_wconf 92' lang='lat' dir='ltr'>p.</span> <span class='ocrx_word' id='word_1_204' title='bbox 186 2970 224 3008; x_wconf 79' lang='lat' dir='ltr'>iss</span> <span class='ocrx_word' id='word_1_205' title='bbox 238 2981 251 3008; x_wconf 72' lang='grc' dir='ltr'>ε</span> <span class='ocrx_word' id='word_1_206' title='bbox 268 2969 378 3008; x_wconf 86' lang='lat' dir='ltr'>necnon</span> <span class='ocrx_word' id='word_1_207' title='bbox 396 2953 593 3023; x_wconf 83' lang='lat' dir='ltr'>inscriptiones</span> <span class='ocrx_word' id='word_1_208' title='bbox 612 2954 737 3023; x_wconf 86' lang='lat' dir='ltr'>artisque</span> <span class='ocrx_word' id='word_1_209' title='bbox 756 2958 939 3008; x_wconf 87' lang='lat' dir='ltr'>monumenta</span> <span class='ocrx_word' id='word_1_210' title='bbox 958 2956 1137 3022; x_wconf 87' lang='lat' dir='ltr'>confirmant,</span> <span class='ocrx_word' id='word_1_211' title='bbox 1156 2953 1295 3022; x_wconf 87' lang='lat' dir='ltr'>quibusda</span> <span class='ocrx_word' id='word_1_212' title='bbox 1317 2973 1381 3010; x_wconf 90' lang='lat' dir='ltr'>eon-</span> 
     </span>
     <span class='ocr_line' id='line_1_26' title="bbox 109 3023 1381 3096; baseline 0.006 -21"><span class='ocrx_word' id='word_1_213' title='bbox 109 3023 175 3079; x_wconf 81' lang='lat' dir='ltr'>ferre</span> <span class='ocrx_word' id='word_1_214' title='bbox 193 3025 274 3080; x_wconf 81' lang='lat' dir='ltr'>iurat</span> <span class='ocrx_word' id='word_1_215' title='bbox 287 3024 530 3096; x_wconf 73' lang='lat' dir='ltr'>Furtwtnglerum</span> <span class='ocrx_word' id='word_1_216' title='bbox 544 3025 573 3079; x_wconf 91' lang='lat' dir='ltr'>in</span> <span class='ocrx_word' id='word_1_217' title='bbox 587 3025 721 3080; x_wconf 81' lang='lat' dir='ltr'>Rascheri</span> <span class='ocrx_word' id='word_1_218' title='bbox 735 3026 800 3080; x_wconf 83' lang='lat' dir='ltr'>Lex.</span> <span class='ocrx_word' id='word_1_219' title='bbox 815 3026 933 3096; x_wconf 85' lang='lat' dir='ltr'>mythol.</span> <span class='ocrx_word' id='word_1_220' title='bbox 947 3046 958 3078; x_wconf 91' lang='lat'><em>1</em></span> <span class='ocrx_word' id='word_1_221' title='bbox 973 3041 1024 3081; x_wconf 84' lang='lat' dir='ltr'>ner</span> <span class='ocrx_word' id='word_1_222' title='bbox 1039 3043 1070 3093; x_wconf 84' lang='lat' dir='ltr'>s,</span> <span class='ocrx_word' id='word_1_223' title='bbox 1085 3028 1115 3080; x_wconf 89' lang='lat' dir='ltr'>et</span> <span class='ocrx_word' id='word_1_224' title='bbox 1128 3025 1264 3095; x_wconf 69' lang='lat' dir='ltr'>drusium,</span> <span class='ocrx_word' id='word_1_225' title='bbox 1279 3027 1381 3082; x_wconf 86' lang='lat' dir='ltr'>Philel.</span> 
     </span>
     <span class='ocr_line' id='line_1_27' title="bbox 111 3095 1382 3169; baseline 0.002 -20"><span class='ocrx_word' id='word_1_226' title='bbox 111 3111 141 3162; x_wconf 80' lang='lat' dir='ltr'>rs,</span> <span class='ocrx_word' id='word_1_227' title='bbox 155 3112 188 3151; x_wconf 84' lang='lat' dir='ltr'>ae.</span> <span class='ocrx_word' id='word_1_228' title='bbox 205 3113 250 3153; x_wconf 82' lang='lat' dir='ltr'>rsa.</span> <span class='ocrx_word' id='word_1_229' title='bbox 283 3095 412 3151; x_wconf 88' lang='lat' dir='ltr'>Ceterum</span> <span class='ocrx_word' id='word_1_230' title='bbox 431 3099 498 3150; x_wconf 88' lang='lat' dir='ltr'>ficta</span> <span class='ocrx_word' id='word_1_231' title='bbox 517 3114 577 3152; x_wconf 89' lang='lat' dir='ltr'>esse</span> <span class='ocrx_word' id='word_1_232' title='bbox 595 3096 735 3167; x_wconf 85' lang='lat' dir='ltr'>videntur,</span> <span class='ocrx_word' id='word_1_233' title='bbox 754 3114 827 3166; x_wconf 89' lang='lat' dir='ltr'>quae</span> <span class='ocrx_word' id='word_1_234' title='bbox 846 3097 1026 3164; x_wconf 83' lang='lat' dir='ltr'>scholiastae,</span> <span class='ocrx_word' id='word_1_235' title='bbox 1045 3114 1095 3150; x_wconf 91' lang='lat' dir='ltr'>cur</span> <span class='ocrx_word' id='word_1_236' title='bbox 1108 3097 1276 3152; x_wconf 84' lang='lat' dir='ltr'>Theoxeniis</span> <span class='ocrx_word' id='word_1_237' title='bbox 1295 3099 1382 3169; x_wconf 88' lang='lat' dir='ltr'>potis-</span> 
     </span>
     <span class='ocr_line' id='line_1_28' title="bbox 112 3167 1382 3239; baseline 0.006 -22"><span class='ocrx_word' id='word_1_238' title='bbox 112 3167 207 3220; x_wconf 82' lang='lat' dir='ltr'>simum</span> <span class='ocrx_word' id='word_1_239' title='bbox 225 3167 374 3222; x_wconf 75' lang='lat' dir='ltr'>victoriam</span> <span class='ocrx_word' id='word_1_240' title='bbox 392 3167 483 3223; x_wconf 81' lang='lat' dir='ltr'>Thero</span> <span class='ocrx_word' id='word_1_241' title='bbox 503 3167 701 3223; x_wconf 86' lang='lat' dir='ltr'>celebrandam</span> <span class='ocrx_word' id='word_1_242' title='bbox 724 3169 877 3238; x_wconf 82' lang='lat' dir='ltr'>curaverit,</span> <span class='ocrx_word' id='word_1_243' title='bbox 901 3169 1053 3223; x_wconf 85' lang='lat' dir='ltr'>memoriae</span> <span class='ocrx_word' id='word_1_244' title='bbox 1075 3167 1211 3239; x_wconf 88' lang='lat' dir='ltr'>produnt;</span> <span class='ocrx_word' id='word_1_245' title='bbox 1235 3167 1284 3223; x_wconf 90' lang='lat' dir='ltr'>isti</span> <span class='ocrx_word' id='word_1_246' title='bbox 1307 3169 1382 3224; x_wconf 91' lang='lat' dir='ltr'>enim</span> 
     </span>
     <span class='ocr_line' id='line_1_29' title="bbox 110 3238 1381 3310; baseline 0.002 -19"><span class='ocrx_word' id='word_1_247' title='bbox 110 3255 159 3304; x_wconf 80' lang='lat' dir='ltr'>que</span> <span class='ocrx_word' id='word_1_248' title='bbox 183 3241 307 3309; x_wconf 89' lang='lat' dir='ltr'>ternpore</span> <span class='ocrx_word' id='word_1_249' title='bbox 334 3238 424 3294; x_wconf 88' lang='lat' dir='ltr'>Thero</span> <span class='ocrx_word' id='word_1_250' title='bbox 450 3239 593 3294; x_wconf 89' lang='lat' dir='ltr'>Dioscuris</span> <span class='ocrx_word' id='word_1_251' title='bbox 622 3257 702 3294; x_wconf 90' lang='lat' dir='ltr'>sacra</span> <span class='ocrx_word' id='word_1_252' title='bbox 726 3240 833 3294; x_wconf 85' lang='lat' dir='ltr'>faceret</span> <span class='ocrx_word' id='word_1_253' title='bbox 859 3257 962 3309; x_wconf 89' lang='lat' dir='ltr'>eosque</span> <span class='ocrx_word' id='word_1_254' title='bbox 988 3240 1024 3293; x_wconf 91' lang='lat' dir='ltr'>ad</span> <span class='ocrx_word' id='word_1_255' title='bbox 1053 3239 1215 3294; x_wconf 80' lang='lat' dir='ltr'>Theoxenis</span> <span class='ocrx_word' id='word_1_256' title='bbox 1238 3239 1381 3310; x_wconf 84' lang='lat' dir='ltr'>invitaret,</span> 
     </span>
     <span class='ocr_line' id='line_1_30' title="bbox 111 3307 1382 3380; baseline 0.006 -20"><span class='ocrx_word' id='word_1_257' title='bbox 111 3307 232 3363; x_wconf 76' lang='lat' dir='ltr'>uunhum</span> <span class='ocrx_word' id='word_1_258' title='bbox 250 3310 387 3365; x_wconf 81' lang='lat' dir='ltr'>victoriae</span> <span class='ocrx_word' id='word_1_259' title='bbox 407 3309 527 3365; x_wconf 89' lang='lat' dir='ltr'>allatum</span> <span class='ocrx_word' id='word_1_260' title='bbox 546 3327 606 3366; x_wconf 89' lang='lat' dir='ltr'>esse</span> <span class='ocrx_word' id='word_1_261' title='bbox 625 3311 809 3366; x_wconf 87' lang='lat' dir='ltr'>hariolantur.</span> <span class='ocrx_word' id='word_1_262' title='bbox 835 3343 868 3351; x_wconf 97' lang='lat'><strong>—</strong></span> <span class='ocrx_word' id='word_1_263' title='bbox 893 3317 917 3367; x_wconf 80' lang='lat'>3.</span> <span class='ocrx_word' id='word_1_264' title='bbox 938 3311 1038 3366; x_wconf 86' lang='lat' dir='ltr'>schol:</span> <span class='ocrx_word' id='word_1_265' title='bbox 1057 3311 1089 3365; x_wconf 80' lang='grc' dir='ltr'><strong><em>ιδ</em></strong></span> <span class='ocrx_word' id='word_1_266' title='bbox 1108 3309 1140 3366; x_wconf 80' lang='grc' dir='ltr'>δὲ</span> <span class='ocrx_word' id='word_1_267' title='bbox 1160 3309 1382 3380; x_wconf 68' lang='lat' dir='ltr'>deterreretur</span> 
     </span>
     <span class='ocr_line' id='line_1_31' title="bbox 111 3380 1383 3453; baseline 0.004 -20"><span class='ocrx_word' id='word_1_268' title='bbox 111 3383 273 3452; x_wconf 80' lang='grc' dir='ltr'><strong><em>μετενεγκὼν</em></strong></span> <span class='ocrx_word' id='word_1_269' title='bbox 301 3383 359 3435; x_wconf 84' lang='grc' dir='ltr'>άπὸ</span> <span class='ocrx_word' id='word_1_270' title='bbox 386 3380 544 3452; x_wconf 88' lang='grc' dir='ltr'><strong><em>τιθεμένων</em></strong></span> <span class='ocrx_word' id='word_1_271' title='bbox 567 3381 782 3452; x_wconf 79' lang='grc' dir='ltr'><strong><em>άνδριάντωνῆ</em></strong></span> <span class='ocrx_word' id='word_1_272' title='bbox 806 3382 985 3453; x_wconf 77' lang='grc' dir='ltr'><strong><em>ἀγαλμάτιον·</em></strong></span> <span class='ocrx_word' id='word_1_273' title='bbox 1015 3383 1049 3438; x_wconf 85' lang='lat' dir='ltr'>cf.</span> <span class='ocrx_word' id='word_1_274' title='bbox 1069 3382 1089 3436; x_wconf 92' lang='grc' dir='ltr'>Ι.</span> <span class='ocrx_word' id='word_1_275' title='bbox 1109 3401 1119 3434; x_wconf 91' lang='lat'>1</span> <span class='ocrx_word' id='word_1_276' title='bbox 1137 3398 1176 3448; x_wconf 85' lang='grc' dir='ltr'><strong><em>ιο;</em></strong></span> <span class='ocrx_word' id='word_1_277' title='bbox 1205 3382 1259 3436; x_wconf 89' lang='lat' dir='ltr'>hac</span> <span class='ocrx_word' id='word_1_278' title='bbox 1287 3386 1383 3438; x_wconf 88' lang='lat' dir='ltr'>autem</span> 
     </span>
     <span class='ocr_line' id='line_1_32' title="bbox 113 3453 1382 3526; baseline 0.005 -23"><span class='ocrx_word' id='word_1_279' title='bbox 113 3453 269 3522; x_wconf 84' lang='lat' dir='ltr'>metaphora</span> <span class='ocrx_word' id='word_1_280' title='bbox 293 3456 327 3506; x_wconf 91' lang='lat' dir='ltr'>ut</span> <span class='ocrx_word' id='word_1_281' title='bbox 350 3455 489 3522; x_wconf 84' lang='lat' dir='ltr'>uteretur,</span> <span class='ocrx_word' id='word_1_282' title='bbox 513 3470 546 3508; x_wconf 90' lang='lat' dir='ltr'>eo</span> <span class='ocrx_word' id='word_1_283' title='bbox 568 3455 659 3526; x_wconf 78' lang='lat' dir='ltr'>magis</span> <span class='ocrx_word' id='word_1_284' title='bbox 678 3454 801 3508; x_wconf 89' lang='lat' dir='ltr'>Pindaro</span> <span class='ocrx_word' id='word_1_285' title='bbox 820 3454 849 3508; x_wconf 91' lang='lat' dir='ltr'>in</span> <span class='ocrx_word' id='word_1_286' title='bbox 868 3457 999 3524; x_wconf 89' lang='lat' dir='ltr'>promptu</span> <span class='ocrx_word' id='word_1_287' title='bbox 1019 3457 1089 3522; x_wconf 89' lang='lat' dir='ltr'>erat,</span> <span class='ocrx_word' id='word_1_288' title='bbox 1108 3453 1183 3523; x_wconf 88' lang='lat' dir='ltr'>quod</span> <span class='ocrx_word' id='word_1_289' title='bbox 1203 3454 1291 3509; x_wconf 90' lang='lat' dir='ltr'>etiam</span> <span class='ocrx_word' id='word_1_290' title='bbox 1309 3455 1382 3509; x_wconf 88' lang='lat' dir='ltr'>alias</span> 
     </span>
     <span class='ocr_line' id='line_1_33' title="bbox 114 3521 1381 3596; baseline 0.006 -22"><span class='ocrx_word' id='word_1_291' title='bbox 114 3521 150 3588; x_wconf 64' lang='lat' dir='ltr'>gil.</span> <span class='ocrx_word' id='word_1_292' title='bbox 165 3543 181 3576; x_wconf 89' lang='lat' dir='ltr'>v</span> <span class='ocrx_word' id='word_1_293' title='bbox 194 3523 240 3592; x_wconf 85' lang='lat' dir='ltr'>in.)</span> <span class='ocrx_word' id='word_1_294' title='bbox 256 3539 371 3578; x_wconf 89' lang='lat' dir='ltr'>carmen</span> <span class='ocrx_word' id='word_1_295' title='bbox 389 3525 541 3595; x_wconf 90' lang='lat' dir='ltr'>epinicium</span> <span class='ocrx_word' id='word_1_296' title='bbox 561 3527 672 3580; x_wconf 85' lang='lat' dir='ltr'>statuae</span> <span class='ocrx_word' id='word_1_297' title='bbox 691 3525 721 3579; x_wconf 92' lang='lat' dir='ltr'>in</span> <span class='ocrx_word' id='word_1_298' title='bbox 739 3525 874 3580; x_wconf 91' lang='lat' dir='ltr'>honorem</span> <span class='ocrx_word' id='word_1_299' title='bbox 892 3525 1008 3580; x_wconf 80' lang='lat' dir='ltr'>victoris</span> <span class='ocrx_word' id='word_1_300' title='bbox 1027 3524 1137 3596; x_wconf 87' lang='lat' dir='ltr'>positae</span> <span class='ocrx_word' id='word_1_301' title='bbox 1156 3527 1332 3596; x_wconf 83' lang='lat' dir='ltr'>comparavit</span> <span class='ocrx_word' id='word_1_302' title='bbox 1349 3558 1381 3567; x_wconf 53' lang='grc' dir='ltr'>κ-</span> 
     </span>
     <span class='ocr_line' id='line_1_34' title="bbox 112 3593 1383 3668; baseline 0.007 -24"><span class='ocrx_word' id='word_1_303' title='bbox 112 3600 132 3646; x_wconf 77' lang='lat' dir='ltr'>l.</span> <span class='ocrx_word' id='word_1_304' title='bbox 158 3593 235 3649; x_wconf 77' lang='grc' dir='ltr'><strong><em>οὕτω·</em></strong></span> <span class='ocrx_word' id='word_1_305' title='bbox 263 3596 317 3664; x_wconf 86' lang='lat' dir='ltr'>sic,</span> <span class='ocrx_word' id='word_1_306' title='bbox 343 3595 368 3650; x_wconf 88' lang='lat' dir='ltr'>si</span> <span class='ocrx_word' id='word_1_307' title='bbox 391 3597 577 3667; x_wconf 82' lang='lat' dir='ltr'>Agrigentum</span> <span class='ocrx_word' id='word_1_308' title='bbox 603 3600 688 3666; x_wconf 88' lang='lat' dir='ltr'>atque</span> <span class='ocrx_word' id='word_1_309' title='bbox 712 3597 869 3652; x_wconf 87' lang='lat' dir='ltr'>Theronem</span> <span class='ocrx_word' id='word_1_310' title='bbox 891 3597 1082 3667; x_wconf 88' lang='lat' dir='ltr'>praedicando</span> <span class='ocrx_word' id='word_1_311' title='bbox 1105 3596 1275 3665; x_wconf 83' lang='lat' dir='ltr'>Tyndaridis</span> <span class='ocrx_word' id='word_1_312' title='bbox 1298 3601 1383 3668; x_wconf 78' lang='lat' dir='ltr'>grata</span> 
     </span>
     <span class='ocr_line' id='line_1_35' title="bbox 113 3665 1381 3751; baseline 0.007 -36"><span class='ocrx_word' id='word_1_313' title='bbox 113 3665 226 3721; x_wconf 84' lang='lat' dir='ltr'>lactarus</span> <span class='ocrx_word' id='word_1_314' title='bbox 241 3679 312 3736; x_wconf 81' lang='lat' dir='ltr'>sum,</span> <span class='ocrx_word' id='word_1_315' title='bbox 331 3671 364 3720; x_wconf 90' lang='lat' dir='ltr'>ut</span> <span class='ocrx_word' id='word_1_316' title='bbox 378 3684 462 3738; x_wconf 88' lang='lat' dir='ltr'>saepe</span> <span class='ocrx_word' id='word_1_317' title='bbox 481 3671 612 3738; x_wconf 88' lang='lat' dir='ltr'>optantes</span> <span class='ocrx_word' id='word_1_318' title='bbox 630 3667 778 3751; x_wconf 82' lang='lat' dir='ltr'>particulis</span> <span class='ocrx_word' id='word_1_319' title='bbox 798 3667 870 3723; x_wconf 79' lang='grc' dir='ltr'><strong><em>οὕτω</em></strong></span> <span class='ocrx_word' id='word_1_320' title='bbox 889 3671 976 3724; x_wconf 82' lang='lat' dir='ltr'>etsie</span> <span class='ocrx_word' id='word_1_321' title='bbox 994 3671 1112 3722; x_wconf 87' lang='lat' dir='ltr'>utuntur</span> <span class='ocrx_word' id='word_1_322' title='bbox 1131 3700 1164 3708; x_wconf 92' lang='lat'>—</span> <span class='ocrx_word' id='word_1_323' title='bbox 1184 3674 1208 3724; x_wconf 81' lang='lat'>5.</span> <span class='ocrx_word' id='word_1_324' title='bbox 1230 3669 1344 3751; x_wconf 68' lang='grc' dir='ltr'><strong><em>Δωρίχα.</em></strong></span> <span class='ocrx_word' id='word_1_325' title='bbox 1357 3713 1381 3725; x_wconf 91' lang='grc'>..</span> 
     </span>
     <span class='ocr_line' id='line_1_36' title="bbox 113 3735 1381 3810; baseline 0.005 -23"><span class='ocrx_word' id='word_1_326' title='bbox 113 3735 206 3810; x_wconf 79' lang='grc' dir='ltr'><strong><em>πεδίλῳ</em></strong></span> <span class='ocrx_word' id='word_1_327' title='bbox 224 3737 355 3794; x_wconf 88' lang='lat' dir='ltr'>Doricam</span> <span class='ocrx_word' id='word_1_328' title='bbox 374 3739 550 3794; x_wconf 89' lang='lat' dir='ltr'>harmoniam</span> <span class='ocrx_word' id='word_1_329' title='bbox 568 3757 737 3794; x_wconf 79' lang='lat' dir='ltr'>musicorum</span> <span class='ocrx_word' id='word_1_330' title='bbox 756 3741 903 3794; x_wconf 89' lang='lat' dir='ltr'>modorum</span> <span class='ocrx_word' id='word_1_331' title='bbox 921 3737 1041 3809; x_wconf 84' lang='grc' dir='ltr'><strong><em>(μέλους)</em></strong></span> <span class='ocrx_word' id='word_1_332' title='bbox 1060 3742 1146 3810; x_wconf 89' lang='lat' dir='ltr'>poeta</span> <span class='ocrx_word' id='word_1_333' title='bbox 1164 3739 1285 3807; x_wconf 81' lang='lat' dir='ltr'>indicat3</span> <span class='ocrx_word' id='word_1_334' title='bbox 1303 3741 1381 3795; x_wconf 80' lang='lat' dir='ltr'>adem</span> 
     </span>
     <span class='ocr_line' id='line_1_37' title="bbox 114 3809 1382 3936; baseline 0.004 -76"><span class='ocrx_word' id='word_1_335' title='bbox 114 3825 249 3875; x_wconf 81' lang='lat' dir='ltr'>gressusne</span> <span class='ocrx_word' id='word_1_336' title='bbox 268 3811 466 3865; x_wconf 85' lang='lat' dir='ltr'>choreutarum</span> <span class='ocrx_word' id='word_1_337' title='bbox 485 3809 578 3936; x_wconf 66' lang='grc' dir='ltr'><strong><em>(χλάσιν</em></strong></span> <span class='ocrx_word' id='word_1_338' title='bbox 600 3811 697 3882; x_wconf 89' lang='lat' dir='ltr'>schol.)</span> <span class='ocrx_word' id='word_1_339' title='bbox 717 3828 754 3866; x_wconf 87' lang='lat' dir='ltr'>an</span> <span class='ocrx_word' id='word_1_340' title='bbox 772 3811 897 3865; x_wconf 86' lang='lat' dir='ltr'>calceum</span> <span class='ocrx_word' id='word_1_341' title='bbox 916 3811 983 3882; x_wconf 85' lang='lat' dir='ltr'>pedi</span> <span class='ocrx_word' id='word_1_342' title='bbox 1001 3810 1243 3865; x_wconf 88' lang='lat' dir='ltr'>accommodatum</span> <span class='ocrx_word' id='word_1_343' title='bbox 1262 3828 1382 3893; x_wconf 84' lang='lat' dir='ltr'>eumque</span> 
     </span>
     <span class='ocr_line' id='line_1_38' title="bbox 115 3880 1381 3953; baseline 0.005 -24"><span class='ocrx_word' id='word_1_344' title='bbox 115 3881 245 3935; x_wconf 79' lang='lat' dir='ltr'>commode</span> <span class='ocrx_word' id='word_1_345' title='bbox 263 3880 447 3951; x_wconf 87' lang='lat' dir='ltr'>recipientem</span> <span class='ocrx_word' id='word_1_346' title='bbox 466 3899 484 3936; x_wconf 91' lang='lat' dir='ltr'>a</span> <span class='ocrx_word' id='word_1_347' title='bbox 505 3881 673 3950; x_wconf 86' lang='lat' dir='ltr'>significarit</span> <span class='ocrx_word' id='word_1_348' title='bbox 691 3883 851 3953; x_wconf 89' lang='lat' dir='ltr'>quaeritur;</span> <span class='ocrx_word' id='word_1_349' title='bbox 875 3882 958 3937; x_wconf 85' lang='lat' dir='ltr'>alteri</span> <span class='ocrx_word' id='word_1_350' title='bbox 977 3900 992 3936; x_wconf 92' lang='lat' dir='ltr'>e</span> <span class='ocrx_word' id='word_1_351' title='bbox 1030 3880 1159 3936; x_wconf 88' lang='lat' dir='ltr'>licationi</span> <span class='ocrx_word' id='word_1_352' title='bbox 1177 3883 1257 3936; x_wconf 77' lang='lat' dir='ltr'>favet</span> <span class='ocrx_word' id='word_1_353' title='bbox 1279 3881 1381 3936; x_wconf 83' lang='lat' dir='ltr'>simrlis</span> 
     </span>
     <span class='ocr_line' id='line_1_39' title="bbox 114 3947 1381 4026; baseline 0.006 -27"><span class='ocrx_word' id='word_1_354' title='bbox 114 3947 183 4004; x_wconf 83' lang='lat' dir='ltr'>lesus</span> <span class='ocrx_word' id='word_1_355' title='bbox 197 3951 226 4007; x_wconf 93' lang='grc'>0.</span> <span class='ocrx_word' id='word_1_356' title='bbox 240 3971 267 4005; x_wconf 88' lang='lat' dir='ltr'>vr</span> <span class='ocrx_word' id='word_1_357' title='bbox 281 3969 303 4021; x_wconf 86' lang='lat' dir='ltr'>s,</span> <span class='ocrx_word' id='word_1_358' title='bbox 318 3952 352 4008; x_wconf 84' lang='lat' dir='ltr'>ef.</span> <span class='ocrx_word' id='word_1_359' title='bbox 368 3953 388 4008; x_wconf 94' lang='grc' dir='ltr'>Ι.</span> <span class='ocrx_word' id='word_1_360' title='bbox 404 3973 413 4006; x_wconf 91' lang='lat'>1</span> <span class='ocrx_word' id='word_1_361' title='bbox 430 3970 454 4008; x_wconf 83' lang='lat' dir='ltr'>re</span> <span class='ocrx_word' id='word_1_362' title='bbox 474 3985 506 3994; x_wconf 96' lang='lat'>-</span> <span class='ocrx_word' id='word_1_363' title='bbox 527 3959 542 4006; x_wconf 88' lang='grc'><strong>6</strong></span> <span class='ocrx_word' id='word_1_364' title='bbox 562 3957 591 4008; x_wconf 90' lang='lat' dir='ltr'>et</span> <span class='ocrx_word' id='word_1_365' title='bbox 609 3959 633 4008; x_wconf 83' lang='grc'>9,</span> <span class='ocrx_word' id='word_1_366' title='bbox 652 3953 811 4025; x_wconf 85' lang='lat' dir='ltr'>particulae</span> <span class='ocrx_word' id='word_1_367' title='bbox 828 3953 880 4026; x_wconf 76' lang='grc' dir='ltr'>μὲν</span> <span class='ocrx_word' id='word_1_368' title='bbox 895 3955 924 4009; x_wconf 89' lang='lat' dir='ltr'>et</span> <span class='ocrx_word' id='word_1_369' title='bbox 938 3973 967 4008; x_wconf 88' lang='grc' dir='ltr'>τε</span> <span class='ocrx_word' id='word_1_370' title='bbox 986 3953 1010 4007; x_wconf 90' lang='lat' dir='ltr'>si</span> <span class='ocrx_word' id='word_1_371' title='bbox 1032 3954 1042 4007; x_wconf 91' lang='lat' dir='ltr'>i</span> <span class='ocrx_word' id='word_1_372' title='bbox 1060 3953 1232 4023; x_wconf 90' lang='lat' dir='ltr'>respondent</span> <span class='ocrx_word' id='word_1_373' title='bbox 1250 3971 1302 4006; x_wconf 91' lang='lat' dir='ltr'>usu</span> <span class='ocrx_word' id='word_1_374' title='bbox 1315 3953 1381 4007; x_wconf 90' lang='lat' dir='ltr'>Pin-</span> 
     </span>
     <span class='ocr_line' id='line_1_40' title="bbox 116 4019 1380 4093; baseline 0.005 -21"><span class='ocrx_word' id='word_1_375' title='bbox 116 4019 392 4093; x_wconf 84' lang='lat' dir='ltr'>darofamiliari;cf.</span> <span class='ocrx_word' id='word_1_376' title='bbox 413 4024 712 4082; x_wconf 82' lang='lat' dir='ltr'>O.vre.vrr.v11ea.</span> <span class='ocrx_word' id='word_1_377' title='bbox 739 4027 998 4082; x_wconf 76' lang='lat' dir='ltr'>P.11a.a.nss.</span> <span class='ocrx_word' id='word_1_378' title='bbox 1022 4025 1125 4080; x_wconf 71' lang='grc' dir='ltr'><strong><em>λλον.</em></strong></span> <span class='ocrx_word' id='word_1_379' title='bbox 1145 4041 1210 4079; x_wconf 71' lang='lat' dir='ltr'>vsa.</span> <span class='ocrx_word' id='word_1_380' title='bbox 1236 4024 1256 4079; x_wconf 88' lang='lat' dir='ltr'>l.</span> <span class='ocrx_word' id='word_1_381' title='bbox 1271 4043 1282 4076; x_wconf 91' lang='lat'>1</span> <span class='ocrx_word' id='word_1_382' title='bbox 1297 4041 1330 4078; x_wconf 83' lang='grc' dir='ltr'>ιι.</span> <span class='ocrx_word' id='word_1_383' title='bbox 1348 4058 1380 4065; x_wconf 90' lang='grc'><strong>-</strong></span> 
     </span>
     <span class='ocr_line' id='line_1_41' title="bbox 117 4091 1382 4177; baseline 0.006 -35"><span class='ocrx_word' id='word_1_384' title='bbox 117 4097 135 4143; x_wconf 72' lang='lat' dir='ltr'>t.</span> <span class='ocrx_word' id='word_1_385' title='bbox 153 4091 306 4165; x_wconf 81' lang='grc' dir='ltr'><strong><em>θεόδμητον</em></strong></span> <span class='ocrx_word' id='word_1_386' title='bbox 324 4095 416 4177; x_wconf 84' lang='grc' dir='ltr'><strong><em>χρέος·</em></strong></span> <span class='ocrx_word' id='word_1_387' title='bbox 440 4114 541 4150; x_wconf 89' lang='lat' dir='ltr'>munus</span> <span class='ocrx_word' id='word_1_388' title='bbox 560 4099 661 4166; x_wconf 88' lang='lat' dir='ltr'>poetae</span> <span class='ocrx_word' id='word_1_389' title='bbox 680 4113 697 4151; x_wconf 89' lang='lat' dir='ltr'>a</span> <span class='ocrx_word' id='word_1_390' title='bbox 715 4097 770 4152; x_wconf 90' lang='lat' dir='ltr'>diis</span> <span class='ocrx_word' id='word_1_391' title='bbox 790 4097 936 4152; x_wconf 88' lang='lat' dir='ltr'>conditum</span> <span class='ocrx_word' id='word_1_392' title='bbox 953 4096 1101 4166; x_wconf 89' lang='lat' dir='ltr'>praedicat</span> <span class='ocrx_word' id='word_1_393' title='bbox 1120 4127 1153 4135; x_wconf 96' lang='lat'>-</span> <span class='ocrx_word' id='word_1_394' title='bbox 1173 4099 1196 4149; x_wconf 84' lang='grc'>8.</span> <span class='ocrx_word' id='word_1_395' title='bbox 1217 4095 1252 4148; x_wconf 95' lang='lat' dir='ltr'>de</span> <span class='ocrx_word' id='word_1_396' title='bbox 1270 4094 1333 4164; x_wconf 89' lang='lat' dir='ltr'>lyra</span> <span class='ocrx_word' id='word_1_397' title='bbox 1351 4099 1382 4150; x_wconf 92' lang='lat' dir='ltr'>et</span> 
     </span>
     <span class='ocr_line' id='line_1_42' title="bbox 116 4161 1379 4242; baseline 0.006 -28"><span class='ocrx_word' id='word_1_398' title='bbox 116 4161 185 4216; x_wconf 85' lang='lat' dir='ltr'>tibiis</span> <span class='ocrx_word' id='word_1_399' title='bbox 199 4165 365 4220; x_wconf 83' lang='lat' dir='ltr'>coniunctim</span> <span class='ocrx_word' id='word_1_400' title='bbox 379 4171 537 4242; x_wconf 75' lang='grc' dir='ltr'><strong><em>(συναυλίρι)</em></strong></span> <span class='ocrx_word' id='word_1_401' title='bbox 551 4169 645 4223; x_wconf 81' lang='lat' dir='ltr'>verbis</span> <span class='ocrx_word' id='word_1_402' title='bbox 660 4169 790 4224; x_wconf 86' lang='lat' dir='ltr'>carminis</span> <span class='ocrx_word' id='word_1_403' title='bbox 806 4167 999 4224; x_wconf 87' lang='lat' dir='ltr'>accinentibus</span> <span class='ocrx_word' id='word_1_404' title='bbox 1014 4168 1109 4221; x_wconf 85' lang='lat' dir='ltr'>confer</span> <span class='ocrx_word' id='word_1_405' title='bbox 1122 4166 1142 4220; x_wconf 95' lang='lat' dir='ltr'>I.</span> <span class='ocrx_word' id='word_1_406' title='bbox 1156 4184 1174 4218; x_wconf 92' lang='lat' dir='ltr'>v</span> <span class='ocrx_word' id='word_1_407' title='bbox 1188 4182 1213 4220; x_wconf 81' lang='lat' dir='ltr'>ar</span> <span class='ocrx_word' id='word_1_408' title='bbox 1228 4169 1257 4220; x_wconf 92' lang='lat' dir='ltr'>et</span> <span class='ocrx_word' id='word_1_409' title='bbox 1270 4167 1379 4237; x_wconf 83' lang='lat' dir='ltr'>Proleg.</span> 
     </span>
     <span class='ocr_line' id='line_1_43' title="bbox 116 4237 1381 4310; baseline 0.003 -22"><span class='ocrx_word' id='word_1_410' title='bbox 116 4251 139 4302; x_wconf 89' lang='lat' dir='ltr'>p.</span> <span class='ocrx_word' id='word_1_411' title='bbox 151 4253 236 4290; x_wconf 74' lang='lat' dir='ltr'>serm.</span> <span class='ocrx_word' id='word_1_412' title='bbox 269 4237 387 4293; x_wconf 79' lang='lat' dir='ltr'>Fidibus</span> <span class='ocrx_word' id='word_1_413' title='bbox 407 4241 503 4293; x_wconf 91' lang='lat' dir='ltr'>autem</span> <span class='ocrx_word' id='word_1_414' title='bbox 522 4240 640 4309; x_wconf 83' lang='lat' dir='ltr'>canoris,</span> <span class='ocrx_word' id='word_1_415' title='bbox 660 4257 732 4310; x_wconf 88' lang='lat' dir='ltr'>quae</span> <span class='ocrx_word' id='word_1_416' title='bbox 750 4240 846 4310; x_wconf 82' lang='lat' dir='ltr'>lyricis</span> <span class='ocrx_word' id='word_1_417' title='bbox 866 4238 1037 4294; x_wconf 88' lang='lat' dir='ltr'>carminibus</span> <span class='ocrx_word' id='word_1_418' title='bbox 1056 4237 1186 4292; x_wconf 87' lang='lat' dir='ltr'>omnibus</span> <span class='ocrx_word' id='word_1_419' title='bbox 1206 4240 1235 4290; x_wconf 92' lang='lat' dir='ltr'>et</span> <span class='ocrx_word' id='word_1_420' title='bbox 1251 4237 1381 4307; x_wconf 88' lang='lat' dir='ltr'>inprimis</span> 
     </span>
     <span class='ocr_line' id='line_1_44' title="bbox 117 4303 1381 4382; baseline 0.006 -26"><span class='ocrx_word' id='word_1_421' title='bbox 117 4303 215 4372; x_wconf 77' lang='lat' dir='ltr'>hymnis</span> <span class='ocrx_word' id='word_1_422' title='bbox 232 4309 324 4364; x_wconf 80' lang='lat' dir='ltr'>factae</span> <span class='ocrx_word' id='word_1_423' title='bbox 343 4313 432 4379; x_wconf 90' lang='lat' dir='ltr'>erant,</span> <span class='ocrx_word' id='word_1_424' title='bbox 451 4309 560 4365; x_wconf 88' lang='lat' dir='ltr'>alacres</span> <span class='ocrx_word' id='word_1_425' title='bbox 578 4310 667 4366; x_wconf 87' lang='lat' dir='ltr'>tibiae</span> <span class='ocrx_word' id='word_1_426' title='bbox 686 4311 922 4382; x_wconf 82' lang='lat' dir='ltr'>adiungebantur‚</span> <span class='ocrx_word' id='word_1_427' title='bbox 941 4309 1043 4379; x_wconf 89' lang='lat' dir='ltr'>quibus</span> <span class='ocrx_word' id='word_1_428' title='bbox 1062 4309 1212 4363; x_wconf 89' lang='lat' dir='ltr'>choreutae</span> <span class='ocrx_word' id='word_1_429' title='bbox 1231 4309 1268 4362; x_wconf 87' lang='lat' dir='ltr'>ad</span> <span class='ocrx_word' id='word_1_430' title='bbox 1284 4327 1381 4380; x_wconf 89' lang='lat' dir='ltr'>proce-</span> 
     </span>
     <span class='ocr_line' id='line_1_45' title="bbox 118 4374 1381 4438; baseline 0.006 -10"><span class='ocrx_word' id='word_1_431' title='bbox 118 4374 227 4432; x_wconf 88' lang='lat' dir='ltr'>dendum</span> <span class='ocrx_word' id='word_1_432' title='bbox 240 4380 453 4436; x_wconf 86' lang='lat' dir='ltr'>incenderentur</span> <span class='ocrx_word' id='word_1_433' title='bbox 468 4384 497 4436; x_wconf 89' lang='lat' dir='ltr'>et</span> <span class='ocrx_word' id='word_1_434' title='bbox 510 4381 540 4435; x_wconf 92' lang='lat' dir='ltr'>in</span> <span class='ocrx_word' id='word_1_435' title='bbox 555 4381 699 4436; x_wconf 82' lang='lat' dir='ltr'>servandis</span> <span class='ocrx_word' id='word_1_436' title='bbox 713 4382 822 4438; x_wconf 78' lang='lat' dir='ltr'>vicibus</span> <span class='ocrx_word' id='word_1_437' title='bbox 837 4382 908 4437; x_wconf 85' lang='lat' dir='ltr'>arsis</span> <span class='ocrx_word' id='word_1_438' title='bbox 928 4384 958 4436; x_wconf 89' lang='lat' dir='ltr'>et</span> <span class='ocrx_word' id='word_1_439' title='bbox 974 4380 1063 4436; x_wconf 88' lang='lat' dir='ltr'>thesis</span> <span class='ocrx_word' id='word_1_440' title='bbox 1078 4379 1288 4435; x_wconf 84' lang='lat' dir='ltr'>adiuvarentur.</span> <span class='ocrx_word' id='word_1_441' title='bbox 1315 4381 1381 4435; x_wconf 91' lang='lat' dir='ltr'>Pin-</span> 
     </span>
     <span class='ocr_line' id='line_1_46' title="bbox 118 4445 1382 4524; baseline 0.008 -26"><span class='ocrx_word' id='word_1_442' title='bbox 118 4445 172 4500; x_wconf 88' lang='lat' dir='ltr'>dari</span> <span class='ocrx_word' id='word_1_443' title='bbox 188 4449 256 4505; x_wconf 87' lang='lat' dir='ltr'>hanc</span> <span class='ocrx_word' id='word_1_444' title='bbox 274 4453 367 4507; x_wconf 91' lang='lat' dir='ltr'>locum</span> <span class='ocrx_word' id='word_1_445' title='bbox 385 4453 515 4508; x_wconf 87' lang='lat' dir='ltr'>imitatus</span> <span class='ocrx_word' id='word_1_446' title='bbox 538 4457 582 4509; x_wconf 90' lang='lat' dir='ltr'>est</span> <span class='ocrx_word' id='word_1_447' title='bbox 604 4453 737 4509; x_wconf 89' lang='lat' dir='ltr'>Horatius</span> <span class='ocrx_word' id='word_1_448' title='bbox 761 4471 803 4524; x_wconf 87' lang='lat' dir='ltr'>ep.</span> <span class='ocrx_word' id='word_1_449' title='bbox 823 4471 876 4524; x_wconf 71' lang='lat' dir='ltr'>aa</span> <span class='ocrx_word' id='word_1_450' title='bbox 899 4459 1012 4509; x_wconf 79' lang='grc' dir='ltr'><strong><em>οοκακλο</em></strong></span> <span class='ocrx_word' id='word_1_451' title='bbox 1033 4455 1151 4507; x_wconf 78' lang='lat' dir='ltr'>mixtam</span> <span class='ocrx_word' id='word_1_452' title='bbox 1173 4453 1250 4506; x_wconf 80' lang='lat' dir='ltr'>tibiis</span> <span class='ocrx_word' id='word_1_453' title='bbox 1273 4469 1382 4508; x_wconf 78' lang='lat' dir='ltr'>carmen</span> 
     </span>
     <span class='ocr_line' id='line_1_47' title="bbox 118 4518 1380 4596; baseline 0.004 -24"><span class='ocrx_word' id='word_1_454' title='bbox 118 4518 179 4586; x_wconf 76' lang='lat' dir='ltr'>lyra.</span> <span class='ocrx_word' id='word_1_455' title='bbox 199 4553 226 4562; x_wconf 93' lang='grc'><strong>-</strong></span> <span class='ocrx_word' id='word_1_456' title='bbox 245 4529 268 4578; x_wconf 85' lang='grc'>9.</span> <span class='ocrx_word' id='word_1_457' title='bbox 287 4523 307 4578; x_wconf 81' lang='grc' dir='ltr'><em>ἁ</em></span> <span class='ocrx_word' id='word_1_458' title='bbox 327 4522 358 4577; x_wconf 79' lang='grc' dir='ltr'>δὲ</span> <span class='ocrx_word' id='word_1_459' title='bbox 373 4527 448 4578; x_wconf 86' lang='grc' dir='ltr'><strong><em>Πίσα</em></strong></span> <span class='ocrx_word' id='word_1_460' title='bbox 462 4543 495 4594; x_wconf 89' lang='grc' dir='ltr'>με</span> <span class='ocrx_word' id='word_1_461' title='bbox 510 4533 656 4596; x_wconf 83' lang='grc' dir='ltr'><strong><em>γεγωνεῖν·</em></strong></span> <span class='ocrx_word' id='word_1_462' title='bbox 676 4526 700 4580; x_wconf 88' lang='lat' dir='ltr'>si</span> <span class='ocrx_word' id='word_1_463' title='bbox 714 4529 790 4580; x_wconf 88' lang='lat' dir='ltr'>recte</span> <span class='ocrx_word' id='word_1_464' title='bbox 803 4525 912 4580; x_wconf 88' lang='lat' dir='ltr'>tradita</span> <span class='ocrx_word' id='word_1_465' title='bbox 926 4526 1000 4592; x_wconf 79' lang='lat' dir='ltr'>sunt,</span> <span class='ocrx_word' id='word_1_466' title='bbox 1015 4540 1115 4594; x_wconf 89' lang='lat' dir='ltr'>aspera</span> <span class='ocrx_word' id='word_1_467' title='bbox 1128 4521 1278 4576; x_wconf 82' lang='lat' dir='ltr'>verborum</span> <span class='ocrx_word' id='word_1_468' title='bbox 1292 4525 1380 4577; x_wconf 87' lang='lat' dir='ltr'>strac-</span> 
     </span>
     <span class='ocr_line' id='line_1_48' title="bbox 120 4589 1382 4668; baseline 0.005 -25"><span class='ocrx_word' id='word_1_469' title='bbox 120 4589 175 4644; x_wconf 85' lang='lat' dir='ltr'>tura</span> <span class='ocrx_word' id='word_1_470' title='bbox 191 4591 229 4646; x_wconf 88' lang='lat' dir='ltr'>ita</span> <span class='ocrx_word' id='word_1_471' title='bbox 245 4597 329 4663; x_wconf 87' lang='lat' dir='ltr'>poeta</span> <span class='ocrx_word' id='word_1_472' title='bbox 347 4612 414 4650; x_wconf 89' lang='lat' dir='ltr'>usas</span> <span class='ocrx_word' id='word_1_473' title='bbox 434 4599 491 4663; x_wconf 84' lang='lat' dir='ltr'>est,</span> <span class='ocrx_word' id='word_1_474' title='bbox 510 4599 543 4649; x_wconf 88' lang='lat' dir='ltr'>ut</span> <span class='ocrx_word' id='word_1_475' title='bbox 561 4614 594 4652; x_wconf 89' lang='lat' dir='ltr'>ex</span> <span class='ocrx_word' id='word_1_476' title='bbox 612 4596 793 4668; x_wconf 89' lang='lat' dir='ltr'>praecedenti</span> <span class='ocrx_word' id='word_1_477' title='bbox 811 4595 966 4664; x_wconf 78' lang='grc' dir='ltr'><strong><em>πράσσοντι</em></strong></span> <span class='ocrx_word' id='word_1_478' title='bbox 982 4595 1029 4649; x_wconf 91' lang='lat' dir='ltr'>hic</span> <span class='ocrx_word' id='word_1_479' title='bbox 1048 4594 1193 4665; x_wconf 89' lang='lat' dir='ltr'>suppleret</span> <span class='ocrx_word' id='word_1_480' title='bbox 1209 4592 1328 4663; x_wconf 81' lang='grc' dir='ltr'><strong><em>πράττει</em></strong></span> <span class='ocrx_word' id='word_1_481' title='bbox 1347 4629 1382 4637; x_wconf 97' lang='grc'>-</span> 
     </span>
     <span class='ocr_line' id='line_1_49' title="bbox 120 4659 1382 4738; baseline 0.008 -26"><span class='ocrx_word' id='word_1_482' title='bbox 120 4663 147 4712; x_wconf 78' lang='lat'>12</span> <span class='ocrx_word' id='word_1_483' title='bbox 169 4659 359 4729; x_wconf 81' lang='grc' dir='ltr'><strong><em>Ἑλλανοδίκας</em></strong></span> <span class='ocrx_word' id='word_1_484' title='bbox 379 4666 578 4732; x_wconf 70' lang='grc' dir='ltr'><strong><em>...Αἰτωλός</em></strong></span> <span class='ocrx_word' id='word_1_485' title='bbox 603 4669 702 4725; x_wconf 86' lang='lat' dir='ltr'>schol:</span> <span class='ocrx_word' id='word_1_486' title='bbox 727 4669 841 4723; x_wconf 80' lang='grc' dir='ltr'><strong><em>Αἰτωλοὶ</em></strong></span> <span class='ocrx_word' id='word_1_487' title='bbox 859 4677 964 4738; x_wconf 85' lang='grc' dir='ltr'><strong><em>πρῶτοι</em></strong></span> <span class='ocrx_word' id='word_1_488' title='bbox 1016 4664 1112 4721; x_wconf 85' lang='grc' dir='ltr'><strong><em>ε’νοντο</em></strong></span> <span class='ocrx_word' id='word_1_489' title='bbox 1127 4664 1331 4720; x_wconf 80' lang='grc' dir='ltr'><strong><em>Ἑλλανοδίκαι</em></strong></span> <span class='ocrx_word' id='word_1_490' title='bbox 1350 4666 1382 4722; x_wconf 77' lang='grc' dir='ltr'>έν</span> 
     </span>
     <span class='ocr_line' id='line_1_50' title="bbox 118 4727 1381 4810; baseline 0.005 -24"><span class='ocrx_word' id='word_1_491' title='bbox 118 4727 235 4808; x_wconf 84' lang='grc' dir='ltr'><strong><em>Ὀλυμπίᾳ</em></strong></span> <span class='ocrx_word' id='word_1_492' title='bbox 252 4738 300 4791; x_wconf 86' lang='grc' dir='ltr'><strong><em>καλ</em></strong></span> <span class='ocrx_word' id='word_1_493' title='bbox 318 4735 361 4792; x_wconf 81' lang='grc' dir='ltr'>ὅτι</span> <span class='ocrx_word' id='word_1_494' title='bbox 380 4737 395 4792; x_wconf 87' lang='grc' dir='ltr'><strong><em>δ</em></strong></span> <span class='ocrx_word' id='word_1_495' title='bbox 413 4735 523 4808; x_wconf 83' lang='grc' dir='ltr'><strong><em>κτίστης</em></strong></span> <span class='ocrx_word' id='word_1_496' title='bbox 541 4748 589 4810; x_wconf 76' lang='grc' dir='ltr'>τῆς</span> <span class='ocrx_word' id='word_1_497' title='bbox 603 4738 715 4804; x_wconf 85' lang='grc' dir='ltr'><strong><em>Ἤλιδος</em></strong></span> <span class='ocrx_word' id='word_1_498' title='bbox 731 4739 840 4806; x_wconf 83' lang='grc' dir='ltr'><strong><em>Ὀξόλος</em></strong></span> <span class='ocrx_word' id='word_1_499' title='bbox 860 4738 978 4801; x_wconf 79' lang='grc' dir='ltr'><strong><em>Αἰτωλὸς</em></strong></span> <span class='ocrx_word' id='word_1_500' title='bbox 995 4759 1039 4808; x_wconf 81' lang='grc' dir='ltr'>ην.</span> <span class='ocrx_word' id='word_1_501' title='bbox 1077 4738 1154 4792; x_wconf 82' lang='lat' dir='ltr'>Couf.</span> <span class='ocrx_word' id='word_1_502' title='bbox 1174 4737 1277 4793; x_wconf 81' lang='lat' dir='ltr'>Herod.</span> <span class='ocrx_word' id='word_1_503' title='bbox 1291 4757 1342 4792; x_wconf 84' lang='lat' dir='ltr'>vm</span> <span class='ocrx_word' id='word_1_504' title='bbox 1355 4755 1381 4794; x_wconf 77' lang='lat' dir='ltr'>aa</span> 
     </span>
     <span class='ocr_line' id='line_1_51' title="bbox 123 4802 1381 4879; baseline 0.008 -25"><span class='ocrx_word' id='word_1_505' title='bbox 123 4802 232 4860; x_wconf 76' lang='grc' dir='ltr'><strong><em>Αἰτωλῶν</em></strong></span> <span class='ocrx_word' id='word_1_506' title='bbox 250 4807 280 4862; x_wconf 79' lang='grc' dir='ltr'>δὲ</span> <span class='ocrx_word' id='word_1_507' title='bbox 294 4803 379 4872; x_wconf 83' lang='grc' dir='ltr'><strong><em>Ἦλις.</em></strong></span> <span class='ocrx_word' id='word_1_508' title='bbox 410 4808 479 4864; x_wconf 81' lang='lat' dir='ltr'>Cum</span> <span class='ocrx_word' id='word_1_509' title='bbox 498 4813 591 4864; x_wconf 88' lang='lat' dir='ltr'>autem</span> <span class='ocrx_word' id='word_1_510' title='bbox 611 4812 659 4866; x_wconf 88' lang='lat' dir='ltr'>diu</span> <span class='ocrx_word' id='word_1_511' title='bbox 678 4812 738 4866; x_wconf 86' lang='lat' dir='ltr'>Elei</span> <span class='ocrx_word' id='word_1_512' title='bbox 759 4814 787 4866; x_wconf 90' lang='lat' dir='ltr'>et</span> <span class='ocrx_word' id='word_1_513' title='bbox 805 4811 920 4867; x_wconf 87' lang='lat' dir='ltr'>Pisatae</span> <span class='ocrx_word' id='word_1_514' title='bbox 938 4811 1012 4865; x_wconf 90' lang='lat' dir='ltr'>iuter</span> <span class='ocrx_word' id='word_1_515' title='bbox 1030 4827 1060 4865; x_wconf 91' lang='lat' dir='ltr'>se</span> <span class='ocrx_word' id='word_1_516' title='bbox 1078 4810 1227 4879; x_wconf 85' lang='lat' dir='ltr'>certarent,</span> <span class='ocrx_word' id='word_1_517' title='bbox 1247 4809 1318 4864; x_wconf 90' lang='lat' dir='ltr'>utris</span> <span class='ocrx_word' id='word_1_518' title='bbox 1336 4810 1381 4864; x_wconf 87' lang='lat' dir='ltr'>ius</span> 
     </span>
    </p>
   </div>
   <div class='ocr_carea' id='block_1_8' title="bbox 0 0 1726 5434">
    <p class='ocr_par' dir='ltr' id='par_1_8' title="bbox 0 0 1726 5434">
     <span class='ocr_line' id='line_1_52' title="bbox 0 0 1726 5434; baseline 0 0"><span class='ocrx_word' id='word_1_519' title='bbox 0 0 1726 5434; x_wconf 95' lang='lat' dir='ltr'> </span> 
     </span>
    </p>
   </div>
  </div>
 </body>
</html>
