3417 5434
824 336 973 387 PlNDrlRl
991 335 1159 389 EPINICIA.

486 517 520 568 σο
565 503 624 567 τὸν
647 497 711 566 αιέλ
734 522 843 584 μενοι·
853 509 924 564 νῶν
946 502 1092 582 κεφαλᾶς
1113 499 1228 580 βαλεῖν
1311 585 1327 603 ἢ

609 607 820 693 εὐφροσύνας
843 604 970 670 ἀλᾶται.
1081 694 1084 702 A
1120 640 1131 652 ·’
1317 605 1322 612 ’

567 857 632 938 ἔχει
655 851 687 918 d’
713 851 887 937 ἀπάλαμον
909 856 985 937 βίον

613 969 732 1025 τοῦτον
756 959 1021 1045 ἐμπεδόμοχθον,

568 1068 648 1152 μετά
671 1077 774 1152 τριῶν
797 1065 909 1151 τέταρ-

612 1198 672 1238 τον
694 1177 815 1257 πόνον,
839 1172 1019 1238 ἀθανάτων
1043 1173 1093 1239 ὅτι
1117 1171 1252 1250 κλέψαις

568 1281 715 1346 ἁλίκεσσι
739 1282 923 1364 συμπόταις

568 1385 686 1474 νέκταρ
710 1386 895 1472 ἀμβροσίαν
918 1409 953 1451 τε

571 1496 690 1575 δῶκεν,
714 1485 764 1569 οἷς
786 1518 842 1558 νιν
865 1495 1013 1576 ἄφθιτον

568 1599 705 1666 θέσσαν.
753 1601 783 1664 εἰ
804 1597 841 1664 δὲ
864 1601 948 1664 θεὸν
971 1598 1056 1684 ἀνήρ
1079 1622 1130 1675 τις

614 1711 744 1772 ἔλπεται
767 1703 950 1789 λελαθέμεν
974 1709 1024 1791 ἔρ·
1049 1707 1133 1788 οων,
1157 1705 1346 1791 ἁμαρτάνει.

569 1815 709 1879 τοῦνεκα
731 1822 882 1898 προῆκαν
903 1813 981 1876 υλὸν
1004 1798 1256 1876 ἀθάνατοί-λοι
1278 1813 1380 1877 πάλιν
1464 1829 1517 1878 105

570 1919 650 2004 μετά
672 1921 710 1984 τὸ
733 1920 944 2004 ταχύποτμον
967 1914 1061 1994 αὖτις
1083 1917 1213 2005 ἀνέρων
1236 1921 1346 1996 ἔθνος.

570 2027 653 2111 πρὸς
676 2025 865 2110 εὐάνθεμον
887 2023 920 2089 θ’
946 2025 999 2090 ὅτε
1022 2025 1115 2110 φυὰν

494 2150 528 2198 ιο
573 2133 690 2216 λάχναι
713 2157 769 2198 νιν
791 2130 893 2217 μέλαν
916 2130 1045 2215 γένειον
1069 2135 1205 2218 ἔρεφον,

572 2237 705 2323 ἑτοῖμον
728 2239 967 2326 ἀνεφρόντισεν
990 2239 1113 2324 γάμον,

1276 2397 1360 2464 Ἀντ.
1383 2398 1427 2481 γ’.

574 2489 704 2554 Πισάτα
727 2492 816 2576 παρὰ
838 2491 962 2574 πατρὸς
985 2489 1038 2554 εό-

619 2593 718 2674 όοξον
736 2593 969 2680 Ἱπποδάμειαν

574 2700 743 2786 σχεθέμεν.
789 2702 887 2786 ἐγγὺς
910 2702 960 2767 ἐλ-

618 2809 693 2873 θὼν
715 2813 833 2885 πολιάς
856 2809 934 2886 ἁλὸς
957 2803 1027 2886 οἷος
1051 2803 1087 2874 ἐν
1109 2811 1220 2896 ὄρφνᾳ
1465 2825 1518 2874 116

361 2939 573 2946 --.-..-.-—

435 3008 476 3058 60.
497 3003 542 3056 ἀεὶ
556 3003 653 3069 AOD,
673 3006 702 3057 et
717 3001 756 3056 sic
771 3001 878 3072 passim
892 3001 981 3068 codd,
1000 3003 1077 3070 quod
1090 3020 1147 3056 non
1161 3001 1219 3055 iam
1233 3001 1354 3056 enotabo
1372 3033 1409 3040 —
1428 3007 1471 3055 si.
1492 3000 1634 3070 ἀπάλαμον

362 3075 445 3144 Byr:
464 3073 632 3142 ἀπάλαμνον
651 3073 741 3128 ΑΟΙ)
766 3105 797 3114 -
822 3079 864 3128 63,
885 3069 926 3136 οἷς
945 3093 991 3128 νιν
1009 3073 1080 3128 coni.
1100 3074 1137 3128 M.
1158 3071 1299 3127 Schmidt:
1318 3069 1392 3126 ολσιν
1409 3073 1487 3142 AD,
1508 3069 1551 3135 οἷς
1570 3074 1632 3126 G—

363 3151 405 3199 66.
425 3144 532 3199 θέσσαν
550 3147 635 3217 Byaz
657 3143 748 3200 θέσαν
768 3145 853 3199 αὐτὸν
872 3144 976 3211 Aca,
994 3144 1049 3198 θέν
1068 3165 1114 3199 νιν
1132 3145 1299 3211 Mommsen,
1319 3143 1353 3196 cf.
1373 3143 1409 3198 N.
1424 3161 1483 3198 vro
1502 3144 1634 3199 θέσσαντο

362 3249 399 3256 -
417 3214 570 3286 λελαθέμεν
589 3217 755 3271 Mommsen:
782 3215 907 3286 λαθέμεν
925 3215 992 3282 ΑΟ,
1011 3215 1166 3286 ληθέμεναι
1184 3215 1222 3282 D,
1241 3234 1267 3268 τι
1285 3212 1351 3268 λασέ
1387 3235 1404 3269 ν
1422 3215 1508 3286 Βμτ.;
1535 3215 1596 3269 fort.
1613 3234 1635 3270 τι

363 3285 445 3344 stan.
464 3285 619 3358 λελαθέμεν
638 3319 671 3328 -
691 3293 734 3342 67.
754 3285 875 3355 siquod
893 3285 923 3340 in
941 3289 1010 3341 vett.
1030 3287 1109 3342 codd.
1129 3291 1194 3356 post
1212 3286 1332 3341 τοῦνεκα
1350 3233 1464 3356 iggitur,
1483 3291 1552 3378 post
1569 3285 1635 3341 ἀθά-

365 3378 444 3414 νατοι
462 3363 599 3429 transpos.
620 3358 702 3414 Tricl.
731 3389 764 3399 -
794 3363 836 3412 68.
866 3355 952 3422 αὖθις
972 3359 996 3412 C
1020 3391 1053 3398 —
1082 3364 1124 3413 69.
1151 3357 1179 3413 δ’
1200 3374 1244 3411 om
1266 3357 1304 3412 0¹
1333 3389 1365 3397 —
1395 3361 1438 3412 70.
1463 3362 1567 3428 λάχναι
1585 3377 1634 3411 νινε

365 3428 465 3500 λάχνιν
483 3431 513 3485 D
533 3461 563 3470 -
586 3436 626 3486 7³.
648 3429 727 3500 ἐγγὺς
746 3430 851 3500 Bergk:
872 3430 952 3501 ἐγγὺς
969 3429 998 3484 d'
1018 3430 1141 3486 ABGD
1158 3433 1188 3484 et
1206 3429 1301 3498 schol,
1320 3428 1386 3499 ἄγχι
1404 3427 1432 3484 δ’
1449 3430 1555 3502 ΒΒφσ.
1576 3461 1605 3468 -

364 3587 494 3626 amovere
517 3573 624 3644 (βαλεῖν
643 3597 676 3618 ==
695 3573 858 3645 ἀποβαλεῖν,
882 3573 916 3628 cf.
942 3574 973 3626 0.
992 3591 1041 3625 vm
1059 3574 1096 3640 so)
1119 3571 1264 3640 moliatur,
1288 3572 1404 3627 Pindari
1427 3573 1553 3644 vestigia
1575 3572 1638 3643 legit

364 3641 513 3713 Euripides
533 3643 621 3698 Orest.
637 3659 657 3698 5.
678 3675 710 3684 -
735 3649 777 3698 62.
797 3642 897 3699 schot:
917 3642 992 3712 ἣὸτι
1011 3643 1042 3699 ἐν
1060 3640 1132 3719 ᾅδου
1150 3642 1220 3714 μετὰ
1238 3653 1323 3711 τριῶν
1341 3641 1471 3713 τέταρτος
1489 3645 1637 3711 κολάζεται,

365 3713 495 3784 Σισύφου
514 3719 616 3770 Τιτυοῦ
633 3712 754 3781 Ἰξίονος,
774 3713 791 3783 ἦ
811 3713 853 3769 ὅτι
872 3714 940 3784 μετὰ
958 3723 1051 3784 τριῶν,
1069 3723 1120 3770 τοῦ
1137 3723 1239 3785 πεινῆν
1258 3717 1348 3785 διψῆν
1367 3715 1491 3782 ἑστάναι,
1510 3715 1638 3784 τέταρτον

364 3783 454 3841 πόνον
472 3794 572 3840 τοῦτον
592 3786 648 3868 ἔχει
666 3787 697 3840 τὸ
716 3790 752 3858 τῷ
770 3789 841 3859 λίθῳ
860 3785 1037 3852 κολάζεσθαι.
1065 3787 1192 3840 Alteram
1208 3786 1423 3857 explicationem
1444 3786 1493 3856 qui
1512 3787 1638 3858 probant,

366 3856 548 3912 obscuritatis
566 3857 637 3912 vitio
656 3857 748 3912 locum
767 3860 910 3928 premunt,
929 3875 996 3912 nam
1014 3875 1078 3912 cum
1095 3861 1181 3927 poeta
1198 3857 1248 3927 qui
1268 3861 1326 3912 tres
1344 3857 1389 3912 illi
1402 3858 1515 3912 labores
1530 3858 1638 3922 inerint,

365 3945 421 3982 non
441 3927 556 3996 dixerit,
574 3927 629 3998 ipsi
647 3928 678 3983 in
696 3929 889 3984 diversissima
912 3929 1067 3983 discedunt.
1105 3928 1209 3983 Contra
1232 3933 1331 3999 aperta
1348 3933 1393 3984 est
1411 3929 1459 3984 via
1476 3929 1580 4000 prioris
1598 3946 1640 3983 ex-

364 3998 540 4070 plicationis,
567 4017 651 4068 quam
674 4004 724 4070 qui
746 4000 954 4070 ingrediuntur,
979 4017 1036 4054 non
1063 4002 1107 4055 est
1134 4016 1183 4054 cur
1209 4017 1274 4054 cum
1300 4000 1416 4055 Pauwio
1438 3999 1572 4069 τέταρτος
1594 4017 1640 4070 pro

365 4070 498 4141 τέταρτον
516 4070 688 4142 interpolent
707 4105 739 4114 -
759 4077 801 4128 63.
821 4069 944 4127 ἁλίκεσσι
958 4069 1119 4142 συμπόταις,
1134 4071 1182 4140 qui
1197 4071 1331 4126 contrarii
1345 4074 1426 4126 eraut
1442 4071 1498 4126 diis
1516 4071 1642 4126 convivis

365 4175 398 4183 —-
423 4149 466 4199 66.
490 4142 611 4212 θέτταν,
635 4144 820 4212 immortales;
843 4143 935 4198 forma
957 4143 1036 4198 vorbi
1059 4160 1093 4198 ex
1115 4143 1190 4198 falsa
1212 4141 1347 4214 analogia
1370 4141 1447 4196 verbi
1472 4142 1559 4198 ἔσσαν
1577 4145 1643 4196 ficta

366 4216 421 4281 est3
446 4213 480 4267 de
505 4214 647 4268 ambrosia
670 4217 699 4269 et
720 4218 834 4269 nectare
853 4213 1096 4270 immortalitatem
1115 4213 1342 4284 impertientibus
1361 4213 1456 4268 confer
1473 4213 1590 4268 Theocr.
1610 4229 1642 4280 ιε,

366 4302 412 4340 ιοε.
442 4284 720 4355 Ovid.met.14,sos
749 4316 781 4326 -
811 4290 844 4339 67
864 4305 885 4339 s.
915 4285 1061 4341 ἀθάνατοι
1083 4289 1113 4340 et
1134 4286 1313 4410 ταχύποτμον
1335 4283 1445 4353 ἀνέρων
1468 4283 1556 4349 ἔθνος
1577 4301 1643 4340 oon-

365 4356 482 4412 trariam
501 4357 559 4411 vim
578 4357 685 4411 habent
703 4388 736 4396 -
757 4361 798 4410 70.
818 4355 905 4425 μέλαν
922 4356 1077 4437 prolaptice
1096 4357 1131 4410 de
1145 4360 1240 4411 mento
1270 4356 1394 4427 anugins
1412 4355 1494 4427 nigro
1511 4356 1589 4410 iacto
1609 4388 1641 4395 -

368 4433 409 4482 71.
430 4426 554 4496 ἕτοιμον,
577 4428 682 4497 inquo
702 4427 839 4482 vocabulo
859 4427 1114 4497 expheandomire
1131 4430 1239 4480 veteres
1268 4430 1298 4481 et
1324 4430 1450 4482 recentes
1477 4427 1642 4497 interpretes

366 4499 510 4567 laborant,
535 4498 572 4552 ad
594 4499 772 4569 pubertatem
791 4502 913 4568 spectat,
937 4517 1022 4567 quam
1040 4497 1139 4569 Pelopi
1161 4500 1290 4553 assecuto
1314 4501 1430 4568 paratas
1449 4515 1510 4554 esse
1528 4497 1642 4568 nuptias

367 4570 447 4638 dixit,
467 4569 569 4637 quibus
589 4569 643 4624 sibi
662 4569 880 4642 Hippodamiam
899 4570 1027 4640 iungeret
1046 4603 1078 4610 -
1101 4575 1133 4623 72
1148 4587 1183 4624 ss.
1203 4569 1324 4625 similem
1342 4569 1470 4624 fabulam
1485 4570 1521 4624 de
1533 4569 1641 4640 virgine

367 4641 426 4697 filia
445 4640 481 4694 ab
501 4642 610 4696 Antaeo
628 4644 709 4712 patre
727 4640 853 4712 proemio
872 4641 1032 4696 certaminis
1055 4641 1200 4712 proposita
1221 4645 1307 4712 poeta
1329 4641 1416 4696 refert
1437 4641 1467 4695 P.
1487 4661 1515 4694 lx
1532 4658 1572 4697 ros
1590 4659 1640 4706 ss.;

367 4713 491 4767 conferre
519 4729 630 4781 quoque
657 4713 738 4767 iuvat
766 4712 894 4766 fabulam
917 4713 1082 4781 Atalantae,
1112 4729 1186 4782 quaa
1213 4730 1277 4767 cum
1303 4713 1407 4767 multos
1433 4729 1533 4782 procos
1560 4729 1641 4794 cursu

368 4786 514 4853 superatos
533 4789 674 4854 necasset,
693 4783 862 4837 Melanionis
882 4783 946 4837 dolo
965 4783 1041 4838 victa
1057 4786 1108 4838 est.
1129 4816 1160 4823 -
1183 4789 1224 4839 73.
1244 4783 1351 4840 similia
1369 4785 1404 4838 de
1421 4785 1500 4838 lamo
1518 4784 1652 4854 Neptem,
