3417 5434
322 305 365 368 32
792 307 943 357 prunam
960 305 1128 357 arueram.

321 495 450 535 errorem
482 473 611 552 inducti,
643 476 756 532 ceteras
786 472 929 532 victorias
961 471 1021 531 alio
1053 491 1132 531 anno
1164 474 1334 547 reportatas
1366 490 1430 531 esse
1463 471 1610 531 arbitrati

322 565 469 624 mutarem
492 563 556 622 eius
580 563 737 622 victoriam
761 560 807 622 01.
829 565 868 622 81
889 561 1062 621 coniectura
1084 560 1183 619 futtili
1205 560 1408 638 assignabant.
1453 561 1510 621 Sed
1534 581 1610 620 cum

321 673 418 730 neque
436 652 574 729 pluribus
589 650 819 727 olympiadibus
839 649 996 710 victoriam
1014 649 1207 708 Psaurnidem
1229 651 1398 725 reportasse
1417 650 1609 710 testimonio-

322 761 390 800 rum
413 742 469 801 lide
494 743 609 801 constet
632 743 663 798 et
686 740 795 816 triplex
813 740 940 798 victoria
958 739 1105 815 equestris
1125 739 1228 798 eodem
1247 758 1325 799 anno
1341 742 1496 815 reportata
1511 741 1610 816 plane

322 831 460 890 inaudita
488 830 540 908 sit,
573 829 741 889 Boeclrhius
765 849 826 888 rem
850 829 895 886 ita
918 827 1081 906 expedivit,
1105 829 1142 885 ut
1163 827 1355 886 Psaumidem
1378 826 1424 888 Ol.
1446 831 1486 888 82
1509 830 1610 888 rheda

323 920 433 979 mulari
461 921 526 980 sola
548 919 669 996 vicisse,
697 918 800 978 eodem
824 922 927 976 autem
950 936 1029 976 anno
1052 917 1144 976 etiam
1168 916 1323 995 quadrigis
1345 921 1377 976 et
1399 937 1476 994 equo
1503 919 1610 978 desul-

323 1009 401 1069 torio
431 1012 575 1084 certasse,
606 1007 657 1066 sed
687 1027 745 1066 non
775 1007 882 1065 vicisse
912 1008 1068 1066 statueret.
1113 1005 1210 1065 Locus
1241 1025 1375 1084 quoque,
1405 1027 1465 1083 quo
1493 1011 1609 1085 quarta

322 1100 396 1157 haee
420 1099 477 1157 oda
500 1099 622 1156 cantata
646 1115 708 1154 esse
732 1095 892 1172 videretur,
916 1094 947 1153 in
970 1094 1219 1170 disceptationem
1240 1095 1331 1154 venit.
1375 1095 1443 1156 Una
1465 1097 1548 1156 enim
1573 1117 1610 1155 ex

323 1191 409 1264 parte
433 1186 584 1263 particula
607 1183 711 1244 αὐτίκα
735 1205 763 1244 τ.
782 1195 798 1242 5
821 1183 931 1244 indicio
954 1202 1019 1244 esse
1036 1184 1165 1261 ridetur,
1184 1184 1273 1243 odam
1290 1184 1433 1244 continuo
1451 1188 1523 1262 post
1541 1187 1609 1262 pal-

324 1295 403 1335 mam
417 1279 535 1352 partam
550 1273 708 1351 Olympiae
723 1276 877 1332 cantatam
891 1291 968 1351 esse,
992 1274 1088 1332 altera
1103 1275 1205 1333 autem
1224 1293 1259 1332 ex
1277 1277 1363 1348 parte
1383 1273 1608 1335 invocationem

323 1365 403 1425 Iovis
418 1364 545 1424 Aetnaei
561 1357 601 1440 (v.
617 1357 646 1441 6)
661 1363 758 1441 magis
777 1362 903 1421 carmini
921 1362 951 1419 in
972 1361 1075 1421 Sicilia
1089 1362 1238 1421 cantando
1257 1363 1414 1422 convenire
1433 1367 1527 1441 patet.
1563 1365 1608 1422 De

324 1454 398 1513 urbe
414 1453 570 1512 Camerina
590 1453 655 1527 ipsa
674 1452 798 1528 eiusque
818 1451 879 1510 situ
897 1454 929 1509 et
946 1450 1073 1510 historia
1086 1451 1235 1510 uberrime
1249 1451 1418 1527 disputavit
1434 1453 1609 1530 Schubn'ng

323 1543 430 1603 Philol.
446 1555 479 1600 32
495 1535 535 1622 (a.
554 1533 653 1622 1873)
668 1551 721 1600 490
736 1559 772 1601 ss.

415 1632 450 1690 In
477 1631 575 1707 prima
602 1633 687 1706 parte
715 1629 855 1689 carminis
883 1629 986 1689 Iovem
1011 1633 1103 1704 poeta
1133 1629 1267 1707 invocat,
1296 1633 1333 1688 ut
1362 1632 1608 1692 comissationem

326 1721 494 1780 Psaumidis
521 1719 644 1779 victoris
671 1719 820 1795 propitius
850 1717 981 1794 accipiat
1003 1721 1033 1776 et
1060 1718 1173 1777 futuris
1195 1719 1259 1777 eius
1283 1720 1415 1780 consiliis
1438 1722 1513 1782 bene
1537 1742 1607 1798 pro·

323 1811 433 1870 videat.
479 1809 515 1867 In
539 1809 634 1884 epoda
658 1808 759 1886 exigui
787 1807 940 1885 carminis,
968 1810 1063 1865 utne
1087 1807 1225 1866 fabulosa
1248 1809 1420 1869 narratione
1443 1812 1534 1888 plane
1559 1831 1608 1870 ca·

325 1902 417 1977 reret,
441 1897 644 1974 Psaumidem,
669 1897 722 1972 qui
745 1914 911 1972 praeeanus
933 1894 1092 1955 victoriam
1113 1899 1281 1972 reportasse
1304 1897 1433 1978 videtur,
1456 1919 1528 1959 cum
1553 1901 1608 1960 Er·

324 1989 394 2066 gino
417 1985 553 2063 Clymeni
571 1985 633 2046 lilio
648 1986 827 2063 Argonauta
845 1987 1010 2062 comparat,
1032 1984 1085 2060 qui
1103 1985 1135 2043 in
1154 1985 1233 2044 ludis
1251 1987 1427 2046 funebribus
1449 1989 1607 2065 ThoantiS,

324 2096 393 2136 cum
420 2077 451 2135 in
480 2095 601 2135 arenam
631 2075 809 2134 descendens
833 2074 871 2133 ob
894 2075 1035 2133 canitiem
1058 2074 1237 2150 capillorum
1259 2076 1421 2136 mulierum
1444 2079 1608 2138 cachinnos

324 2165 474 2243 movisset,
498 2165 631 2241 palmam
654 2183 744 2224 eursu
767 2163 885 2223 meruit.

870 2281 915 2346 De
938 2281 1061 2347 metris.

414 2395 562 2456 Carminis
589 2395 679 2455 huius
707 2395 738 2454 in
765 2414 877 2472 pompa
906 2387 946 2476 (v.
969 2387 1016 2474 12)
1039 2394 1147 2454 fidibus
1170 2396 1392 2457 succinentibus
1414 2391 1457 2479 (v.
1480 2393 1512 2482 3)
1538 2420 1610 2474 can,

327 2487 385 2546 tati
416 2486 532 2545 numeri
563 2489 634 2543 sunt
664 2485 830 2563 logaoediei
863 2487 894 2543 et
923 2483 1078 2561 trochaici,
1109 2485 1259 2543 communi
1287 2489 1388 2546 tractu
1410 2488 1515 2548 lonico
1539 2511 1606 2550 con·

325 2576 440 2635 sociati.
490 2576 526 2634 In
555 2594 666 2651 pompa
696 2593 765 2632 cum
795 2574 900 2650 aequis
929 2573 1044 2632 vicibus
1075 2574 1177 2633 dextro
1209 2578 1239 2633 et
1269 2576 1389 2637 sinistro
1418 2579 1495 2654 pede
1526 2585 1608 2638 terra
1683 2558 1684 2649 l

326 2665 475 2742 pulsanda
498 2665 605 2742 fuerit,
629 2681 730 2724 omnes
753 2680 857 2722 versus
880 2662 912 2720 in
935 2661 1071 2737 dipodias
1094 2662 1138 2721 ita
1161 2663 1292 2724 dividere
1316 2669 1441 2725 conatus
1464 2687 1549 2746 sum,
1572 2672 1608 2725 ut
1683 2658 1684 2667 ¹

325 2755 356 2812 in
381 2773 425 2832 ea,
449 2773 539 2830 quam
563 2753 627 2811 ictu
649 2751 824 2830 significavi,
848 2751 916 2810 sede
940 2751 1042 2810 dexter
1063 2770 1116 2827 pes
1138 2752 1210 2828 poni
1232 2756 1340 2830 posset
1378 2756 1481 2815 Etiam
1503 2758 1606 2815 inania

324 2847 462 2920 tempora
485 2844 523 2902 ad
546 2842 706 2900 intervalla
729 2860 893 2916 pausarum
917 2840 1062 2915 explenda
1085 2842 1250 2900 necessaria
1272 2843 1354 2902 haud
1376 2865 1464 2924 aegre
1489 2846 1607 2906 definiri

324 2935 458 3008 possunt.
490 2931 618 2990 Versum
638 2933 781 3006 quartum
800 2933 831 2988 et
848 2926 933 3005 prius
951 2930 1037 2988 colon
1056 2929 1156 3005 quinti
1174 2950 1279 2991 versus
1293 2933 1323 2991 in
1338 2953 1429 2993 unam
1447 2937 1607 3011 periodum

325 3023 557 3098 coniungentem
580 3019 765 3079 Boechhium
788 3039 884 3094 neque
908 3019 1056 3096 Bergkius
1074 3039 1170 3094 neque
1195 3040 1249 3098 ego
1273 3023 1369 3080 secuti
1392 3041 1513 3103 sumns;
1535 3026 1607 3084 item

325 3111 380 3169 sub
408 3109 497 3168 finem
524 3109 664 3184 strophae
692 3108 828 3168 codicum
855 3107 944 3166 fidem
971 3107 1057 3183 sequi
1083 3109 1179 3166 malui
1207 3129 1299 3185 quam
1321 3112 1509 3173 Boeelrhium
1533 3115 1606 3172 duas

325 3199 437 3275 primas
466 3197 597 3274 syllabas
629 3197 731 3256 ultimi
762 3215 865 3256 versus
897 3197 1087 3272 praecedenti
1118 3199 1219 3257 versui
1251 3200 1436 3260 adicientem.
1483 3204 1606 3282 Longae

326 3292 430 3347 autem
460 3287 572 3346 initiali
601 3306 743 3346 versuum
773 3286 913 3362 strophae
942 3285 1025 3344 tertii
1055 3284 1132 3346 sexti
1161 3288 1260 3348 octavi
1283 3291 1367 3367 noni,
1392 3291 1479 3366 epodi
1505 3292 1606 3369 quarti

327 3377 446 3453 septimi
474 3376 535 3436 vim
563 3384 677 3454 μακρᾶς
705 3373 847 3454 τρισήμου
875 3374 1066 3434 tribuendam
1093 3393 1156 3434 esse
1184 3378 1274 3455 duco,
1307 3380 1425 3455 quade
1449 3400 1481 3440 re
1506 3383 1607 3442 confer

326 3467 404 3525 Prol.
429 3484 481 3523 xrx
505 3467 536 3524 et
560 3483 588 3522 a.
633 3463 838 3523 Difficillimus
868 3484 938 3522 vero
971 3464 1009 3522 ad
1039 3465 1241 3525 scandendum
1270 3471 1316 3526 est
1344 3487 1447 3528 versus
1477 3474 1606 3546 quartus

327 3555 476 3632 strophae,
499 3558 536 3612 ut
558 3553 612 3630 qui
635 3573 671 3612 ex
694 3553 766 3612 solis
789 3552 914 3628 syllabis
936 3553 1035 3630 longis
1053 3557 1185 3630 constet,
1208 3555 1346 3633 equidem
1365 3577 1434 3616 eum
1452 3579 1490 3618 ex
1510 3560 1606 3619 tribus

326 3643 464 3720 spondeis
487 3643 657 3719 duplicibus
687 3645 823 3702 constare
851 3642 995 3720 indicavi,
1025 3643 1135 3702 etenim
1161 3646 1251 3720 pedes
1279 3646 1370 3704 orthii
1397 3649 1444 3706 vel
1472 3649 1605 3710 trochaei

327 3733 463 3812 sementi,
487 3733 517 3790 in
542 3751 616 3808 quos
640 3735 671 3791 et
693 3731 773 3807 ipsos
797 3751 847 3789 sex
870 3731 1002 3806 syllabas
1025 3733 1131 3809 longas
1154 3734 1220 3810 cogi
1243 3754 1329 3810 posse
1352 3736 1479 3813 largior·

556 3831 860 3882 ωωῲωὼώ
1072 3832 1375 3886 mmmmmm

327 3929 452 3989 carmini
475 3928 564 3987 choro
587 3926 737 4004 gradienti
760 3927 909 3986 cantando
933 3926 1032 3986 minus
1055 3930 1245 3989 conveniunt.

1367 4073 1448 4154 Στρ.

537 4167 683 4256 Ἐλατὴρ
707 4167 868 4256 ὑπέρτατε
890 4174 1034 4257 βροντᾶς
1057 4173 1329 4259 ἀκαμαντόποδος

588 4283 668 4342 Ζεῦ·
692 4275 762 4341 τεαὶ
786 4279 849 4364 γὰρ
873 4273 957 4363 ὧραι

472 4406 541 4414 ..--ι

400 4491 480 4525 vaura
498 4490 602 4561 nncrrq.
628 4471 724 4560 ,Inacr
756 4467 885 4560 Ψοξμμιδι
899 4475 1085 4561 Κρμαριναίῳ
1098 4475 1202 4547 ἅρματι
1216 4479 1252 4546 Δ,
1268 4476 1361 4548 Ψαύμ.
1377 4482 1450 4568 Καρ.
1467 4477 1566 4542 ἵπποις
1580 4478 1606 4543 0,

330 4545 457 4614 asnapio»
473 4547 657 4617 Καμαριναιῳ
677 4547 841 4616 (Καμαρινῳ
860 4544 898 4613 Β)
917 4563 1013 4608 raucae
1032 4547 1179 4615 νικήσαντι
1192 4549 1245 4619 τὴν
1263 4549 1454 4620 ὀγδοηκοστην
1473 4551 1608 4619 δευτέραν

401 4703 589 4741 concurrerem
627 4701 653 4740 τ,
674 4692 697 4740 1.
726 4684 896 4740 vocabulum
923 4687 1171 4759 ἀκαμαντόποδος,
1200 4693 1276 4763 quod
1303 4692 1447 4764 proprium
1476 4711 1606 4764 equorum

330 4756 374 4834 (Ο.
384 4775 415 4810 111
429 4759 451 4828 a)
466 4761 517 4826 eet,
537 4756 574 4810 ad
588 4756 695 4811 fulmen
709 4757 783 4812 Iovis
797 4755 942 4812 velocibus
956 4759 1036 4828 equis
1051 4763 1179 4819 vehentis
1194 4764 1370 4834 transfertur,
1385 4765 1460 4820 unde
1474 4765 1605 4822 Horatius
