3417 5434
338 376 402 441 102
807 379 956 431 Ριαοιιιι
975 380 1141 433 narrem.

424 539 488 623 ἐγὼ
512 537 548 605 δὲ
570 541 679 617 ίίόιος
701 540 739 606 έν
761 550 864 628 κοινῷ
889 544 1033 622 σταλείς,

354 663 388 712 σο
425 650 524 733 μῆτίν
546 670 581 712 τε
604 648 741 733 γαρύων
763 650 976 731 παλαιγόνων

423 757 568 839 πόλεμόν
590 752 620 819 τ’
646 754 683 819 έν
705 754 745 839 pl
756 758 872 841 ρωίαις
896 754 1065 842 ἀρεταῖσιν

426 863 467 927 οὐ
490 859 630 947 ψεύσομ’
656 860 742 947 άμφὶ
765 866 957 948 Κορίνθου,
981 866 1138 948 Σίσυφον
1160 861 1222 948 μὲν

470 972 679 1035 πυκνότατον
701 969 900 1053 παλάμαις-
920 971 963 1046 ὡς
986 973 1083 1053 θεόν,

426 1073 481 1141 καί
504 1076 566 1140 τάν
588 1077 712 1161 πατρὸς
735 1076 831 1140 ἀντία
855 1078 1011 1160 Μήδειαν
1033 1077 1180 1162 θεμέναν
1204 1078 1311 1164 γάμον
1334 1080 1428 1166 αὐτᾷ,
1574 1097 1604 1143 75

425 1184 484 1249 ναῒ
505 1180 568 1270 opi-
582 1206 694 1268 τειραν
715 1181 829 1269 Ἀργοῖ
848 1180 903 1249 καὶ
927 1186 1115 1269 προπόλοις.

356 1415 389 1464 σο
426 1399 467 1465 τά
489 1395 527 1463 dl
549 1400 608 1462 καί
627 1395 701 1462 ποτ’
727 1396 764 1461 έν
787 1396 871 1485 ἀλκᾷ
1380 1400 1461 1467 'Avo
1486 1400 1533 1484 γ’.

426 1507 491 1592 πρὸ
514 1504 866 1590 Δαρδάνου-τειχέων
889 1503 1052 1590 ἐδόκησαν

428 1612 483 1677 ἐπ’
507 1612 677 1697 ἀμφότερα
699 1621 808 1697 μαχᾶν
831 1612 968 1697 τάμνειν
990 1612 1099 1698 τέλος,

429 1718 481 1785 τοί
504 1716 565 1804 μὲν
587 1717 676 1803 γένει
699 1723 787 1808 φίλω
810 1722 875 1786 σὺν
896 1718 1025 1807 Ἀτρέος

424 1826 560 1893 Ἑλέναν
582 1830 798 1911 κομίζοντες,
821 1828 857 1892 οί
878 1824 909 1891 d’
935 1826 999 1893 άπὸ
1021 1826 1158 1913 πάμπαν

359 1952 393 1999 60
430 1940 608 2019 εἴργοντες
634 1932 669 1998 έκ
692 1937 820 2011 Λυκίας
843 1930 880 1999 dt
905 1938 1058 2001 Γλαῦκον
1081 1934 1197 2001 ἐλθόν-

473 2066 513 2107 τα
536 2044 676 2127 τρόμεον
698 2046 839 2107 Δαναοί.
858 2084 872 2093 -
891 2054 977 2108 τοῖσι
1001 2038 1061 2127 μὲν
1571 2060 1603 2106 ss

413 2330 456 2381 51.
477 2324 581 2395 ἡρώοις
593 2325 671 2381 B¹D
684 2356 718 2367 -
732 2331 775 2380 52.
794 2325 939 2395 ψεύδομαι
955 2326 993 2382 0¹
1008 2358 1040 2367 -
1056 2324 1193 2395 κορίνθου
1208 2327 1241 2381 Ν
1245 2326 1280 2383 O:
1299 2324 1425 2400 κορίνθῳ
1440 2328 1476 2397 Β,
1494 2323 1616 2395 κορίνθω

344 2399 399 2454 CD
418 2400 450 2467 (ω
473 2396 503 2450 in
525 2414 580 2452 ras.
599 2398 649 2467 D),
668 2397 800 2467 genetivo
823 2397 853 2450 in
877 2397 964 2451 simili
987 2414 1017 2453 re
1040 2414 1107 2452 usus
1131 2401 1175 2453 est
1196 2400 1282 2469 poeta
1301 2398 1358 2453 0.1
1377 2415 1403 2453 ss
1422 2400 1452 2452 et
1470 2398 1503 2453 N.
1518 2418 1536 2451 x
1555 2415 1567 2451 ι
1588 2428 1615 2436 -

342 2469 487 2597 ίόςῃοθυεὸν]
514 2466 624 2539 ὑμνέων
648 2468 694 2523 vel
719 2466 823 2523 αἰνέων
848 2468 919 2524 coni.
939 2467 1053 2524 Bossler
1073 2502 1103 2511 -
1125 2474 1167 2526 53.
1194 2467 1295 2525 ἀντίαν
1313 2471 1378 2524 Β·ο
1398 2502 1431 2511 -
1452 2475 1493 2526 54.
1518 2485 1616 2537 προσπ.

413 2708 455 2758 49.
484 2702 556 2766 ἴδιος
583 2701 614 2757 έν
641 2708 727 2775 κοινῷ
755 2698 874 2766 σταλείς·
899 2718 951 2771 ego
975 2704 1121 2771 tamquam
1145 2720 1215 2757 unus
1244 2718 1278 2757 ex
1305 2702 1411 2773 populo
1439 2700 1614 2768 constitutus,

342 2773 391 2844 qui
419 2791 534 2828 causam
562 2772 672 2844 populi,
700 2791 757 2827 non
784 2790 877 2828 meam
904 2772 1045 2844 privatam
1073 2790 1170 2844 agam,
1198 2777 1231 2827 ut
1257 2776 1333 2829 recte
1361 2773 1515 2829 scholiasta
1536 2774 1614 2827 inter-

362 2848 471 2901 retatus
493 2848 549 2900 est:
577 2845 629 2914 ἐγὼ
652 2845 687 2915 δὴ
712 2840 763 2900 oda
792 2846 842 2915 οὐχ
872 2847 907 2907 ὡς
934 2841 1077 2913 άλλότριός
1102 2865 1143 2909 τις
1166 2843 1227 2899 ἀλλ’
1249 2847 1285 2909 ὡς
1307 2845 1379 2909 ίδιος
1402 2846 1451 2899 καὶ
1475 2845 1568 2908 κοινὸς
1589 2844 1616 2897 έν

343 2926 416 2988 υμῖν.
454 2916 519 2971 Alia
547 2919 592 2971 est
618 2915 661 2970 vis
689 2915 821 2971 vocabuli
848 2916 909 2971 ίδια
936 2916 970 2970 N.
990 2932 1062 2970 v1ss
1090 2948 1124 2959 -
1151 2922 1193 2972 52.
1222 2917 1374 2987 ψεύσομαι·
1404 2934 1462 2972 non
1487 2916 1615 2972 mentitus

342 3006 403 3043 esse
429 2988 634 3059 deprehendar,
663 2989 685 3042 si
707 2987 889 3057 prudentiam
913 2989 942 3041 et
965 2987 1100 3042 virtutem
1124 2988 1258 3043 bellicam
1283 2988 1439 3059 priscorum
1466 2988 1615 3044 Corinthio-

342 3058 704 3185 terremtatem
726 3060 1010 3185 ltffrslmtlll
1029 3058 1615 3187 llllltfltllttltlrltlt

342 3204 447 3258 bonum
475 3201 646 3272 explicatum
674 3151 813 3267 adilricus.
839 3202 923 3257 modo
946 3199 1074 3272 Σίσυφον
1102 3205 1131 3256 et
1154 3176 1287 3271 Μάᾶειαν
1310 3203 1442 3258 vocabuli
1466 3150 1556 3274 posui)
1570 3220 1614 3272 ap-

342 3273 510 3345 positionem
540 3290 601 3328 esse
629 3274 748 3330 duxeris.
785 3273 861 3328 Bene
881 3274 976 3328 autem
995 3276 1027 3327 ut
1044 3274 1224 3344 prudentiam
1247 3278 1352 3345 (μῆτιν)
1374 3278 1503 3331 veterum
1526 3274 1613 3330 Corin-

343 3346 468 3401 thiorum
496 3344 604 3400 duobus
632 3343 767 3428 exemplis
790 3344 923 3415 mythicis
948 3344 1063 3416 Sisyphi
1090 3348 1119 3399 et
1146 3346 1264 3401 Medeae
1292 3345 1419 3401 illustrat
1446 3346 1509 3471 §plo
1532 3366 1556 3401 v.
1575 3349 1614 3411 τι),

343 3418 386 3472 ita
408 3416 541 3471 bellicam
562 3434 673 3486 quoque
695 3419 829 3471 virtutem
857 3416 902 3487 (τὰ
926 3414 957 3471 δὲ
981 3435 1006 3471 v.
1026 3420 1063 3486 τι)
1091 3416 1201 3471 duobus
1227 3418 1327 3472 castris
1353 3416 1422 3473 belli
1472 3417 1562 3473 roiani
1584 3446 1614 3457 -

344 3495 386 3545 52.
412 3486 483 3542 Σίσυ
508 3507 541 3542 ον
566 3488 618 3558 μὲν
643 3485 820 3543 πυκνότατον
844 3486 988 3557 παλάμαις
1013 3489 1049 3550 ὡς
1075 3485 1159 3543 θεόν·
1188 3489 1290 3543 veteris
1318 3489 1392 3559 regis
1416 3488 1613 3545 corinthiorum

344 3576 445 3616 nomen
458 3510 588 3628 Σίόυφον
601 3577 636 3614 ex
649 3559 752 3614 Dorica
766 3558 889 3614 dialecto
906 3558 1086 3630 interpretari
1103 3562 1189 3631 poeta
1202 3560 1323 3630 videtur,
1342 3563 1375 3614 ut
1390 3559 1466 3614 idem
1485 3560 1615 3631 significet

344 3634 430 3701 atque
451 3629 539 3687 Θεόσο
564 3652 606 3700 ος,
630 3632 717 3703 σοφὸς
740 3632 777 3695 ὡς
799 3630 865 3694 σιός.
903 3630 1032 3685 Ceterum
1053 3631 1083 3684 in
1108 3630 1231 3686 carmine
1249 3630 1375 3686 encomio
1395 3630 1465 3685 civis
1485 3629 1613 3687 Corinthii

343 3703 523 3774 prudentiam
540 3653 656 3774 gisyphi
673 3702 786 3764 laudat.
804 3705 902 3773 tepens
922 3703 956 3755 de
975 3702 1139 3757 sraudulosa
1158 3702 1218 3757 eius
1241 3702 1362 3771 astutia,
1382 3720 1467 3772 quam
1486 3704 1613 3757 Homerus

344 3775 470 3847 epitheto
489 3772 634 3843 κερδίστου
652 3776 765 3844 ἀνδρῶν
783 3774 815 3828 11.
830 3794 858 3826 vr
878 3790 916 3829 158
935 3773 1144 3843 significaverat
1157 3776 1187 3828 et
1200 3774 1278 3829 cuius
1297 3791 1404 3845 poenas
1424 3775 1500 3844 apud
1519 3775 1613 3829 inferos

344 3847 421 3903 luere
440 3846 583 3901 ferebatur
600 3846 662 3915 (od.
678 3866 706 3899 τι
724 3862 771 3901 τοι.
796 3844 853 3900 0.ι
872 3848 916 3914 os).
954 3845 994 3899 De
1014 3844 1127 3915 Sisyphi
1146 3844 1254 3915 origine
1272 3848 1302 3900 et
1319 3845 1453 3917 progenie
1472 3864 1499 3901 v.
1513 3843 1611 3913 Proleg.

345 3938 418 3973 τινα
443 3949 477 3959 -
503 3924 545 3973 53.
572 3917 701 3972 Medeam
724 3916 900 3972 Corinthiam
925 3916 1062 3970 Pindarus
1086 3916 1166 3986 iecit,
1192 3920 1316 3972 veterem
1338 3920 1452 3988 poetam
1476 3917 1613 3973 Eumelun

345 3993 465 4055 secutus,
484 3989 533 4058 qui
552 3989 663 4057 Aetam,
680 3992 791 4060 patrem
809 3988 934 4057 Medeae,
955 3986 1088 4042 Corintho
1106 3988 1268 4043 Colchidem
1287 3988 1424 4060 migrasse
1443 3990 1613 4052 narraverat3

344 4081 370 4117 v.
386 4061 501 4129 scholia,
521 4078 593 4129 quae
612 4060 722 4115 Eumeli
736 4078 832 4114 versus
851 4058 972 4114 afferunt
986 4061 1015 4113 et
1027 4062 1175 4129 praeterea
1189 4060 1312 4116 addunt:
1334 4058 1464 4130 Μηδείας
1479 4058 1613 4131 μέμνηται,

345 4134 388 4189 ὅτι
403 4133 434 4187 ἐν
443 4135 578 4205 Κορίνθῳ
592 4132 711 4203 κατῴκει
725 4132 773 4186 καὶ
786 4131 890 4186 ἔπαυσε
900 4127 1072 4200 Κορινθίους
1081 4135 1161 4223 λιμοῦ
1171 4132 1285 4186 θύσασα
1296 4131 1423 4202 Δήμητρι
1438 4132 1488 4186 καὶ
1502 4133 1615 4223 νύμφαις

345 4201 489 4275 Λημνίαις.
515 4204 572 4259 ἐκεῖ
585 4202 616 4259 ul
632 4205 717 4273 αότης
732 4202 746 4257 ό
764 4204 832 4266 Ζεὺς
845 4201 969 4273 ἠράσθη,
985 4203 1036 4256 ούκ
1051 4202 1182 4257 ἐπενθετο
1196 4201 1228 4257 δὲ
1243 4204 1260 4272 ἡ
1275 4203 1399 4272 Μήδεια,
1414 4204 1465 4259 τὸν
1478 4212 1527 4275 της
1546 4209 1615 4269 Heus

347 4274 510 4332 ἐκκλίνουσα
528 4273 619 4347 χόλον.
648 4275 693 4330 διὸ
708 4275 757 4329 καὶ
770 4275 788 4343 ἡ
801 4272 875 4342 Ἥρα
890 4272 1023 4346 ὑπέσχετο
1038 4275 1108 4346 adep
1123 4274 1289 4339 ἀθανάτους
1301 4283 1418 4345 ποιῆσαι
1431 4277 1498 4339 τοὺς
1511 4278 1614 4340 παῖδας,

345 4344 548 4410 ἀποθανόντας
558 4345 589 4401 dl
599 4346 715 4409 τούτους
728 4355 825 4414 τιμῶσι
834 4344 987 4413 Κορίνθιοι
997 4349 1147 4409 καλοῦντες
1161 4344 1390 4472 μιξοβαρῗάρους,
1411 4345 1513 4401 Confer
1522 4345 1614 4401 Weck-

346 4418 404 4474 lein
417 4419 447 4472 in
457 4417 565 4491 Proleg.
576 4419 639 4473 Eur.
651 4418 723 4473 Med.
735 4450 768 4459 -
779 4422 821 4473 53.
836 4418 918 4492 αὐτᾷ,
928 4417 1004 4487 quod
1013 4417 1098 4499 vulgo
1109 4418 1181 4493 αὑτᾷ
1192 4418 1277 4473 dicun
1296 4443 1302 4487 ς
1318 4417 1457 4472 Pindarus
1468 4418 1551 4487 enim,
1562 4435 1615 4473 cum

347 4490 478 4574 similiter
491 4494 577 4573 atque
585 4490 723 4545 Homerus
737 4488 851 4544 articuli
864 4506 945 4542 usum
956 4488 1164 4559 angustissimis
1174 4489 1276 4544 finibus
1286 4489 1559 4572 circumscripsisset,
1569 4490 1614 4573 lor-

346 4559 1441 4703 tlttttllt,“lluttttz“tulit¹lltr.⁵t⁸⁵rttltttt
1456 4565 1616 4704 {tltllt

348 4703 434 4759 Ἴλιον
449 4737 482 4746 -
498 4710 539 4759 ol.
554 4703 671 4774 τάμνειν
684 4704 772 4767 τέλος·
789 4704 823 4759 cf.
839 4703 903 4759 Eur.
918 4703 1028 4759 Heracl.
1044 4718 1082 4759 τοο
1097 4701 1231 4759 κίνδυνον
1244 4709 1331 4779 πολιῷ
1345 4702 1457 4774 τέμνειν
1472 4704 1575 4779 σιδάρῳ
1588 4734 1616 4746 ·-

349 4782 391 4831 58.
411 4777 462 4901 wi)
472 4774 524 4902 pito
542 4774 746 4846 intelleguntur
764 4774 910 4845 Corinthii,
929 4774 978 4844 qui
997 4776 1067 4830 duce
1085 4774 1247 4832 Euchenore
1266 4776 1307 4847 (Il.
1321 4794 1371 4831 1111
1384 4780 1435 4848 eos)
1453 4794 1505 4848 pro
1519 4775 1616 4833 Atridis

347 4864 443 4921 pugna
464 4864 502 4902 an
532 4878 566 4889 -
