3417 5434
638 325 774 396 [usum
793 324 852 395 xi]

160 489 258 573 ἰσχὺν
281 489 413 552 οἰκείων
435 486 646 573 παρέσφαλεν
668 493 779 553 καλῶν

158 596 267 681 χειρὸς
290 593 410 661 έλ-κων
433 594 559 661 ὀπίσσω
582 597 693 681 θυμὸς
715 597 855 681 άτολμος
879 593 951 659 ἐών.

161 795 343 876 συμβαλεῖν
365 794 430 876 μάν
455 788 592 878 εὐμαρὲς
614 786 656 875 ἦν
679 794 716 857 τό
739 814 773 856 τε
797 790 1009 877 Πεισάνδρου
1032 791 1133 857 πάλαι
1187 796 1266 878 Στρ.
1285 790 1328 875 γ’.

159 890 228 982 αἷμ’
254 897 318 964 άπὸ
343 900 513 986 Σπάρτας·
534 897 741 982 Ἀμύκλαθεν
764 900 826 984 γάρ
850 901 910 982 έβα
933 900 997 963 σὺν
1017 896 1149 986 Ὀρέστᾳ

98 1021 138 1069 35
160 1004 311 1071 Αἰολέων
334 1006 492 1092 στρατιάν
514 1005 690 1090 χαλκεντέα
714 1002 805 1089 δεῦρ’
831 1004 979 1087 ἀνάγων·
1346 1022 1381 1069 lo

158 1110 213 1177 καὶ
236 1110 314 1199 παρ’
337 1110 490 1198 Ἰσμηνοῦ
513 1114 596 1198 βοᾶν
619 1110 819 1199 κεκραμένον

158 1217 195 1283 έκ
217 1222 465 1285 Μελανίπποιο
489 1220 548 1304 μά-

194 1349 307 1412 τρωος.
354 1325 487 1412 ἀρχαῖαι
511 1324 539 1390 δ’
569 1324 681 1412 άρεταὶ

158 1520 340 1609 ἀμφέροντ’
366 1522 606 1609 ἀλλασσόμεναι
629 1532 758 1605 γενεαῖς
781 1520 915 1606 ἀνδρῶν
938 1521 1072 1601 σθένος·
1181 1522 1266 1591 Ἀντ.
1285 1522 1328 1609 γ’.

158 1627 196 1695 έν
219 1639 324 1719 σχερῷ
349 1628 380 1694 δ’
406 1628 475 1695 οὔτ’
502 1625 550 1695 ὧν
573 1628 724 1716 μέλαιναι
747 1631 876 1716 καρπὸν
898 1631 1026 1697 ἔδωκαν
1049 1632 1205 1716 άρουραι,
1348 1650 1381 1697 οο

97 1754 138 1801 40
159 1734 300 1821 δένδρεά
323 1735 352 1802 τ’
378 1737 439 1803 οὐκ
463 1736 570 1803 έθέλει
592 1737 713 1814 πάσαις
736 1736 835 1803 ἐτέων
857 1739 1012 1824 περόδοις

158 1845 266 1921 ἄνθος
289 1844 410 1921 εὐῶδες
432 1843 548 1930 φέρειν
570 1845 703 1933 πλούτῳ
726 1848 837 1928 fisos,

158 1948 229 2016 ἀλλ’
257 1950 294 2016 έν
317 1950 510 2036 άμεί-βοντι.
556 1950 611 2017 καὶ

203 2059 332 2124 θνατὸν
354 2058 460 2137 οὕτως
483 2062 582 2137 ἔθνος
605 2062 677 2144 dyas

177 2240 219 2287 38.
246 2233 303 2305 μὰν
328 2234 400 2289 coni.
419 2234 517 2295 Panw:
542 2232 606 2290 λλαν
625 2236 692 2290 BD
710 2238 739 2290 et
757 2236 844 2291 schol.
864 2268 897 2277 —
916 2240 959 2290 36.
985 2234 1137 2306 χαλκεντέα
1161 2236 1232 2292 coni.
1252 2235 1379 2292 Sohmid:

119 2302 231 2359 αλκέιον
253 2323 283 2359 τε
306 2305 346 2375 Β,
369 2304 542 2376 χαλκεντέων
565 2308 595 2361 D
613 2338 647 2347 —
666 2306 779 2362 ἀνάτων
802 2308 832 2361 D
852 2340 884 2348 -
904 2312 945 2363 36.
972 2307 1055 2377 λομεν.
1075 2310 1105 2363 D
1123 2338 1156 2349 -
1181 2304 1252 2379 βοᾶν
1274 2308 1380 2378 Bergk:

98 2327 177 2445 βοὰν
196 2375 282 2447 vulgo
301 2406 334 2417 -
354 2382 396 2431 38.
416 2378 511 2435 ἀλαοο.
531 2378 561 2431 D
579 2410 612 2419 -
631 2384 674 2433 40.
697 2377 766 2434 πότ’
788 2378 872 2434 ἐτέον
889 2380 917 2433 Β
934 2410 970 2419 -
987 2378 1120 2447 περόδοις
1138 2378 1264 2437 Schmid:
1287 2379 1381 2471 περιέ»

100 2450 166 2573 dgr?
189 2448 308 2574 Bssb-
327 2454 370 2503 41.
394 2449 505 2523 πλούτῳ
523 2466 576 2506 om.
596 2451 624 2505 B
642 2482 676 2491 -
696 2455 738 2505 42.
763 2448 849 2514 οὕτως
873 2450 957 2514 ἔθνος
979 2467 1014 2504 ex
1037 2450 1151 2505 scholiis
1173 2452 1284 2520 Heyne:
1308 2470 1380 2506 ουτω

100 2538 117 2574 o
160 2539 209 2583 νος
311 2552 344 2561 -

100 2644 164 2699 vim
178 2643 243 2698 huic
257 2644 343 2699 verbo
357 2644 459 2700 tribuit
472 2645 551 2729 Diog.
567 2646 657 2702 Laert.
673 2666 701 2702 νι
716 2664 754 2716 ιι;
772 2647 821 2701 sed
836 2663 899 2700 cum
914 2648 1046 2716 aequales
1061 2647 1209 2719 scriptores
1223 2648 1382 2703 Herodotus

101 2715 286 2785 Thucydides
305 2716 453 2799 Euripides
474 2720 578 2774 aonsto
598 2716 747 2791 ἐμέμφθην
761 2718 819 2773 vim
833 2717 956 2773 activam
970 2718 1105 2789 tribuant,
1124 2719 1171 2773 hic
1208 2736 1299 2788 uoque
1319 2722 1382 2774 ‘eum

101 2787 255 2857 intellego,
278 2787 327 2857 qui
350 2806 423 2843 vires
448 2806 513 2844 suas
536 2789 597 2872 ipse
619 2790 700 2845 flocci
722 2790 844 2845 fecit-
864 2796 905 2844 32.
930 2791 1021 2860 χειρὸς
1040 2789 1139 2845 ἕλκων·
1158 2808 1177 2859 p
1209 2790 1277 2844 chre
1294 2794 1382 2845 meta

101 2858 196 2929 phora
213 2858 358 2929 ignasiam
377 2860 459 2930 lingit
477 2861 598 2915 hominis
612 2878 726 2916 manum
740 2862 960 2932 prehendentem
973 2878 1092 2931 eumque
1105 2863 1257 2916 retrorsum
1270 2863 1383 2917 trahen-

102 2936 163 2984 tem
179 2962 215 2970 -
228 2936 270 2985 83.
291 2950 323 2985 συ
341 2933 441 3013 βαλεῖν
455 2932 512 3003 μὰν
531 2932 648 3003 εὐμαρὲς
662 2929 709 3003 ἦν·
729 2932 810 3001 atqui
823 2932 908 2987 facile
922 2932 977 2988 fuit
991 2933 1027 2987 ad
1042 2932 1234 3001 divinandum,
1253 2932 1322 3002 quid
1340 2932 1383 2987 vir

103 3003 141 3057 da
161 3001 297 3071 sauguine
316 2952 447 3057 Maeandri
465 3006 542 3058 ortus
561 3006 759 3059 consecuturus
779 3007 865 3073 esset,
885 3004 909 3057 si
926 3003 1047 3073 Pythice
1064 3003 1110 3059 vel
1129 3003 1276 3074 Olympica
1294 3006 1383 3058 certa-

102 3073 184 3129 mina
198 3072 316 3138 obiisset
334 3106 368 3115 -
387 3072 418 3128 τό
437 3094 466 3129 τε
486 3074 663 3144 Πεισάνδρου
682 3071 751 3141 αἷμα
763 3120 768 3131 .
781 3077 863 3131 ..καὶ
880 3074 950 3143 παρ’
967 3074 1094 3146 Ἰσμηνοῦ
1108 3072 1179 3146 ρὀᾶν
1198 3074 1382 3146 κεκραμένον·

103 3143 286 3199 accusativus
305 3144 417 3209 obiecti,
436 3146 494 3199 vim
513 3148 633 3203 obtinet:
653 3146 736 3201 facile
754 3149 815 3201 erat
833 3146 959 3201 conicere
979 3149 1007 3201 et
1024 3147 1198 3231 praesentire
1217 3146 1383 3229 sanguinem

103 3214 237 3270 Pisandri
252 3220 281 3270 et
292 3215 457 3288 Melanippi,
471 3217 524 3272 hoc
539 3222 582 3272 est
596 3218 722 3273 divinare
737 3217 805 3287 quid
815 3217 924 3273 valeret
938 3235 1053 3289 sanguis
1066 3219 1178 3289 paterni
1192 3218 1238 3273 avi
1252 3218 1382 3273 Pisandri

102 3286 317 3342 Lacedaemone
336 3291 413 3342 ortus
433 3291 462 3342 et
487 3306 550 3343 cum
572 3289 700 3344 Thebani
723 3288 802 3343 fluvii
820 3288 923 3344 Ismeni
941 3289 1050 3359 liquore
1072 3306 1107 3345 ex
1129 3292 1257 3345 materna
1276 3289 1384 3361 origine

103 3358 212 3413 mixtus
228 3390 260 3399 -
276 3364 317 3413 34.
336 3358 506 3430 Ἀμύκλαθεν
521 3404 526 3417 .
542 3405 549 3416 .
564 3404 570 3415 .
586 3359 642 3416 ἀνά
660 3378 711 3417 ων·
751 3378 780 3415 er
798 3361 980 3432 parenthesin
997 3361 1092 3415 media
1108 3360 1257 3416 interiecta
1270 3364 1336 3415 sunt
1350 3394 1384 3401 —

104 3432 159 3485 σὺν
182 3428 308 3505 Ὀρέστᾳ·
335 3430 393 3485 iam
419 3430 545 3487 Orestem
572 3431 608 3486 ab
661 3380 791 3487 eraclidis
818 3449 868 3487 suo
893 3449 980 3503 regno
1004 3432 1117 3503 pulsum
1143 3432 1250 3487 incolas
1275 3436 1384 3487 veteres

103 3501 294 3572 Peloponnesi
313 3519 331 3556 a
349 3502 557 3558 Lacedaemone
577 3507 606 3557 et
623 3503 749 3575 Mycenis
767 3504 799 3559 in
817 3522 895 3559 orum
913 3504 998 3559 Asiae
1015 3502 1131 3559 minoris
1151 3504 1312 3573 deduxisse,
1335 3521 1384 3575 pa-

104 3591 169 3627 rum
194 3576 270 3627 recte
295 3576 380 3643 poeta
404 3577 509 3629 narrat.
546 3575 637 3644 Idem,
656 3592 718 3629 cum
737 3575 786 3645 qui
811 3592 845 3631 ex
870 3575 920 3629 illo
946 3578 1071 3645 tempore
1094 3576 1237 3630 Tenedum
1263 3574 1386 3631 insulam

105 3643 256 3714 tenebant,
280 3644 381 3699 Aeoles
401 3648 506 3715 essent,
525 3646 652 3700 Achaeos
670 3664 795 3716 quoque,
819 3646 868 3717 qui
888 3664 951 3701 oum
968 3646 1112 3717 Penthile,
1137 3646 1243 3702 Orestis
1261 3646 1333 3715 filio,
1355 3646 1385 3700 in
1456 3666 1460 3671 ·

104 3715 206 3770 Asiam
229 3715 432 3787 migraverant,
453 3716 552 3771 Aeoles
575 3716 668 3772 dicere
693 3735 750 3772 non
767 3717 913 3780 ¹dubitarit
931 3751 966 3759 —
984 3724 1026 3773 36.
1046 3719 1166 3774 Boeotos
1184 3718 1272 3773 fuisse
1291 3717 1385 3772 condi-

104 3792 184 3843 tores
203 3786 309 3841 Tenedi
328 3788 413 3857 vulgo
437 3788 589 3843 credebant
615 3791 651 3860 (v.
670 3789 756 3845 Thus.
775 3808 814 3843 vn
832 3793 881 3860 es),
907 3789 1104 3860 similitudine,
1131 3790 1243 3860 opinor,
1270 3788 1385 3842 dialecti

106 3858 242 3913 Aeolicus
261 3860 290 3913 et
308 3858 458 3914 Boeotieae
477 3860 621 3928 commoti;
647 3860 765 3915 meliora
788 3862 883 3915 autem
902 3860 1040 3915 Pindarus
1058 3862 1153 3930 docet,
1179 3860 1229 3930 qui
1247 3876 1280 3914 ex
1299 3862 1385 3914 stem-

106 3930 235 3985 metibus
260 3930 397 3985 nobilium
425 3931 552 4001 gentium
579 3932 689 3986 insulae
717 3934 889 4001 compertum
917 3932 1055 4002 habebat,
1083 3932 1191 3987 incolas
1218 3931 1324 3985 Tenedi
1352 3948 1386 3986 ex

106 4002 230 4057 Achaeis
250 4004 279 4056 et
296 4001 410 4058 Boeotis
428 4004 531 4058 mixtos
550 4002 636 4058 fuisse
657 4036 688 4044 —
708 4002 777 4072 παρ’
799 4002 926 4073 Ἰσμηνοῦ
945 3999 1015 4071 βοᾶν
1035 4021 1098 4057 cum
1116 4002 1237 4085 Bergkio
1255 4019 1306 4072 pro
1324 4001 1386 4056 rul-

107 4076 179 4145 gata
201 4070 270 4141 παρ’
296 4072 423 4156 Ἰσμηνοῦ
443 4070 513 4145 βοὰν
532 4074 703 4129 exarandum
723 4074 830 4142 curavi,
854 4077 888 4127 ut
911 4074 1026 4144 sanguis
1048 4074 1178 4128 Pisandrs
1202 4091 1236 4128 ex
1255 4072 1385 4144 coniugio

108 4144 187 4200 tiliae
212 4144 370 4216 Melanippi
395 4145 503 4215 aliquid
529 4146 646 4215 liquoris
672 4145 799 4201 Thebani
827 4145 931 4200 Ismeni
956 4144 1113 4201 admixtum
1137 4144 1237 4199 tulisse
1262 4144 1385 4212 dicatur,

107 4232 201 4285 neque
219 4218 314 4272 tamen
334 4216 488 4287 quidquam
507 4234 611 4273 causae
629 4220 685 4287 est,
712 4235 761 4273 cur
778 4217 906 4272 Achaeos
924 4216 1045 4286 primum
1075 4234 1109 4271 ex
1135 4216 1328 4287 Peloponneso
1356 4215 1387 4270 in

107 4288 257 4343 Boeotiam
276 4288 446 4343 concessisse
466 4292 495 4344 et
514 4289 614 4344 deinde
633 4306 771 4343 unacum
790 4287 931 4361 indigenis
950 4288 1063 4344 Boeotis
1087 4288 1116 4342 in
1134 4288 1233 4343 Asiam
1250 4287 1387 4412 miffirasse

109 4362 269 4415 statuamus
295 4392 328 4401 -
355 4366 397 4415 38.
425 4360 541 4415 eandem
567 4360 736 4416 sententiam
761 4360 796 4416 de
821 4360 931 4415 vicibus
959 4359 1141 4415 fecunditatis
1169 4362 1199 4414 et
1226 4358 1294 4414 steri
1308 4358 1386 4413 'tatis

108 4448 241 4502 agromm
260 4435 289 4487 et
307 4431 450 4486 hominum
469 4431 606 4487 Pindarus
625 4432 656 4486 in
674 4432 815 4503 prooemio
839 4430 972 4487 carminis
997 4431 1031 4485 N.
1051 4450 1078 4484 vr
1096 4429 1186 4485 fusius
1205 4430 1334 4501 exposuit
1352 4462 1386 4471 -

108 4510 152 4557 40.
173 4502 303 4571 περόδοις
321 4520 371 4573 pro
390 4502 545 4572 περιόδοις,
570 4522 642 4573 quae
662 4504 761 4559 eadem
779 4503 870 4559 forma
887 4504 918 4558 in
936 4501 1020 4558 titulo
1039 4501 1175 4573 Delphico
1194 4501 1261 4557 ClG.
1281 4518 1341 4569 isse,
1362 4518 1387 4556 ιι

109 4574 244 4642 occurrit;
268 4574 302 4631 of.
323 4574 354 4630 Ο.
374 4594 402 4628 vr
422 4591 448 4631 aa
467 4606 499 4615 —
519 4583 561 4630 lu.
582 4576 612 4631 iv
631 4578 787 4701 ἀμείβρντι·
808 4592 872 4629 oum
888 4579 954 4646 post
970 4573 1074 4636 πάσαις
1092 4573 1235 4642 περιόδοις
1252 4575 1338 4643 poeta
1356 4572 1387 4627 λν

109 4644 449 4728 &perpetrassemus
464 4647 681 4702 ‘alternantibus
725 4646 880 4718 mporibus’
897 4646 988 4701 dicere
1002 4644 1153 4713 debuisset,
1171 4647 1270 4699 neutro
1285 4660 1387 4715 genere

108 4716 255 4787 participii
274 4717 304 4773 ἐν
323 4714 467 4791 ἀμείβοντι
485 4718 527 4772 uti
546 4718 659 4787 maluit;
685 4720 724 4774 sio
750 4718 824 4773 enim
846 4719 920 4773 hanc
937 4716 1086 4771 formulam
1105 4716 1284 4788 interpretari
1302 4733 1386 4786 quarn

110 4788 167 4843 ἔτει
186 4789 315 4859 supplere
333 4791 461 4860 praestat
479 4822 512 4829 —

1122 4878 1175 4933 21‘
