3417 5434
485 311 534 363 Ill.
558 311 608 361 DE
627 310 735 362 LUDIS
754 313 800 362 ΕΤ
818 311 993 366 EPINICIIS.
1294 310 1381 366 LXIX

87 475 227 560 Auges,
260 474 427 558 Epeorum
455 495 546 560 rege,
577 472 774 559 instituisse,
801 474 1003 559 eundemque
1032 475 1112 540 oleis
1141 475 1313 541 arboribus
1341 499 1381 541 ex

87 580 389 666 Hyperboreorum
413 580 556 646 terrain
580 579 786 666 Olympicum
810 603 940 668 agrum,
966 582 1045 647 solis
1069 583 1257 648 ardentibus
1280 584 1380 650 radiis

88 692 193 752 antea
217 685 413 772 expositum,
436 687 685 772 transplantatis
706 687 889 774 oleaginum
912 711 1065 754 coronam
1088 690 1266 756 victoribus
1285 692 1382 756 desti·

87 817 200 878 nasse,
223 794 369 860 carmine
392 793 428 858 Ο.
444 812 483 858 111
505 794 625 879 partim
649 793 777 859 rettulit
800 796 921 880 partim
944 796 1047 860 finxit.
1085 796 1171 873 Quin
1194 797 1293 862 etiam
1312 799 1380 883 qui·

87 925 170 966 nam
185 901 221 966 in
234 900 322 966 ludis
341 901 408 966 illis
423 901 464 966 ab
480 901 619 966 Hercule
638 901 800 966 institutis
818 902 917 986 primi
934 903 1080 987 praemia
1094 903 1298 989 singulorum
1312 928 1380 970 cer-

87 1009 257 1074 taminum
275 1008 523 1093 reportaverint,
542 1009 673 1094 copiose
691 1008 833 1073 carmine
848 1007 883 1072 Ο.
898 1026 922 1072 x
941 1009 1082 1094 exponit.
1116 1009 1243 1075 Similia
1261 1017 1380 1098 autem,

89 1117 121 1181 si
146 1139 231 1201 qnae
255 1115 308 1182 Ps.
328 1114 392 1180 Dio
414 1116 450 1180 in
474 1115 621 1180 oratione
643 1114 853 1182 Corinthiaco
874 1137 904 1200 p.
925 1116 987 1181 107
1008 1116 1038 1181 R
1057 1117 1165 1202 refert,
1188 1118 1228 1182 ad
1246 1117 1380 1184 Pindari

86 1223 270 1308 epinicium
299 1223 432 1306 aliquod
459 1221 653 1288 Isthmicum
686 1245 772 1287 nunc
800 1223 1001 1308 deperditum
1029 1225 1193 1289 retrahere
1220 1225 1308 1312 licet,
1340 1227 1378 1291 de

86 1331 249 1416 mythieis
282 1329 369 1394 ludis
397 1329 564 1396 Isthmieis
593 1352 611 1393 a
639 1329 793 1414 Neptuno
818 1335 850 1394 et
874 1329 949 1396 Sole
981 1330 1142 1396 institutis
1175 1339 1378 1399 commentus

86 1443 151 1504 est.
188 1437 320 1524 Pythiis
341 1459 416 1502 vero
437 1436 523 1502 ludis
548 1437 635 1522 quod
654 1436 810 1521 Orestem,
835 1437 1090 1524 Agamemnonis
1108 1438 1222 1520 filium,
1243 1440 1279 1504 in
1299 1464 1378 1526 agro

87 1545 226 1631 Pyladis
263 1545 361 1609 amici
390 1543 468 1610 olim
496 1545 535 1609 de
563 1565 683 1609 corona
712 1547 852 1610 certasse
880 1543 915 1609 P.
939 1561 976 1608 x1
1001 1545 1041 1610 15
1064 1550 1189 1629 narrat,
1224 1545 1379 1632 Sophocli

87 1655 229 1719 eandem
253 1651 400 1716 fabulam
426 1651 463 1715 in
485 1651 589 1717 Elect.
608 1652 670 1717 681
685 1673 726 1716 ss.
759 1652 928 1716 cromanti
961 1651 1107 1734 praeivit.
1162 1652 1239 1738 Ipso
1269 1659 1379 1719 antem

85 1761 223 1826 nomine
237 1758 434 1844 Pythiorum
453 1781 527 1824 cum
547 1759 768 1845 significatum
787 1781 857 1823 esse
875 1759 1033 1844 videatur,
1055 1759 1117 1824 hos
1136 1782 1265 1845 quoque
1283 1761 1378 1827 ludos

85 1869 131 1933 ad
154 1868 318 1954 originem
342 1866 523 1930 fabularem
546 1871 579 1931 et
606 1866 750 1952 pugnam
774 1865 937 1951 Apollinis
965 1889 1039 1931 cum
1062 1866 1211 1951 Pythone
1239 1869 1378 1934 dracone

86 1977 314 2062 depugnatam
336 1974 457 2039 relatos
481 1995 562 2059 esse,
584 1979 694 2038 tamen
717 1974 801 2037 hanc
824 1973 969 2038 fabulam
993 1973 1152 2038 Pindarus
1175 1974 1208 2038 in
1229 1974 1377 2060 epiniciis

84 2107 156 2148 non
179 2087 372 2169 persecutus
391 2086 454 2166 est,
478 2083 532 2146 sed
553 2082 622 2146 solo
641 2081 676 2144 in
695 2103 817 2166 paeane
837 2080 946 2164 aliquo
967 2076 1020 2166 (fr.
1035 2078 1093 2167 55)
1113 2080 1234 2168 attigit.
1265 2081 1377 2149 Etiam

86 2213 190 2276 qnam
207 2194 307 2274 poeta
319 2189 498 2274 Romanus,
522 2187 657 2273 Statius,
679 2187 853 2254 Tbebaidis
872 2187 957 2252 libro
977 2187 1092 2272 quinto
1112 2189 1242 2274 copiose
1265 2195 1378 2256 narrat

84 2298 237 2363 fabulam
260 2298 300 2362 de
323 2296 408 2361 ludis
431 2295 467 2360 in
490 2317 569 2380 agro
590 2294 753 2359 Nemeaeo
773 2319 792 2360 a
811 2299 936 2380 septem
955 2294 1091 2359 ducibus
1109 2295 1242 2382 Argivis
1262 2302 1376 2363 contra

83 2405 219 2470 Thebas
257 2402 540 2488 proficiscentibus
576 2403 612 2467 in
647 2402 805 2466 honorem
838 2402 998 2486 Opheltae
1031 2402 1098 2466 sive
1130 2401 1324 2469 Archemori
1357 2429 1377 2469 a

85 2517 240 2597 serpente
278 2509 442 2576 interlecti
478 2506 687 2595 institutis¹),
723 2532 795 2574 eam
830 2509 897 2574 iarn
932 2509 1106 2574 Thebanus
1143 2514 1242 2594 poeta
1277 2534 1374 2577 nosse

85 2619 233 2703 videtur,
259 2617 338 2683 licet
361 2639 433 2682 eam
455 2638 521 2681 non
545 2617 621 2682 data
645 2639 743 2702 opera
766 2617 963 2681 tractaverit.
1009 2615 1095 2681 Nam
1119 2618 1206 2701 quod
1229 2616 1269 2683 N.
1288 2620 1374 2684 128

84 2725 254 2790 Theseum
283 2723 445 2809 Argivum
476 2723 593 2788 vicisse
621 2721 701 2788 dicit
729 2721 765 2788 ἐν
791 2720 988 2811 Ἀδραστείῳ
1016 2725 1123 2811 νόμῳ,
1151 2724 1215 2790 hoc
1243 2726 1283 2790 ad
1312 2725 1375 2791 Ne-

84 2855 219 2898 meaeus
242 2831 339 2896 ludos
362 2829 566 2896 referendum
590 2835 623 2895 et
647 2853 685 2894 ex
709 2829 897 2894 narratione
924 2829 983 2894 illa
1006 2830 1044 2894 de
1072 2830 1158 2895 ludis
1181 2831 1374 2898 funebribus

88 2941 130 3005 ab
165 2940 310 3004 Adrasto
317 2991 325 3024 ,
357 2960 423 3002 nno
452 2959 491 3002 ex
520 2942 645 3021 septem
673 2936 822 3022 ducibus,
853 2937 1017 3002 institutis
1046 2938 1272 3023 explicandum
1304 2963 1374 3006 esse

86 3047 250 3131 Didymus
284 3044 516 3133 grammaticus
549 3046 630 3109 bene
662 3043 832 3108 intellexit.
879 3040 1083 3128 Quamquam
1110 3045 1255 3111 fabulam
1282 3047 1373 3113 illam

85 3159 164 3238 post
187 3151 365 3218 Pindarum
388 3151 507 3238 tragici
534 3155 663 3236 poetae,
690 3149 872 3234 Aeschylus
895 3151 930 3214 in
957 3151 1090 3217 Nemeis
1119 3157 1152 3217 et
1180 3152 1375 3240 Hypsipyle,

87 3259 262 3345 Euripides
285 3259 321 3324 in
342 3257 538 3344 Hypsipyle,
563 3257 742 3323 excoluisse
765 3257 930 3342 videntur,
953 3280 1017 3342 quo
1041 3264 1138 3343 pacto
1162 3260 1262 3324 etiam
1289 3283 1372 3345 quae

85 3369 123 3432 de
143 3365 314 3432 Isthmicis
336 3366 422 3430 ludis
444 3366 480 3430 in
502 3365 659 3430 honorem
679 3364 867 3430 Melicertes
890 3364 969 3430 olim
992 3365 1089 3430 factis
1113 3369 1212 3449 atque
1235 3366 1274 3430 de
1292 3367 1373 3432 The-

85 3497 141 3540 seo
162 3474 322 3540 Isthmios
341 3473 451 3558 lucica,
474 3495 493 3536 a
512 3469 654 3556 Sisypho
673 3471 747 3536 illos
767 3472 909 3556 primum
928 3472 1110 3557 institutos,
1132 3480 1208 3556 post
1227 3471 1372 3540 Sinidem

85 3584 249 3648 latronem
278 3579 440 3644 devictum
462 3579 666 3645 instaurante
695 3578 820 3643 scholia
841 3578 974 3643 Pindari
998 3602 1028 3663 p.
1048 3581 1114 3644 514
1123 3578 1203 3666 eqd)
1227 3588 1372 3669 narrant,

86 3691 138 3753 vix
162 3688 300 3754 dubium
324 3690 374 3752 est
402 3686 482 3771 quin
506 3688 545 3751 ab
569 3687 690 3752 Atticis
716 3685 823 3769 poetis
847 3691 880 3750 et
903 3687 1116 3773 logographis
1139 3687 1273 3753 inventa
1296 3690 1370 3755 sint.

87 3797 232 3880 Denique
261 3816 302 3858 ex
330 3792 511 3858 minoribus
540 3815 667 3878 quoque
695 3793 780 3858 ludis
807 3794 982 3859 nonnullos
1006 3795 1046 3858 ad
1068 3795 1200 3861 heroica
1222 3801 1371 3882 tempora

86 3904 245 3969 Pindarus
264 3901 416 3987 retraxit3
440 3901 487 3965 sic
505 3898 687 3986 Sicyonios,
712 3923 794 3985 quos
814 3923 833 3965 a
852 3899 1018 3966 Clisthene
1037 3906 1177 3987 tyranno
1198 3903 1369 3969 institutos

87 4033 158 4076 esse
181 4009 343 4074 historica
365 4008 427 4073 fide
452 4013 590 4093 constat,
614 4008 653 4072 ab
671 4008 814 4073 Adrasto
838 4008 937 4074 heroe
961 4009 1110 4074 conditos
1134 4031 1204 4075 esse
1226 4008 1266 4074 N.
1289 4015 1368 4075 1x9

84 4125 117 4183 et
140 4117 220 4184 l.1v
240 4118 284 4180 44
307 4115 484 4200 fabulatur,
505 4114 665 4201 Phylacae
687 4115 783 4180 ludos
806 4115 841 4180 in
860 4116 1050 4181 memoriam
1069 4115 1240 4181 Protesilai
1260 4117 1368 4182 herois

84 4225 256 4290 institutos
290 4222 501 4288 essel.158
527 4223 703 4308 significat,
739 4219 893 4288 Lemnios
929 4222 1023 4288 ludos
1057 4246 1130 4288 cum
1163 4224 1367 4309 expeditione

84 4333 365 4417 Argonautarum,
396 4334 540 4395 veterem
566 4330 601 4394 ni
628 4329 724 4394 fallor
751 4330 873 4395 famam
902 4334 1046 4415 secutus,
1078 4330 1249 4416 coniungit
1278 4331 1310 4395 P.
1330 4350 1367 4395 lv

85 4441 148 4503 254
175 4443 208 4503 et
237 4437 402 4502 O.1v22.
455 4436 596 4502 Neronis
624 4458 701 4501 vero
734 4437 951 4524 temporibus,
983 4441 1021 4502 ut
1053 4459 1151 4522 quarn
1179 4439 1277 4525 longe
1303 4439 1367 4506 hoc

173 4636 198 4700 1)
216 4649 242 4685 r.
260 4629 349 4684 schol.
365 4631 402 4684 ad
415 4629 494 4686 Nem.
510 4630 626 4700 hypoth.
641 4650 668 4700 p.
685 4637 736 4684 424
748 4649 787 4699 sq.
808 4635 837 4685 et
855 4633 892 4685 ad
910 4631 945 4686 N.
960 4651 1010 4684 vm
1028 4637 1071 4687 89.
1090 4651 1108 4685 x
1128 4639 1170 4688 49.
1190 4633 1319 4702 Apollod.
1334 4652 1367 4686 m

87 4709 110 4770 θ’
125 4709 148 4759 4'
167 4703 254 4844 liti]
267 4707 352 4828 ‘itt
364 4709 449 4828 ines.
464 4779 505 4828 aa.
528 4771 635 4828 erasus
650 4792 676 4828 n.
692 4773 718 4828 h.
734 4792 773 4827 vn
788 4779 847 4828 eoa
