3417 5434
650 333 783 383 PYTHIA
801 333 834 385 X.
1313 329 1377 392 217

98 505 166 560 tam
192 500 386 562 sollemnibus
414 500 514 577 ipsum
542 500 712 558 interfuisse
735 521 771 559 ex
793 520 821 559 v.
841 511 875 558 66
899 500 1073 560 concludere
1098 499 1216 578 audeat
1240 499 1378 578 equidem

98 612 162 650 non
189 590 379 650 intercedam.
426 588 556 649 chorum
584 593 664 649 certe
690 590 735 648 ita
762 590 935 666 loquentem
957 588 1041 667 feeit,
1069 592 1105 647 ut
1128 608 1204 666 quae
1227 589 1290 665 ipse
1315 607 1379 648 sen-

97 682 186 758 tiret,
216 681 324 740 chorus
355 679 604 755 interpretaretur
633 671 674 759 (v.
695 671 756 760 50),
787 682 818 738 et
847 697 924 754 quas
951 681 1051 754 partes
1078 682 1168 754 poeta
1198 697 1267 738 eum
1290 678 1378 738 choro

98 771 261 846 intererat,
283 771 363 828 recte
388 768 580 847 suscipiebat,
604 787 654 828 eas
678 768 768 827 etiam
792 787 861 827 cum
884 768 989 827 aberat
1010 767 1160 826 retineret.
1206 767 1378 843 Epodorum

97 879 172 920 vero
201 877 237 918 ea
264 857 461 918 conformatio
490 860 547 935 est,
575 860 611 915 ut
637 876 838 934 unaquaeque
867 876 971 916 earum
994 857 1082 934 pleno
1106 859 1136 916 et
1158 857 1290 933 perfecto
1315 875 1379 916 sen-

98 949 268 1007 tentiarum
294 948 363 1007 orbe
389 947 548 1006 claudatur
573 938 614 1028 (v.
636 957 676 1006 18.
696 958 739 1008 36.
759 958 801 1006 σε.
822 939 879 1026 72),
906 948 987 1023 quod
1012 946 1070 1006 etsi
1095 947 1255 1005 admodum
1279 945 1379 1022 laudo,

98 1043 205 1097 tamen
228 1037 260 1096 id
282 1037 391 1095 mirum
415 1040 472 1114 eat,
496 1037 576 1113 qnod
600 1037 674 1095 artis
697 1036 756 1113 lex,
780 1055 872 1112 quam
894 1036 1043 1096 Pindarus
1066 1035 1097 1094 in
1120 1034 1171 1113 iis,
1195 1055 1272 1112 qnae
1293 1055 1380 1094 senex

98 1127 224 1204 scripsit
241 1126 422 1186 carminibus
441 1126 572 1186 excoluit
594 1117 645 1207 (cf.
666 1145 728 1204 arg.
749 1123 782 1185 O.
802 1117 882 1208 τοι),
902 1125 961 1186 iam
981 1126 1012 1184 in
1031 1125 1157 1186 iuvenili
1175 1126 1231 1185 hoc
1250 1125 1379 1184 carmine

98 1217 262 1276 observata
285 1219 339 1275 est.

148 1425 266 1510 Ὀλβία
289 1425 521 1509 Λακεδαίμων·
1180 1426 1260 1507 Στρ.
1284 1422 1326 1486 α’.

153 1533 301 1619 μάκαιρα
327 1536 504 1597 Θεσσαλία·
527 1533 650 1617 πατρὸς

200 1639 230 1704 δ’
259 1640 461 1725 ἀμφοτέραις
485 1638 517 1717 ἐξ
541 1636 614 1715 ἑνὸς

152 1747 380 1832 ἀριστομάχου
404 1747 500 1830 γένος
517 1744 699 1832 Ἡρακλέος
721 1748 897 1830 βασιλεύει.

153 1860 192 1919 τί
211 1853 343 1946 κομπέω
367 1855 456 1940 παρὰ
479 1857 610 1938 καιρόν;
634 1853 717 1919 ἀλλά
739 1877 778 1939 με
803 1859 873 1920 Πυ-

201 1963 254 2027 θώ
277 1986 312 2028 τε
335 1960 450 2027 καὶτὸ
474 1967 693 2026 Πελιν-ναῖον
716 1961 812 2026 ἀπύει

115 2088 132 2134 5
153 2068 276 2134 Ἀλεύα
299 2093 333 2135 τε
356 2069 485 2152 παῖδες,
504 2065 676 2156 Ἱπποκλέᾳ
698 2068 855 2146 θέλοντες

154 2177 295 2260 ἀγαγεῖν
317 2176 499 2262 ἐπικωμίαν
522 2175 655 2261 ἀνδρῶν
678 2177 803 2241 κλυτὰν
827 2178 899 2240 ὄπα.

155 2392 289 2475 γεύεται
313 2393 377 2478 γὰρ
400 2391 544 2457 ἀέθλων·
942 2439 947 2448 .
1180 2388 1263 2454 Ἇντ.
1288 2387 1330 2454 α’.

175 2658 260 2692 varus
277 2658 381 2694 anemo.
419 2639 503 2693 Inscr.
524 2655 577 2693 om.
596 2637 827 2705 Β1),Ἶπποκλεῑ
847 2599 976 2694 &loduici
996 2638 1077 2693 παιδί
1096 2635 1290 2710 διαυλοδρόμῳ
1307 2637 1337 2692 Ε
1349 2667 1377 2676 -

102 2711 213 2766 schol:
232 2706 268 2780 ἦν
281 2708 332 2780 μὲν
347 2711 378 2764 τὸ
392 2710 472 2780 γένος
486 2709 501 2764 δ
515 2714 697 2780 προκείμενος
711 2708 865 2781 νικηφόρος
877 2695 1024 2778 Θεσσίιλός,
1038 2707 1143 2773 πόλεως
1158 2707 1188 2763 δέ
1199 2705 1382 2763 Πελινναίων·

102 2781 217 2852 ἐνίκησε
241 2780 272 2836 δὲ
295 2782 346 2851 τὴν
373 2782 500 2851 είκοστίγν
520 2781 654 2852 δευτέραν
673 2783 820 2851 Πυθιάδα,
845 2781 954 2851 ἐνίκησε
974 2779 1004 2836 δὲ
1024 2783 1072 2835 καλ
1092 2781 1136 2854 οβ’
1156 2781 1204 2834 καί
1224 2780 1267 2850 ογ’
1287 2779 1384 2848 Ὀλυμ-

101 2854 196 2908 πιάδα
212 2898 218 2907 .
234 2897 240 2910 .
257 2898 262 2908 .
278 2853 308 2907 έν
326 2852 357 2907 δὲ
376 2861 410 2924 τῇ
429 2855 500 2924 αὐτῇ
519 2852 608 2928 ἡμέρᾳ
628 2849 737 2922 ἐνίκησε
761 2855 808 2907 καλ
827 2851 950 2921 στάδιον,
971 2849 1003 2907 οὖ
1024 2854 1074 2907 οὐκ
1094 2852 1229 2923 ἐμνήσθη,
1249 2851 1314 2914 ίοως
1334 2859 1383 2905 τοῦ

101 2927 224 2980 διαύλου
238 2923 325 2991 μόνον
344 2925 448 2995 μισθὸν
463 2926 564 2998 λαβὼν.
579 2958 613 2965 -
630 2931 652 2979 1.
668 2923 844 2995 λακεδαίμων
854 2924 895 2978 Β1
909 2927 1080 2994 λακεδαῑμον
1094 2926 1137 2979 13³
1147 2924 1176 2978 D
1188 2957 1219 2963 —
1231 2929 1255 2977 3.
1269 2921 1383 2992 Ἀριστο-

102 2996 197 3067 μάγου
222 2996 318 3064 Heyne
338 3029 371 3036 -
390 3004 415 3050 4.
439 2993 477 3062 τίς
502 2995 612 3066 κομπέω
631 2996 709 3066 παρὰ
733 2994 847 3064 καιρόν;
873 2996 1048 3066 interpunxit
1065 2996 1220 3049 Mommsen
1238 3027 1274 3035 —-
1292 2993 1384 3063 παρδιι

103 3069 178 3122 κατὰ
198 3067 285 3123 schol.
301 3101 334 3108 -
350 3071 495 3123 πελιναῑον
510 3069 547 3136 D,
567 3073 676 3123 παλινν.
696 3067 739 3121 Β1
755 3067 889 3122 -ἀπύει
907 3085 940 3122 ex
959 3068 1062 3122 ἀπύειν
1081 3085 1148 3122 corr.
1165 3068 1194 3122 D
1209 3099 1241 3106 -
1258 3073 1281 3121 5.
1302 3065 1384 3120 ίππο·

103 3141 171 3195 κλέα
191 3139 260 3194 BD
279 3171 312 3179 -
332 3145 356 3195 6.
376 3141 489 3208 ἀνδρῶν
508 3140 603 3196 codd:
623 3137 695 3195 νέων
713 3139 783 3194 coni.
805 3139 918 3194 Schmid
939 3173 971 3179 -

178 3317 367 3355 commun.
404 3305 528 3354 v.1-s.
554 3300 774 3355 Lacedaemonis
798 3304 826 3355 et
845 3300 1009 3355 Thessaliae
1032 3317 1112 3369 reges
1136 3300 1172 3354 ab
1191 3299 1310 3354 Hercule
1330 3297 1385 3354 ori·

104 3374 203 3442 ginem
221 3371 334 3426 duxisse
353 3374 473 3441 constat,
493 3390 519 3426 v.
538 3371 610 3426 Prol.
630 3391 709 3440 κεκτη
729 3371 903 3440 quinetiam
922 3371 1098 3426 Thessaliam
1118 3389 1135 3426 a
1153 3371 1297 3439 Thessalo,
1317 3370 1385 3424 Her—

105 3444 178 3499 culis
193 3443 261 3507 filio,
277 3443 486 3498 denominatam
501 3459 562 3498 esse
576 3443 677 3498 Strabo
694 3464 722 3496 rx
740 3463 766 3514 p.
782 3461 823 3498 ιιι
841 3444 972 3500 tradidit:
991 3443 1065 3506 τινὲς
1079 3442 1111 3498 δὲ
1126 3443 1183 3498 ἀπὸ
1197 3441 1321 3513 Ἐφύρας
1335 3449 1384 3511 τῆς

106 3513 305 3582 Θεσπρωτίδος
328 3513 487 3583 ἀπογόνους
501 3513 629 3584 Ἀντίφου
646 3517 695 3569 καλ
715 3513 885 3582 Φειδίππου,
908 3525 963 3570 τῶν
985 3519 1125 3571 Θετταλοῦ
1143 3523 1193 3568 τοῦ
1208 3511 1386 3582 Ἡρακλέους,

105 3587 283 3649 ἐπελθόντας
302 3586 360 3639 ἀπὸ
381 3588 520 3642 Θετταλοῦ
539 3595 588 3641 τοῦ
609 3587 714 3642 ἑαυτῶν
733 3585 875 3656 προγόνου
894 3588 945 3656 τὴν
963 3589 1057 3656 χώραν
1076 3585 1221 3668 ὀνομάσαι.
1258 3585 1386 3654 Denique

104 3659 252 3714 Aleuadas
280 3657 316 3711 ab
344 3656 502 3712 Heraclidis
531 3658 663 3712 oriundos
690 3659 776 3713 fuisse
805 3659 933 3716 disertim
960 3659 1046 3713 refert
1070 3658 1106 3712 Ul
1127 3675 1209 3712 ianus
1238 3658 1274 3711 ad
1307 3657 1385 3711 Dem.

106 3731 219 3801 olymp.
239 3749 262 3784 1:
285 3727 394 3792 Ἀλεύας
411 3725 551 3798 ἀπόγονός
573 3750 615 3793 τις
636 3738 686 3784 τοῦ
706 3729 857 3798 Ἡρακλέος
877 3731 1013 3792 Θετταλὸς
1036 3729 1205 3798 ἐτυραννησε
1232 3733 1386 3793 Θετταλῶν,

106 3799 167 3857 εἶτα
182 3802 233 3855 καλ
247 3799 274 3854 ολ
286 3798 387 3854 τούτου
401 3803 507 3862 παῖδες.
527 3800 622 3855 Etiam
636 3801 821 3872 Hippocleam
836 3803 962 3856 eiusdem
977 3801 1072 3871 stirpis
1084 3799 1238 3855 Herculeae
1254 3799 1340 3854 fnisse
1354 3803 1387 3853 ut

106 3872 246 3943 suspicari
256 3871 332 3939 lieet,
342 3870 384 3924 ita
393 3872 556 3926 confirmare
571 3873 746 3927 documentis
760 3890 816 3926 non
830 3872 898 3928 licet
907 3905 940 3914 —
952 3879 976 3928 2.
991 3873 1117 3942 μάκαιρα
1130 3871 1194 3942 plus
1209 3871 1287 3926 valet
1300 3887 1385 3940 quam

106 3945 204 4017 ὀλβία·
228 3941 363 4013 μακάρων
381 3942 456 3996 enim
474 3943 620 4013 epitheton
643 3945 758 3999 deorum
781 3961 932 4014 eorumque
956 3944 1109 3999 amicorum
1128 3943 1270 4013 proprium
1290 3945 1334 3997 est
1352 3973 1384 3983 -

106 4022 130 4069 4.
150 4018 182 4070 τί
198 4011 323 4084 κομπέω·
348 4013 478 4068 similiter
499 4015 571 4068 dixit
589 4016 653 4070 Eur.
673 4015 732 4071 Ale.
751 4033 790 4071 σοι
810 4013 903 4085 δόμων
923 4015 975 4087 γὰρ
995 4018 1059 4081 ζῶσι
1077 4017 1164 4069 τῶνδε
1184 4013 1325 4069 δεσπόται.
1358 4011 1385 4067 τί

107 4090 204 4152 ζῶσινς
222 4118 258 4126 -
276 4088 458 4140 Πελινναῖον·
479 4086 614 4157 oppidum
631 4087 808 4152 Thessaliae,
827 4087 858 4140 in
876 4104 931 4156 qno
949 4087 1115 4159 Hippoclem
1133 4086 1269 4140 victorem
1287 4089 1386 4139 natum

107 4175 169 4213 esse
189 4156 299 4212 scholia
316 4157 440 4213 tradunt.
469 4157 579 4212 Nomen
597 4158 695 4229 oppidi
713 4158 856 4242 proprium
875 4159 998 4214 Πέλιννα
1017 4159 1080 4226 fnit,
1099 4156 1174 4211 unde
1189 4157 1226 4211 ad
1239 4157 1271 4210 τό
1286 4159 1385 4211 Πελιν-

108 4239 192 4285 ναῖον
210 4227 328 4311 suppleo
348 4227 417 4282 deso
437 4229 480 4283 vel
499 4229 574 4298 λερίν
592 4231 639 4286 vel
657 4229 749 4285 sim1le
768 4230 916 4298 quiddam
935 4231 1085 4284 articulum
1104 4229 1180 4283 enim
1197 4227 1305 4282 nomini
1323 4244 1386 4298 pro-

108 4302 169 4372 prio
193 4301 248 4371 iper
272 4299 376 4354 addere
399 4300 520 4355 Pindaro
543 4319 599 4356 uon
621 4301 710 4356 licuit.
748 4301 884 4356 Similiter
908 4302 927 4356 1.
947 4321 975 4354 v1
993 4318 1018 4357 ει
1037 4301 1205 4372 Pergamum
1224 4299 1297 4354 dixit
1315 4303 1386 4368 Περ-

109 4371 215 4442 γαμίαν
234 4389 271 4427 ao.
290 4368 373 4427 πόλιν
391 4404 425 4411 -
445 4377 470 4426 5.
486 4371 579 4427 ’λλεύα
597 4377 708 4442 παῖδες,
728 4373 839 4427 Thorax
858 4373 1016 4442 Eurypylus
1035 4373 1243 4441 Thrasydaens,
1262 4371 1311 4440 qui
1336 4387 1386 4495 pro

109 4444 247 4514 Hippocle
266 4442 492 4498 comissationem
510 4445 669 4500 faciendam
689 4447 863 4499 curaverunt.
893 4443 985 4497 Minus
999 4443 1074 4498 enim
1087 4443 1182 4514 placet
1196 4442 1291 4513 opinio
1308 4459 1336 4496 so
1358 4459 1385 4496 0-

110 4515 214 4569 liastae
227 4513 378 4568 Thessalos
396 4530 492 4569 omnes
511 4516 547 4569 ab
566 4533 621 4571 uno
635 4517 725 4571 Alena
740 4515 913 4587 significatos
929 4513 1121 4584 intellegentis
1134 4547 1169 4564 2—
1184 4521 1209 4569 6.
1231 4512 1386 4583 ἐπικωμίαν

111 4589 223 4656 ἀνδρῶν
246 4585 316 4650 ὄπα,
339 4602 436 4640 vocem
459 4585 582 4642 virorum
605 4589 634 4642 in
657 4588 854 4643 comissatione
874 4587 1013 4641 edendam
1035 4603 1119 4654 quam
1138 4589 1224 4656 poeta
1242 4585 1313 4638 dicit
1330 4601 1387 4639 non

112 4656 252 4713 έπινικίαν
267 4656 315 4711 sed
331 4655 494 4727 insumptus,
508 4659 583 4726 quod
597 4669 688 4730 κῶμος
701 4661 814 4728 ἀνδρῶν
829 4659 972 4715 sollemnis
987 4657 1108 4712 formula
1122 4660 1195 4725 θεοὺς
1211 4656 1245 4712 cf.
1256 4656 1291 4711 N.
1301 4674 1351 4710 vm
1361 4673 1387 4710 oo

113 4729 260 4800 ἐπικώμιος
274 4727 361 4798 ὕμνος
374 4761 407 4768 -
424 4734 447 4783 7.
466 4730 578 4799 γεύεται
592 4729 712 4800 ἀέθλων,
727 4732 833 4802 gaudet
847 4731 1057 4800 certaminibus,
1072 4729 1146 4798 quod
1160 4729 1283 4783 libenter
1296 4730 1386 4782 certa-

113 4801 189 4855 mina
208 4800 301 4868 subit3
319 4801 354 4854 af.
373 4800 408 4856 N.
427 4819 455 4853 νε
474 4818 499 4855 ss
517 4800 612 4858 πόνων
632 4803 780 4872 ἐγεύσαντο
800 4835 833 4842 -
