<?xml version="1.0" encoding="UTF-8"?>
<!DOCTYPE html PUBLIC "-//W3C//DTD XHTML 1.0 Transitional//EN"
    "http://www.w3.org/TR/xhtml1/DTD/xhtml1-transitional.dtd">
<html xmlns="http://www.w3.org/1999/xhtml" xml:lang="en" lang="en">
 <head>
  <title>
</title>
<meta http-equiv="Content-Type" content="text/html;charset=utf-8" />
  <meta name='ocr-system' content='tesseract 3.04.00' />
  <meta name='ocr-capabilities' content='ocr_page ocr_carea ocr_par ocr_line ocrx_word'/>
</head>
<body>
  <div class='ocr_page' id='page_1' title='image "./pindaricarminap01chrigoog_0028.png"; bbox 0 0 3417 5434; ppageno 0'>
   <div class='ocr_carea' id='block_1_1' title="bbox 303 315 1087 371">
    <p class='ocr_par' dir='ltr' id='par_1_1' title="bbox 303 315 1087 371">
     <span class='ocr_line' id='line_1_1' title="bbox 303 315 1087 371; baseline 0 0"><span class='ocrx_word' id='word_1_1' title='bbox 303 315 380 371; x_wconf 85' lang='lat' dir='ltr'>XXII</span> <span class='ocrx_word' id='word_1_2' title='bbox 808 319 1087 371; x_wconf 77' lang='lat' dir='ltr'>PROLEGOMENA.</span> 
     </span>
    </p>
   </div>
   <div class='ocr_carea' id='block_1_2' title="bbox 302 481 1705 996">
    <p class='ocr_par' dir='ltr' id='par_1_2' title="bbox 302 481 1594 675">
     <span class='ocr_line' id='line_1_2' title="bbox 302 481 1594 567; baseline 0.002 -21"><span class='ocrx_word' id='word_1_3' title='bbox 302 481 400 566; x_wconf 89' lang='lat' dir='ltr'>idque</span> <span class='ocrx_word' id='word_1_4' title='bbox 424 503 462 548; x_wconf 92' lang='lat' dir='ltr'>eo</span> <span class='ocrx_word' id='word_1_5' title='bbox 486 481 610 567; x_wconf 86' lang='lat' dir='ltr'>minus,</span> <span class='ocrx_word' id='word_1_6' title='bbox 638 481 724 565; x_wconf 89' lang='lat' dir='ltr'>quod</span> <span class='ocrx_word' id='word_1_7' title='bbox 753 482 852 547; x_wconf 89' lang='lat' dir='ltr'>etiam</span> <span class='ocrx_word' id='word_1_8' title='bbox 874 481 910 546; x_wconf 91' lang='lat' dir='ltr'>in</span> <span class='ocrx_word' id='word_1_9' title='bbox 932 481 1047 547; x_wconf 88' lang='lat' dir='ltr'>mediis</span> <span class='ocrx_word' id='word_1_10' title='bbox 1071 481 1219 547; x_wconf 84' lang='lat' dir='ltr'>versibus</span> <span class='ocrx_word' id='word_1_11' title='bbox 1242 503 1355 547; x_wconf 87' lang='lat' dir='ltr'>cursus</span> <span class='ocrx_word' id='word_1_12' title='bbox 1378 503 1594 549; x_wconf 88' lang='lat' dir='ltr'>numerorum</span> 
     </span>
     <span class='ocr_line' id='line_1_3' title="bbox 304 587 1482 675; baseline 0.001 -21"><span class='ocrx_word' id='word_1_13' title='bbox 304 611 401 675; x_wconf 81' lang='lat' dir='ltr'>saepe</span> <span class='ocrx_word' id='word_1_14' title='bbox 424 589 510 675; x_wconf 92' lang='lat' dir='ltr'>apud</span> <span class='ocrx_word' id='word_1_15' title='bbox 532 587 724 674; x_wconf 80' lang='lat' dir='ltr'><strong>Pindarum,</strong></span> <span class='ocrx_word' id='word_1_16' title='bbox 748 593 785 654; x_wconf 91' lang='lat' dir='ltr'>ut</span> <span class='ocrx_word' id='word_1_17' title='bbox 809 611 908 673; x_wconf 89' lang='lat' dir='ltr'>supra</span> <span class='ocrx_word' id='word_1_18' title='bbox 930 589 997 653; x_wconf 91' lang='lat' dir='ltr'>iam</span> <span class='ocrx_word' id='word_1_19' title='bbox 1020 588 1174 673; x_wconf 86' lang='lat' dir='ltr'>vidimus,</span> <span class='ocrx_word' id='word_1_20' title='bbox 1196 588 1399 675; x_wconf 88' lang='lat' dir='ltr'>interruptus</span> <span class='ocrx_word' id='word_1_21' title='bbox 1422 595 1482 655; x_wconf 68' lang='lat' dir='ltr'>est,</span> 
     </span>
    </p>

    <p class='ocr_par' dir='ltr' id='par_1_3' title="bbox 304 695 1705 996">
     <span class='ocr_line' id='line_1_4' title="bbox 393 695 1595 782; baseline 0.002 -22"><span class='ocrx_word' id='word_1_22' title='bbox 393 696 465 761; x_wconf 92' lang='lat' dir='ltr'>Hoc</span> <span class='ocrx_word' id='word_1_23' title='bbox 485 718 559 761; x_wconf 91' lang='lat' dir='ltr'>cum</span> <span class='ocrx_word' id='word_1_24' title='bbox 577 696 644 762; x_wconf 91' lang='lat' dir='ltr'>iam</span> <span class='ocrx_word' id='word_1_25' title='bbox 662 717 860 782; x_wconf 79' lang='lat' dir='ltr'>magnopere</span> <span class='ocrx_word' id='word_1_26' title='bbox 877 695 1017 762; x_wconf 87' lang='lat' dir='ltr'>circulos</span> <span class='ocrx_word' id='word_1_27' title='bbox 1030 695 1126 761; x_wconf 91' lang='lat' dir='ltr'>nobis</span> <span class='ocrx_word' id='word_1_28' title='bbox 1141 717 1253 760; x_wconf 86' lang='lat' dir='ltr'>versus</span> <span class='ocrx_word' id='word_1_29' title='bbox 1269 695 1401 761; x_wconf 85' lang='lat' dir='ltr'>Pindari</span> <span class='ocrx_word' id='word_1_30' title='bbox 1416 697 1595 763; x_wconf 89' lang='lat' dir='ltr'>discriben-</span> 
     </span>
     <span class='ocr_line' id='line_1_5' title="bbox 304 802 1705 901; baseline 0.001 -32"><span class='ocrx_word' id='word_1_31' title='bbox 304 805 394 869; x_wconf 90' lang='lat' dir='ltr'>tibus</span> <span class='ocrx_word' id='word_1_32' title='bbox 412 804 539 889; x_wconf 89' lang='lat' dir='ltr'>turbet,</span> <span class='ocrx_word' id='word_1_33' title='bbox 558 803 697 868; x_wconf 90' lang='lat' dir='ltr'>alterum</span> <span class='ocrx_word' id='word_1_34' title='bbox 716 803 904 889; x_wconf 88' lang='lat' dir='ltr'>scrupulum</span> <span class='ocrx_word' id='word_1_35' title='bbox 925 803 1027 868; x_wconf 89' lang='lat' dir='ltr'>menti</span> <span class='ocrx_word' id='word_1_36' title='bbox 1041 802 1143 868; x_wconf 90' lang='lat' dir='ltr'>obicit</span> <span class='ocrx_word' id='word_1_37' title='bbox 1157 803 1285 868; x_wconf 81' lang='lat' dir='ltr'>diversa</span> <span class='ocrx_word' id='word_1_38' title='bbox 1298 827 1451 870; x_wconf 85' lang='lat' dir='ltr'>versuum</span> <span class='ocrx_word' id='word_1_39' title='bbox 1465 807 1594 892; x_wconf 90' lang='lat' dir='ltr'>magni·</span> <span class='ocrx_word' id='word_1_40' title='bbox 1704 872 1705 901; x_wconf 64' lang='lat'>,</span> 
     </span>
     <span class='ocr_line' id='line_1_6' title="bbox 306 908 1705 996; baseline 0 -19"><span class='ocrx_word' id='word_1_41' title='bbox 306 913 393 977; x_wconf 90' lang='lat' dir='ltr'>tudo.</span> <span class='ocrx_word' id='word_1_42' title='bbox 431 911 598 976; x_wconf 83' lang='lat' dir='ltr'>Nonnulla</span> <span class='ocrx_word' id='word_1_43' title='bbox 617 910 747 995; x_wconf 88' lang='lat' dir='ltr'>quidem</span> <span class='ocrx_word' id='word_1_44' title='bbox 767 911 912 976; x_wconf 89' lang='lat' dir='ltr'>carmina</span> <span class='ocrx_word' id='word_1_45' title='bbox 930 916 1021 996; x_wconf 88' lang='lat' dir='ltr'>sunt,</span> <span class='ocrx_word' id='word_1_46' title='bbox 1043 915 1081 975; x_wconf 93' lang='lat' dir='ltr'>ut</span> <span class='ocrx_word' id='word_1_47' title='bbox 1100 910 1136 975; x_wconf 91' lang='grc' dir='ltr'>Ο.</span> <span class='ocrx_word' id='word_1_48' title='bbox 1151 929 1199 977; x_wconf 89' lang='lat'><em>111.</em></span> <span class='ocrx_word' id='word_1_49' title='bbox 1212 929 1270 974; x_wconf 75' lang='grc' dir='ltr'>ΧΠ.</span> <span class='ocrx_word' id='word_1_50' title='bbox 1295 909 1330 976; x_wconf 95' lang='grc' dir='ltr'>Ρ.</span> <span class='ocrx_word' id='word_1_51' title='bbox 1345 929 1389 976; x_wconf 88' lang='lat' dir='ltr'>1v.</span> <span class='ocrx_word' id='word_1_52' title='bbox 1404 929 1462 976; x_wconf 76' lang='grc' dir='ltr'>ΧΠ.</span> <span class='ocrx_word' id='word_1_53' title='bbox 1485 911 1527 977; x_wconf 87' lang='grc' dir='ltr'>Ν.</span> <span class='ocrx_word' id='word_1_54' title='bbox 1544 931 1594 978; x_wconf 92' lang='lat'>111.</span> <span class='ocrx_word' id='word_1_55' title='bbox 1704 908 1705 927; x_wconf 60' lang='lat'>¹</span> 
     </span>
    </p>
   </div>
   <div class='ocr_carea' id='block_1_3' title="bbox 305 1018 1705 1213">
    <p class='ocr_par' dir='ltr' id='par_1_4' title="bbox 305 1018 1705 1213">
     <span class='ocr_line' id='line_1_7' title="bbox 307 1018 1705 1104; baseline 0 -19"><span class='ocrx_word' id='word_1_56' title='bbox 307 1039 352 1085; x_wconf 80' lang='lat' dir='ltr'>rx.</span> <span class='ocrx_word' id='word_1_57' title='bbox 368 1037 414 1084; x_wconf 87' lang='lat' dir='ltr'>xl.</span> <span class='ocrx_word' id='word_1_58' title='bbox 437 1019 576 1104; x_wconf 80' lang='lat' dir='ltr'>I.11.vl,</span> <span class='ocrx_word' id='word_1_59' title='bbox 596 1040 734 1103; x_wconf 88' lang='lat' dir='ltr'>quorum</span> <span class='ocrx_word' id='word_1_60' title='bbox 753 1041 867 1084; x_wconf 85' lang='lat' dir='ltr'>versus</span> <span class='ocrx_word' id='word_1_61' title='bbox 886 1018 1041 1083; x_wconf 91' lang='lat' dir='ltr'>siminus</span> <span class='ocrx_word' id='word_1_62' title='bbox 1058 1018 1161 1103; x_wconf 83' lang='lat' dir='ltr'>pan&#39;s,</span> <span class='ocrx_word' id='word_1_63' title='bbox 1183 1023 1292 1082; x_wconf 87' lang='lat' dir='ltr'>tamen</span> <span class='ocrx_word' id='word_1_64' title='bbox 1311 1019 1427 1083; x_wconf 90' lang='lat' dir='ltr'>similis</span> <span class='ocrx_word' id='word_1_65' title='bbox 1446 1020 1593 1085; x_wconf 75' lang='lat' dir='ltr'><strong>ambitus</strong></span> <span class='ocrx_word' id='word_1_66' title='bbox 1704 1020 1705 1103; x_wconf 74' lang='lat' dir='ltr'>j</span> 
     </span>
     <span class='ocr_line' id='line_1_8' title="bbox 305 1125 1705 1213; baseline 0 -21"><span class='ocrx_word' id='word_1_67' title='bbox 305 1128 386 1213; x_wconf 89' lang='lat' dir='ltr'>sint,</span> <span class='ocrx_word' id='word_1_68' title='bbox 415 1132 471 1192; x_wconf 89' lang='lat' dir='ltr'>aut</span> <span class='ocrx_word' id='word_1_69' title='bbox 499 1127 548 1191; x_wconf 90' lang='lat' dir='ltr'>ita</span> <span class='ocrx_word' id='word_1_70' title='bbox 574 1131 703 1192; x_wconf 89' lang='lat' dir='ltr'>tantum</span> <span class='ocrx_word' id='word_1_71' title='bbox 729 1125 868 1210; x_wconf 87' lang='lat' dir='ltr'>varient,</span> <span class='ocrx_word' id='word_1_72' title='bbox 900 1129 937 1190; x_wconf 94' lang='lat' dir='ltr'>ut</span> <span class='ocrx_word' id='word_1_73' title='bbox 964 1147 1076 1190; x_wconf 85' lang='lat' dir='ltr'>versus</span> <span class='ocrx_word' id='word_1_74' title='bbox 1104 1125 1229 1209; x_wconf 89' lang='lat' dir='ltr'>primus</span> <span class='ocrx_word' id='word_1_75' title='bbox 1256 1130 1290 1190; x_wconf 90' lang='lat' dir='ltr'>et</span> <span class='ocrx_word' id='word_1_76' title='bbox 1316 1125 1451 1191; x_wconf 89' lang='lat' dir='ltr'>ultimus</span> <span class='ocrx_word' id='word_1_77' title='bbox 1480 1127 1542 1192; x_wconf 89' lang='lat' dir='ltr'>soli</span> <span class='ocrx_word' id='word_1_78' title='bbox 1574 1151 1594 1192; x_wconf 91' lang='lat' dir='ltr'>a</span> <span class='ocrx_word' id='word_1_79' title='bbox 1704 1134 1705 1199; x_wconf 69' lang='grc' dir='ltr'>ζ</span> 
     </span>
    </p>
   </div>
   <div class='ocr_carea' id='block_1_4' title="bbox 305 1232 1595 1322">
    <p class='ocr_par' dir='ltr' id='par_1_5' title="bbox 305 1212 1705 1333">
     <span class='ocr_line' id='line_1_9' title="bbox 305 1232 1595 1322; baseline -0.003 -22"><span class='ocrx_word' id='word_1_80' title='bbox 305 1234 529 1322; x_wconf 78' lang='lat' dir='ltr'>magnitudine</span> <span class='ocrx_word' id='word_1_81' title='bbox 552 1234 752 1318; x_wconf 90' lang='lat' dir='ltr'>reliquorum</span> <span class='ocrx_word' id='word_1_82' title='bbox 776 1233 874 1317; x_wconf 87' lang='lat' dir='ltr'>paulo</span> <span class='ocrx_word' id='word_1_83' title='bbox 897 1232 1029 1319; x_wconf 91' lang='lat' dir='ltr'>longius</span> <span class='ocrx_word' id='word_1_84' title='bbox 1052 1233 1211 1297; x_wconf 89' lang='lat' dir='ltr'>recedant.</span> <span class='ocrx_word' id='word_1_85' title='bbox 1253 1232 1300 1296; x_wconf 88' lang='lat' dir='ltr'>At</span> <span class='ocrx_word' id='word_1_86' title='bbox 1322 1254 1389 1297; x_wconf 92' lang='lat' dir='ltr'>non</span> <span class='ocrx_word' id='word_1_87' title='bbox 1411 1234 1529 1298; x_wconf 91' lang='lat' dir='ltr'>desunt</span> <span class='ocrx_word' id='word_1_88' title='bbox 1552 1256 1595 1298; x_wconf 88' lang='lat' dir='ltr'>ea</span> 
     </span>
    </p>
   </div>
   <div class='ocr_carea' id='block_1_5' title="bbox 305 1339 1705 1428">
    <p class='ocr_par' dir='ltr' id='par_1_6' title="bbox 305 1339 1705 1428">
     <span class='ocr_line' id='line_1_10' title="bbox 305 1339 1705 1428; baseline -0.001 -20"><span class='ocrx_word' id='word_1_89' title='bbox 305 1342 461 1428; x_wconf 91' lang='lat' dir='ltr'>carmina,</span> <span class='ocrx_word' id='word_1_90' title='bbox 490 1363 629 1426; x_wconf 91' lang='lat' dir='ltr'>quorum</span> <span class='ocrx_word' id='word_1_91' title='bbox 654 1361 766 1405; x_wconf 79' lang='lat' dir='ltr'>versus</span> <span class='ocrx_word' id='word_1_92' title='bbox 790 1339 871 1404; x_wconf 92' lang='lat' dir='ltr'>adeo</span> <span class='ocrx_word' id='word_1_93' title='bbox 895 1339 1039 1422; x_wconf 78' lang='lat' dir='ltr'>dispares</span> <span class='ocrx_word' id='word_1_94' title='bbox 1064 1339 1142 1422; x_wconf 87' lang='lat' dir='ltr'>sint,</span> <span class='ocrx_word' id='word_1_95' title='bbox 1170 1345 1208 1403; x_wconf 92' lang='lat' dir='ltr'>ut</span> <span class='ocrx_word' id='word_1_96' title='bbox 1231 1339 1485 1405; x_wconf 74' lang='lat' dir='ltr'>concinnitatem</span> <span class='ocrx_word' id='word_1_97' title='bbox 1509 1342 1593 1406; x_wconf 81' lang='lat' dir='ltr'>artis</span> <span class='ocrx_word' id='word_1_98' title='bbox 1704 1346 1705 1425; x_wconf 56' lang='lat' dir='ltr'>l</span> 
     </span>
    </p>
   </div>
   <div class='ocr_carea' id='block_1_6' title="bbox 305 1445 1597 1533">
    <p class='ocr_par' dir='ltr' id='par_1_7' title="bbox 305 1445 1597 1533">
     <span class='ocr_line' id='line_1_11' title="bbox 305 1445 1597 1533; baseline -0.002 -19"><span class='ocrx_word' id='word_1_99' title='bbox 305 1455 338 1514; x_wconf 92' lang='lat' dir='ltr'>et</span> <span class='ocrx_word' id='word_1_100' title='bbox 371 1447 589 1514; x_wconf 87' lang='lat' dir='ltr'>constantiam</span> <span class='ocrx_word' id='word_1_101' title='bbox 617 1453 732 1533; x_wconf 88' lang='lat' dir='ltr'>poetae</span> <span class='ocrx_word' id='word_1_102' title='bbox 764 1468 961 1532; x_wconf 83' lang='lat' dir='ltr'>magnopere</span> <span class='ocrx_word' id='word_1_103' title='bbox 989 1445 1159 1510; x_wconf 88' lang='lat' dir='ltr'>desideres.</span> <span class='ocrx_word' id='word_1_104' title='bbox 1206 1445 1320 1530; x_wconf 89' lang='lat' dir='ltr'>Neque</span> <span class='ocrx_word' id='word_1_105' title='bbox 1349 1446 1455 1511; x_wconf 90' lang='lat' dir='ltr'>solnm</span> <span class='ocrx_word' id='word_1_106' title='bbox 1482 1446 1597 1533; x_wconf 85' lang='lat' dir='ltr'>longis</span> 
     </span>
    </p>
   </div>
   <div class='ocr_carea' id='block_1_7' title="bbox 307 1552 1705 1641">
    <p class='ocr_par' dir='ltr' id='par_1_8' title="bbox 307 1552 1705 1641">
     <span class='ocr_line' id='line_1_12' title="bbox 307 1552 1705 1641; baseline 0 -20"><span class='ocrx_word' id='word_1_107' title='bbox 307 1556 454 1621; x_wconf 85' lang='lat' dir='ltr'>versibus</span> <span class='ocrx_word' id='word_1_108' title='bbox 474 1577 570 1641; x_wconf 86' lang='lat' dir='ltr'>saepe</span> <span class='ocrx_word' id='word_1_109' title='bbox 589 1555 703 1620; x_wconf 78' lang='lat' dir='ltr'>breves</span> <span class='ocrx_word' id='word_1_110' title='bbox 723 1559 890 1637; x_wconf 89' lang='lat' dir='ltr'>tamqnam</span> <span class='ocrx_word' id='word_1_111' title='bbox 909 1552 1024 1638; x_wconf 90' lang='lat' dir='ltr'>proodi</span> <span class='ocrx_word' id='word_1_112' title='bbox 1042 1552 1214 1638; x_wconf 84' lang='lat' dir='ltr'>praemissi</span> <span class='ocrx_word' id='word_1_113' title='bbox 1234 1558 1290 1618; x_wconf 90' lang='lat' dir='ltr'>aut</span> <span class='ocrx_word' id='word_1_114' title='bbox 1308 1558 1477 1638; x_wconf 90' lang='lat' dir='ltr'>tamquam</span> <span class='ocrx_word' id='word_1_115' title='bbox 1495 1555 1595 1639; x_wconf 91' lang='lat' dir='ltr'>epodi</span> <span class='ocrx_word' id='word_1_116' title='bbox 1704 1610 1705 1621; x_wconf 76' lang='grc'><strong>.</strong></span> 
     </span>
    </p>
   </div>
   <div class='ocr_carea' id='block_1_8' title="bbox 306 1659 1593 1750">
    <p class='ocr_par' dir='ltr' id='par_1_9' title="bbox 306 1628 1705 1750">
     <span class='ocr_line' id='line_1_13' title="bbox 306 1659 1593 1750; baseline 0 -21"><span class='ocrx_word' id='word_1_117' title='bbox 306 1663 445 1730; x_wconf 89' lang='lat' dir='ltr'>subiecti</span> <span class='ocrx_word' id='word_1_118' title='bbox 469 1668 545 1728; x_wconf 87' lang='lat' dir='ltr'>sunt</span> <span class='ocrx_word' id='word_1_119' title='bbox 569 1659 620 1750; x_wconf 82' lang='lat' dir='ltr'>(O.</span> <span class='ocrx_word' id='word_1_120' title='bbox 639 1681 665 1726; x_wconf 93' lang='lat'>11</span> <span class='ocrx_word' id='word_1_121' title='bbox 688 1684 736 1748; x_wconf 93' lang='lat' dir='ltr'>ep.</span> <span class='ocrx_word' id='word_1_122' title='bbox 757 1663 786 1726; x_wconf 82' lang='lat'>6.</span> <span class='ocrx_word' id='word_1_123' title='bbox 809 1678 874 1725; x_wconf 83' lang='lat' dir='ltr'>vm</span> <span class='ocrx_word' id='word_1_124' title='bbox 897 1683 945 1745; x_wconf 92' lang='lat' dir='ltr'>ep.</span> <span class='ocrx_word' id='word_1_125' title='bbox 965 1661 995 1725; x_wconf 89' lang='lat'>4.</span> <span class='ocrx_word' id='word_1_126' title='bbox 1018 1677 1056 1724; x_wconf 83' lang='lat' dir='ltr'>lx</span> <span class='ocrx_word' id='word_1_127' title='bbox 1075 1665 1130 1724; x_wconf 91' lang='lat' dir='ltr'>str.</span> <span class='ocrx_word' id='word_1_128' title='bbox 1148 1662 1177 1725; x_wconf 91' lang='lat'>1.</span> <span class='ocrx_word' id='word_1_129' title='bbox 1205 1659 1240 1724; x_wconf 91' lang='lat' dir='ltr'>P.</span> <span class='ocrx_word' id='word_1_130' title='bbox 1259 1679 1299 1725; x_wconf 92' lang='lat'>111</span> <span class='ocrx_word' id='word_1_131' title='bbox 1317 1665 1374 1725; x_wconf 78' lang='lat' dir='ltr'>atr,</span> <span class='ocrx_word' id='word_1_132' title='bbox 1390 1661 1418 1724; x_wconf 88' lang='lat'>3.</span> <span class='ocrx_word' id='word_1_133' title='bbox 1438 1677 1476 1724; x_wconf 80' lang='lat' dir='ltr'>ix</span> <span class='ocrx_word' id='word_1_134' title='bbox 1493 1683 1543 1744; x_wconf 93' lang='lat' dir='ltr'>ep.</span> <span class='ocrx_word' id='word_1_135' title='bbox 1562 1663 1593 1726; x_wconf 87' lang='grc'>8.</span> 
     </span>
    </p>
   </div>
   <div class='ocr_carea' id='block_1_9' title="bbox 304 1762 1705 1855">
    <p class='ocr_par' dir='ltr' id='par_1_10' title="bbox 304 1762 1705 1855">
     <span class='ocr_line' id='line_1_14' title="bbox 304 1762 1705 1855; baseline -0.001 -19"><span class='ocrx_word' id='word_1_136' title='bbox 304 1771 345 1836; x_wconf 90' lang='grc' dir='ltr'>Ν.</span> <span class='ocrx_word' id='word_1_137' title='bbox 360 1789 396 1834; x_wconf 83' lang='lat' dir='ltr'>vl</span> <span class='ocrx_word' id='word_1_138' title='bbox 416 1776 472 1835; x_wconf 87' lang='lat' dir='ltr'>str.</span> <span class='ocrx_word' id='word_1_139' title='bbox 491 1773 515 1834; x_wconf 85' lang='lat'>1.</span> <span class='ocrx_word' id='word_1_140' title='bbox 539 1769 564 1834; x_wconf 93' lang='grc' dir='ltr'>Ι.</span> <span class='ocrx_word' id='word_1_141' title='bbox 579 1786 618 1833; x_wconf 92' lang='lat'>111</span> <span class='ocrx_word' id='word_1_142' title='bbox 637 1791 686 1855; x_wconf 89' lang='lat' dir='ltr'>ep.</span> <span class='ocrx_word' id='word_1_143' title='bbox 701 1766 751 1854; x_wconf 77' lang='lat'>2),</span> <span class='ocrx_word' id='word_1_144' title='bbox 773 1769 806 1833; x_wconf 94' lang='lat' dir='ltr'>id</span> <span class='ocrx_word' id='word_1_145' title='bbox 826 1767 913 1852; x_wconf 92' lang='lat' dir='ltr'>quod</span> <span class='ocrx_word' id='word_1_146' title='bbox 930 1767 1041 1832; x_wconf 89' lang='lat' dir='ltr'>nescio</span> <span class='ocrx_word' id='word_1_147' title='bbox 1060 1789 1102 1831; x_wconf 91' lang='lat' dir='ltr'>an</span> <span class='ocrx_word' id='word_1_148' title='bbox 1121 1762 1223 1851; x_wconf 77' lang='lat' dir='ltr'>aequo</span> <span class='ocrx_word' id='word_1_149' title='bbox 1243 1767 1352 1832; x_wconf 87' lang='lat' dir='ltr'>animo</span> <span class='ocrx_word' id='word_1_150' title='bbox 1372 1768 1450 1831; x_wconf 90' lang='lat' dir='ltr'>ferri</span> <span class='ocrx_word' id='word_1_151' title='bbox 1464 1767 1595 1853; x_wconf 88' lang='lat' dir='ltr'>debeat,</span> <span class='ocrx_word' id='word_1_152' title='bbox 1704 1826 1705 1835; x_wconf 73' lang='grc'>,</span> 
     </span>
    </p>
   </div>
   <div class='ocr_carea' id='block_1_10' title="bbox 305 1856 1705 2174">
    <p class='ocr_par' dir='ltr' id='par_1_11' title="bbox 305 1856 1705 2174">
     <span class='ocr_line' id='line_1_15' title="bbox 305 1856 1705 1961; baseline -0.001 -20"><span class='ocrx_word' id='word_1_153' title='bbox 305 1877 360 1942; x_wconf 92' lang='lat' dir='ltr'>sed</span> <span class='ocrx_word' id='word_1_154' title='bbox 384 1875 483 1941; x_wconf 87' lang='lat' dir='ltr'>etiam</span> <span class='ocrx_word' id='word_1_155' title='bbox 507 1880 628 1940; x_wconf 90' lang='lat' dir='ltr'>temere</span> <span class='ocrx_word' id='word_1_156' title='bbox 650 1876 798 1941; x_wconf 85' lang='lat' dir='ltr'>versibus</span> <span class='ocrx_word' id='word_1_157' title='bbox 821 1873 965 1961; x_wconf 80' lang='lat' dir='ltr'>proceris</span> <span class='ocrx_word' id='word_1_158' title='bbox 990 1896 1028 1939; x_wconf 86' lang='lat' dir='ltr'>ex</span> <span class='ocrx_word' id='word_1_159' title='bbox 1052 1874 1178 1939; x_wconf 91' lang='lat' dir='ltr'>duobus</span> <span class='ocrx_word' id='word_1_160' title='bbox 1201 1874 1415 1960; x_wconf 88' lang='lat' dir='ltr'>pluribusque</span> <span class='ocrx_word' id='word_1_161' title='bbox 1434 1874 1594 1940; x_wconf 89' lang='lat' dir='ltr'>memhris</span> <span class='ocrx_word' id='word_1_162' title='bbox 1704 1856 1705 1901; x_wconf 57' lang='lat'>³</span> 
     </span>
     <span class='ocr_line' id='line_1_16' title="bbox 305 1981 1595 2068; baseline -0.001 -18"><span class='ocrx_word' id='word_1_163' title='bbox 305 1983 532 2050; x_wconf 78' lang='lat' dir='ltr'>constantibus</span> <span class='ocrx_word' id='word_1_164' title='bbox 551 1981 749 2048; x_wconf 83' lang='lat' dir='ltr'>breviusculi</span> <span class='ocrx_word' id='word_1_165' title='bbox 768 1987 802 2047; x_wconf 89' lang='lat' dir='ltr'>et</span> <span class='ocrx_word' id='word_1_166' title='bbox 821 1981 985 2046; x_wconf 91' lang='lat' dir='ltr'>monocoli</span> <span class='ocrx_word' id='word_1_167' title='bbox 1003 2003 1115 2046; x_wconf 89' lang='lat' dir='ltr'>versus</span> <span class='ocrx_word' id='word_1_168' title='bbox 1133 1981 1316 2046; x_wconf 82' lang='lat' dir='ltr'>intermixti</span> <span class='ocrx_word' id='word_1_169' title='bbox 1335 1987 1425 2068; x_wconf 89' lang='lat' dir='ltr'>sunt,</span> <span class='ocrx_word' id='word_1_170' title='bbox 1445 1988 1482 2047; x_wconf 88' lang='lat' dir='ltr'>ut</span> <span class='ocrx_word' id='word_1_171' title='bbox 1495 1983 1595 2048; x_wconf 87' lang='lat' dir='ltr'>mira-</span> 
     </span>
     <span class='ocr_line' id='line_1_17' title="bbox 305 2087 1705 2174; baseline -0.001 -19"><span class='ocrx_word' id='word_1_172' title='bbox 305 2091 433 2155; x_wconf 89' lang='lat' dir='ltr'>bnndus</span> <span class='ocrx_word' id='word_1_173' title='bbox 453 2112 603 2174; x_wconf 87' lang='lat' dir='ltr'>quaeras,</span> <span class='ocrx_word' id='word_1_174' title='bbox 623 2089 699 2174; x_wconf 89' lang='lat' dir='ltr'>quid</span> <span class='ocrx_word' id='word_1_175' title='bbox 718 2090 849 2154; x_wconf 87' lang='lat' dir='ltr'>tandem</span> <span class='ocrx_word' id='word_1_176' title='bbox 869 2087 1065 2154; x_wconf 85' lang='lat' dir='ltr'>discriminis</span> <span class='ocrx_word' id='word_1_177' title='bbox 1082 2089 1169 2154; x_wconf 89' lang='lat' dir='ltr'>inter</span> <span class='ocrx_word' id='word_1_178' title='bbox 1188 2110 1317 2154; x_wconf 85' lang='lat' dir='ltr'>versum</span> <span class='ocrx_word' id='word_1_179' title='bbox 1336 2093 1369 2153; x_wconf 90' lang='lat' dir='ltr'>et</span> <span class='ocrx_word' id='word_1_180' title='bbox 1384 2090 1479 2154; x_wconf 91' lang='lat' dir='ltr'>colon</span> <span class='ocrx_word' id='word_1_181' title='bbox 1492 2090 1594 2154; x_wconf 92' lang='lat' dir='ltr'>inter-</span> <span class='ocrx_word' id='word_1_182' title='bbox 1704 2160 1705 2169; x_wconf 10' lang='grc' dir='ltr'>χ</span> 
     </span>
    </p>
   </div>
   <div class='ocr_carea' id='block_1_11' title="bbox 305 2196 1705 2282">
    <p class='ocr_par' dir='ltr' id='par_1_12' title="bbox 305 2196 1705 2282">
     <span class='ocr_line' id='line_1_18' title="bbox 305 2196 1705 2282; baseline 0.001 -21"><span class='ocrx_word' id='word_1_183' title='bbox 305 2197 416 2262; x_wconf 91' lang='lat' dir='ltr'>cedere</span> <span class='ocrx_word' id='word_1_184' title='bbox 448 2202 547 2282; x_wconf 91' lang='lat' dir='ltr'>poeta</span> <span class='ocrx_word' id='word_1_185' title='bbox 579 2196 735 2282; x_wconf 79' lang='lat' dir='ltr'>voluerit,</span> <span class='ocrx_word' id='word_1_186' title='bbox 767 2201 800 2261; x_wconf 92' lang='lat' dir='ltr'>et</span> <span class='ocrx_word' id='word_1_187' title='bbox 832 2201 957 2260; x_wconf 84' lang='lat' dir='ltr'>veteres</span> <span class='ocrx_word' id='word_1_188' title='bbox 991 2196 1236 2282; x_wconf 88' lang='lat' dir='ltr'>grammaticos,</span> <span class='ocrx_word' id='word_1_189' title='bbox 1273 2197 1359 2280; x_wconf 92' lang='lat' dir='ltr'>qnod</span> <span class='ocrx_word' id='word_1_190' title='bbox 1390 2197 1473 2262; x_wconf 90' lang='lat' dir='ltr'>fines</span> <span class='ocrx_word' id='word_1_191' title='bbox 1504 2197 1592 2262; x_wconf 88' lang='lat' dir='ltr'>istos</span> <span class='ocrx_word' id='word_1_192' title='bbox 1704 2204 1705 2237; x_wconf 47' lang='lat' dir='ltr'>r</span> 
     </span>
    </p>
   </div>
   <div class='ocr_carea' id='block_1_12' title="bbox 305 2303 1594 3676">
    <p class='ocr_par' dir='ltr' id='par_1_13' title="bbox 305 2303 1594 3676">
     <span class='ocr_line' id='line_1_19' title="bbox 305 2303 1593 2389; baseline 0 -19"><span class='ocrx_word' id='word_1_193' title='bbox 305 2326 457 2370; x_wconf 86' lang='lat' dir='ltr'>versuum</span> <span class='ocrx_word' id='word_1_194' title='bbox 490 2310 523 2370; x_wconf 92' lang='lat' dir='ltr'>et</span> <span class='ocrx_word' id='word_1_195' title='bbox 555 2304 701 2370; x_wconf 86' lang='lat' dir='ltr'>colorum</span> <span class='ocrx_word' id='word_1_196' title='bbox 733 2326 867 2389; x_wconf 87' lang='lat' dir='ltr'>prorsus</span> <span class='ocrx_word' id='word_1_197' title='bbox 900 2303 1113 2388; x_wconf 83' lang='lat' dir='ltr'>confundant,</span> <span class='ocrx_word' id='word_1_198' title='bbox 1146 2304 1345 2369; x_wconf 86' lang='lat' dir='ltr'>excusandos</span> <span class='ocrx_word' id='word_1_199' title='bbox 1378 2326 1449 2369; x_wconf 90' lang='lat' dir='ltr'>esse</span> <span class='ocrx_word' id='word_1_200' title='bbox 1481 2305 1593 2371; x_wconf 85' lang='lat' dir='ltr'>ducas.</span> 
     </span>
     <span class='ocr_line' id='line_1_20' title="bbox 307 2410 1594 2497; baseline -0.001 -20"><span class='ocrx_word' id='word_1_201' title='bbox 307 2410 421 2497; x_wconf 89' lang='lat' dir='ltr'>Neque</span> <span class='ocrx_word' id='word_1_202' title='bbox 443 2412 473 2476; x_wconf 88' lang='lat' dir='ltr'>is</span> <span class='ocrx_word' id='word_1_203' title='bbox 497 2433 583 2497; x_wconf 90' lang='lat' dir='ltr'>sum,</span> <span class='ocrx_word' id='word_1_204' title='bbox 611 2411 665 2496; x_wconf 89' lang='lat' dir='ltr'>qni</span> <span class='ocrx_word' id='word_1_205' title='bbox 689 2410 867 2476; x_wconf 88' lang='lat' dir='ltr'>Pindarum</span> <span class='ocrx_word' id='word_1_206' title='bbox 891 2410 979 2475; x_wconf 91' lang='lat' dir='ltr'>omni</span> <span class='ocrx_word' id='word_1_207' title='bbox 1003 2433 1042 2474; x_wconf 87' lang='lat' dir='ltr'>ex</span> <span class='ocrx_word' id='word_1_208' title='bbox 1064 2415 1157 2496; x_wconf 89' lang='lat' dir='ltr'>parte</span> <span class='ocrx_word' id='word_1_209' title='bbox 1181 2410 1351 2475; x_wconf 90' lang='lat' dir='ltr'>defendam</span> <span class='ocrx_word' id='word_1_210' title='bbox 1372 2411 1520 2496; x_wconf 88' lang='lat' dir='ltr'>nihilque</span> <span class='ocrx_word' id='word_1_211' title='bbox 1544 2413 1594 2476; x_wconf 89' lang='lat' dir='ltr'>in-</span> 
     </span>
     <span class='ocr_line' id='line_1_21' title="bbox 306 2517 1593 2605; baseline 0 -20"><span class='ocrx_word' id='word_1_212' title='bbox 306 2519 509 2585; x_wconf 86' lang='lat' dir='ltr'>constantiae</span> <span class='ocrx_word' id='word_1_213' title='bbox 541 2519 578 2583; x_wconf 91' lang='lat' dir='ltr'>in</span> <span class='ocrx_word' id='word_1_214' title='bbox 609 2519 757 2584; x_wconf 85' lang='lat' dir='ltr'>versibus</span> <span class='ocrx_word' id='word_1_215' title='bbox 790 2517 1012 2605; x_wconf 87' lang='lat' dir='ltr'>disiungendis</span> <span class='ocrx_word' id='word_1_216' title='bbox 1041 2517 1339 2605; x_wconf 88' lang='lat' dir='ltr'>coniungendisque</span> <span class='ocrx_word' id='word_1_217' title='bbox 1367 2519 1408 2583; x_wconf 90' lang='lat' dir='ltr'>ab</span> <span class='ocrx_word' id='word_1_218' title='bbox 1436 2541 1475 2584; x_wconf 91' lang='lat' dir='ltr'>eo</span> <span class='ocrx_word' id='word_1_219' title='bbox 1504 2542 1593 2586; x_wconf 91' lang='lat' dir='ltr'>com-</span> 
     </span>
     <span class='ocr_line' id='line_1_22' title="bbox 305 2625 1592 2710; baseline 0.001 -19"><span class='ocrx_word' id='word_1_220' title='bbox 305 2626 442 2692; x_wconf 89' lang='lat' dir='ltr'>missum</span> <span class='ocrx_word' id='word_1_221' title='bbox 465 2648 536 2691; x_wconf 89' lang='lat' dir='ltr'>esse</span> <span class='ocrx_word' id='word_1_222' title='bbox 558 2626 672 2692; x_wconf 87' lang='lat' dir='ltr'>dicam.</span> <span class='ocrx_word' id='word_1_223' title='bbox 716 2626 871 2691; x_wconf 80' lang='lat' dir='ltr'>Attamen</span> <span class='ocrx_word' id='word_1_224' title='bbox 893 2625 1011 2710; x_wconf 81' lang='lat' dir='ltr'>habac,</span> <span class='ocrx_word' id='word_1_225' title='bbox 1036 2646 1100 2709; x_wconf 93' lang='lat' dir='ltr'>quo</span> <span class='ocrx_word' id='word_1_226' title='bbox 1124 2629 1157 2690; x_wconf 90' lang='lat' dir='ltr'>et</span> <span class='ocrx_word' id='word_1_227' title='bbox 1178 2625 1278 2691; x_wconf 87' lang='lat' dir='ltr'>istam</span> <span class='ocrx_word' id='word_1_228' title='bbox 1300 2626 1592 2694; x_wconf 83' lang='lat' dir='ltr'>inconcinnitatem</span> 
     </span>
     <span class='ocr_line' id='line_1_23' title="bbox 306 2732 1593 2820; baseline 0.002 -22"><span class='ocrx_word' id='word_1_229' title='bbox 306 2755 456 2798; x_wconf 88' lang='lat' dir='ltr'>excusem</span> <span class='ocrx_word' id='word_1_230' title='bbox 484 2737 518 2798; x_wconf 89' lang='lat' dir='ltr'>et</span> <span class='ocrx_word' id='word_1_231' title='bbox 545 2733 688 2798; x_wconf 87' lang='lat' dir='ltr'>rationes</span> <span class='ocrx_word' id='word_1_232' title='bbox 716 2733 751 2797; x_wconf 93' lang='lat' dir='ltr'>in</span> <span class='ocrx_word' id='word_1_233' title='bbox 778 2733 926 2797; x_wconf 86' lang='lat' dir='ltr'>versibus</span> <span class='ocrx_word' id='word_1_234' title='bbox 954 2732 1191 2798; x_wconf 90' lang='lat' dir='ltr'>constituendis</span> <span class='ocrx_word' id='word_1_235' title='bbox 1213 2733 1371 2799; x_wconf 88' lang='lat' dir='ltr'>ineundas</span> <span class='ocrx_word' id='word_1_236' title='bbox 1399 2735 1593 2820; x_wconf 90' lang='lat' dir='ltr'>compleam.</span> 
     </span>
     <span class='ocr_line' id='line_1_24' title="bbox 396 2826 1592 2928; baseline 0.003 -24"><span class='ocrx_word' id='word_1_237' title='bbox 396 2838 480 2905; x_wconf 80' lang='lat' dir='ltr'>Sunt</span> <span class='ocrx_word' id='word_1_238' title='bbox 507 2840 593 2905; x_wconf 89' lang='lat' dir='ltr'>enim</span> <span class='ocrx_word' id='word_1_239' title='bbox 620 2861 687 2905; x_wconf 92' lang='lat' dir='ltr'>non</span> <span class='ocrx_word' id='word_1_240' title='bbox 715 2861 826 2904; x_wconf 90' lang='lat' dir='ltr'>omnes</span> <span class='ocrx_word' id='word_1_241' title='bbox 854 2861 981 2926; x_wconf 85' lang='lat' dir='ltr'>versus,</span> <span class='ocrx_word' id='word_1_242' title='bbox 1008 2861 1090 2925; x_wconf 87' lang='lat' dir='ltr'>quos</span> <span class='ocrx_word' id='word_1_243' title='bbox 1119 2826 1304 2906; x_wconf 85' lang='lat' dir='ltr'>Boeohhius</span> <span class='ocrx_word' id='word_1_244' title='bbox 1332 2847 1479 2928; x_wconf 85' lang='lat' dir='ltr'>externa,</span> <span class='ocrx_word' id='word_1_245' title='bbox 1507 2865 1592 2927; x_wconf 87' lang='lat' dir='ltr'>quae</span> 
     </span>
     <span class='ocr_line' id='line_1_25' title="bbox 307 2946 1591 3034; baseline 0.002 -22"><span class='ocrx_word' id='word_1_246' title='bbox 307 2969 405 3033; x_wconf 90' lang='lat' dir='ltr'>supra</span> <span class='ocrx_word' id='word_1_247' title='bbox 432 2947 581 3033; x_wconf 81' lang='lat' dir='ltr'>exposui,</span> <span class='ocrx_word' id='word_1_248' title='bbox 607 2946 728 3012; x_wconf 86' lang='lat' dir='ltr'>indicia</span> <span class='ocrx_word' id='word_1_249' title='bbox 755 2951 887 3012; x_wconf 89' lang='lat' dir='ltr'>secutus</span> <span class='ocrx_word' id='word_1_250' title='bbox 916 2946 1101 3032; x_wconf 83' lang='lat' dir='ltr'>const&#39;tnit,</span> <span class='ocrx_word' id='word_1_251' title='bbox 1129 2947 1218 3033; x_wconf 89' lang='lat' dir='ltr'>pleni</span> <span class='ocrx_word' id='word_1_252' title='bbox 1245 2953 1279 3013; x_wconf 94' lang='lat' dir='ltr'>et</span> <span class='ocrx_word' id='word_1_253' title='bbox 1306 2948 1456 3034; x_wconf 86' lang='lat' dir='ltr'>perfecti,</span> <span class='ocrx_word' id='word_1_254' title='bbox 1488 2949 1591 3016; x_wconf 90' lang='lat' dir='ltr'>immo</span> 
     </span>
     <span class='ocr_line' id='line_1_26' title="bbox 307 3053 1593 3140; baseline 0.004 -21"><span class='ocrx_word' id='word_1_255' title='bbox 307 3076 402 3140; x_wconf 89' lang='lat' dir='ltr'>saepe</span> <span class='ocrx_word' id='word_1_256' title='bbox 426 3054 489 3119; x_wconf 89' lang='lat' dir='ltr'>dno</span> <span class='ocrx_word' id='word_1_257' title='bbox 513 3054 564 3119; x_wconf 86' lang='lat' dir='ltr'>vel</span> <span class='ocrx_word' id='word_1_258' title='bbox 588 3053 687 3119; x_wconf 88' lang='lat' dir='ltr'>etiam</span> <span class='ocrx_word' id='word_1_259' title='bbox 711 3059 778 3118; x_wconf 90' lang='lat' dir='ltr'>tres</span> <span class='ocrx_word' id='word_1_260' title='bbox 800 3054 849 3119; x_wconf 88' lang='lat' dir='ltr'>ita</span> <span class='ocrx_word' id='word_1_261' title='bbox 871 3054 959 3119; x_wconf 90' lang='lat' dir='ltr'>inter</span> <span class='ocrx_word' id='word_1_262' title='bbox 982 3077 1016 3120; x_wconf 92' lang='lat' dir='ltr'>se</span> <span class='ocrx_word' id='word_1_263' title='bbox 1040 3055 1228 3137; x_wconf 85' lang='lat' dir='ltr'>cohaerent,</span> <span class='ocrx_word' id='word_1_264' title='bbox 1251 3059 1288 3119; x_wconf 90' lang='lat' dir='ltr'>ut</span> <span class='ocrx_word' id='word_1_265' title='bbox 1307 3056 1593 3124; x_wconf 78' lang='lat' dir='ltr'>coniunctionem</span> 
     </span>
     <span class='ocr_line' id='line_1_27' title="bbox 307 3159 1593 3249; baseline 0.003 -23"><span class='ocrx_word' id='word_1_266' title='bbox 307 3162 477 3246; x_wconf 88' lang='lat' dir='ltr'>periodum</span> <span class='ocrx_word' id='word_1_267' title='bbox 503 3161 655 3226; x_wconf 83' lang='lat' dir='ltr'>efficiant.</span> <span class='ocrx_word' id='word_1_268' title='bbox 702 3159 756 3226; x_wconf 80' lang='lat' dir='ltr'>Sic</span> <span class='ocrx_word' id='word_1_269' title='bbox 778 3161 814 3225; x_wconf 91' lang='lat' dir='ltr'>in</span> <span class='ocrx_word' id='word_1_270' title='bbox 836 3160 943 3247; x_wconf 90' lang='lat' dir='ltr'>prima</span> <span class='ocrx_word' id='word_1_271' title='bbox 966 3161 1028 3226; x_wconf 89' lang='lat' dir='ltr'>oda</span> <span class='ocrx_word' id='word_1_272' title='bbox 1051 3160 1222 3246; x_wconf 85' lang='lat' dir='ltr'>Olympiea</span> <span class='ocrx_word' id='word_1_273' title='bbox 1243 3161 1361 3227; x_wconf 89' lang='lat' dir='ltr'>merito</span> <span class='ocrx_word' id='word_1_274' title='bbox 1384 3168 1421 3228; x_wconf 91' lang='lat' dir='ltr'>tu</span> <span class='ocrx_word' id='word_1_275' title='bbox 1445 3186 1593 3249; x_wconf 86' lang='lat' dir='ltr'>quaeras,</span> 
     </span>
     <span class='ocr_line' id='line_1_28' title="bbox 306 3267 1356 3354; baseline 0.001 -21"><span class='ocrx_word' id='word_1_276' title='bbox 306 3290 363 3333; x_wconf 88' lang='lat' dir='ltr'>cur</span> <span class='ocrx_word' id='word_1_277' title='bbox 385 3272 483 3353; x_wconf 87' lang='lat' dir='ltr'>poeta</span> <span class='ocrx_word' id='word_1_278' title='bbox 507 3268 570 3333; x_wconf 94' lang='lat' dir='ltr'>duo</span> <span class='ocrx_word' id='word_1_279' title='bbox 593 3267 700 3354; x_wconf 89' lang='lat' dir='ltr'>prima</span> <span class='ocrx_word' id='word_1_280' title='bbox 722 3268 794 3334; x_wconf 89' lang='lat' dir='ltr'>cola</span> <span class='ocrx_word' id='word_1_281' title='bbox 816 3269 851 3332; x_wconf 91' lang='lat' dir='ltr'>in</span> <span class='ocrx_word' id='word_1_282' title='bbox 874 3291 975 3333; x_wconf 89' lang='lat' dir='ltr'>unum</span> <span class='ocrx_word' id='word_1_283' title='bbox 998 3291 1128 3334; x_wconf 84' lang='lat' dir='ltr'>versum</span> <span class='ocrx_word' id='word_1_284' title='bbox 1150 3268 1356 3334; x_wconf 81' lang='lat' dir='ltr'>coniunxerit</span> 
     </span>
     <span class='ocr_line' id='line_1_29' title="bbox 732 3373 1199 3446; baseline -0.002 -20"><span class='ocrx_word' id='word_1_285' title='bbox 732 3373 1199 3446; x_wconf 65' lang='lat' dir='ltr'>i.-u.u-liU-v&#39;u-!,</span> 
     </span>
     <span class='ocr_line' id='line_1_30' title="bbox 306 3481 1591 3571; baseline 0.002 -24"><span class='ocrx_word' id='word_1_286' title='bbox 306 3481 378 3547; x_wconf 91' lang='lat' dir='ltr'>cola</span> <span class='ocrx_word' id='word_1_287' title='bbox 396 3481 547 3567; x_wconf 88' lang='lat' dir='ltr'>quintum</span> <span class='ocrx_word' id='word_1_288' title='bbox 565 3485 598 3548; x_wconf 91' lang='lat' dir='ltr'>et</span> <span class='ocrx_word' id='word_1_289' title='bbox 617 3487 744 3548; x_wconf 88' lang='lat' dir='ltr'>sextum</span> <span class='ocrx_word' id='word_1_290' title='bbox 764 3484 883 3550; x_wconf 86' lang='lat' dir='ltr'>veteris</span> <span class='ocrx_word' id='word_1_291' title='bbox 903 3483 1124 3561; x_wconf 87' lang='lat' dir='ltr'>colometriae‚</span> <span class='ocrx_word' id='word_1_292' title='bbox 1147 3483 1225 3550; x_wconf 91' lang='lat' dir='ltr'>licet</span> <span class='ocrx_word' id='word_1_293' title='bbox 1242 3483 1308 3550; x_wconf 93' lang='lat' dir='ltr'>illis</span> <span class='ocrx_word' id='word_1_294' title='bbox 1328 3484 1496 3550; x_wconf 90' lang='lat' dir='ltr'>simillima</span> <span class='ocrx_word' id='word_1_295' title='bbox 1515 3485 1591 3571; x_wconf 88' lang='lat' dir='ltr'>sint,</span> 
     </span>
     <span class='ocr_line' id='line_1_31' title="bbox 305 3589 1222 3676; baseline 0.001 -22"><span class='ocrx_word' id='word_1_296' title='bbox 305 3611 372 3654; x_wconf 92' lang='lat' dir='ltr'>non</span> <span class='ocrx_word' id='word_1_297' title='bbox 395 3589 611 3675; x_wconf 84' lang='lat' dir='ltr'>coniunxerit,</span> <span class='ocrx_word' id='word_1_298' title='bbox 636 3590 749 3655; x_wconf 90' lang='lat' dir='ltr'>sedin</span> <span class='ocrx_word' id='word_1_299' title='bbox 773 3591 854 3656; x_wconf 90' lang='lat' dir='ltr'>duos</span> <span class='ocrx_word' id='word_1_300' title='bbox 878 3613 991 3656; x_wconf 87' lang='lat' dir='ltr'>versus</span> <span class='ocrx_word' id='word_1_301' title='bbox 1014 3590 1222 3676; x_wconf 83' lang='lat' dir='ltr'>discerpserit</span> 
     </span>
    </p>
   </div>
   <div class='ocr_carea' id='block_1_13' title="bbox 304 3911 1590 3999">
    <p class='ocr_par' dir='ltr' id='par_1_14' title="bbox 304 3911 1590 3999">
     <span class='ocr_line' id='line_1_32' title="bbox 304 3911 1590 3999; baseline 0.001 -20"><span class='ocrx_word' id='word_1_302' title='bbox 304 3912 418 3998; x_wconf 89' lang='lat' dir='ltr'>Neque</span> <span class='ocrx_word' id='word_1_303' title='bbox 447 3912 566 3977; x_wconf 88' lang='lat' dir='ltr'>erravit</span> <span class='ocrx_word' id='word_1_304' title='bbox 589 3911 787 3996; x_wconf 89' lang='lat' dir='ltr'>Boeekhius,</span> <span class='ocrx_word' id='word_1_305' title='bbox 815 3913 902 3997; x_wconf 94' lang='lat' dir='ltr'>quod</span> <span class='ocrx_word' id='word_1_306' title='bbox 928 3913 1070 3999; x_wconf 79' lang='lat' dir='ltr'>vestigia</span> <span class='ocrx_word' id='word_1_307' title='bbox 1095 3917 1212 3999; x_wconf 88' lang='lat' dir='ltr'>poetae</span> <span class='ocrx_word' id='word_1_308' title='bbox 1240 3912 1344 3997; x_wconf 87' lang='lat' dir='ltr'>ipsius</span> <span class='ocrx_word' id='word_1_309' title='bbox 1371 3917 1502 3979; x_wconf 89' lang='lat' dir='ltr'>secutus</span> <span class='ocrx_word' id='word_1_310' title='bbox 1526 3916 1590 3980; x_wconf 91' lang='lat' dir='ltr'>duo</span> 
     </span>
    </p>
   </div>
   <div class='ocr_carea' id='block_1_14' title="bbox 304 4019 1705 4107">
    <p class='ocr_par' dir='ltr' id='par_1_15' title="bbox 304 4019 1705 4107">
     <span class='ocr_line' id='line_1_33' title="bbox 304 4019 1705 4107; baseline -0.003 -22"><span class='ocrx_word' id='word_1_311' title='bbox 304 4021 411 4107; x_wconf 88' lang='lat' dir='ltr'>prima</span> <span class='ocrx_word' id='word_1_312' title='bbox 438 4019 510 4085; x_wconf 88' lang='lat' dir='ltr'>cola</span> <span class='ocrx_word' id='word_1_313' title='bbox 536 4019 657 4086; x_wconf 89' lang='lat' dir='ltr'>reiecta</span> <span class='ocrx_word' id='word_1_314' title='bbox 685 4019 832 4087; x_wconf 87' lang='lat' dir='ltr'>codicum</span> <span class='ocrx_word' id='word_1_315' title='bbox 859 4020 1055 4086; x_wconf 87' lang='lat' dir='ltr'>auctoritate</span> <span class='ocrx_word' id='word_1_316' title='bbox 1077 4021 1113 4085; x_wconf 93' lang='lat' dir='ltr'>in</span> <span class='ocrx_word' id='word_1_317' title='bbox 1135 4043 1238 4085; x_wconf 91' lang='lat' dir='ltr'>unum</span> <span class='ocrx_word' id='word_1_318' title='bbox 1259 4043 1390 4086; x_wconf 82' lang='lat' dir='ltr'>versum</span> <span class='ocrx_word' id='word_1_319' title='bbox 1413 4021 1592 4107; x_wconf 78' lang='lat' dir='ltr'>coniunxit,</span> <span class='ocrx_word' id='word_1_320' title='bbox 1704 4078 1705 4081; x_wconf 74' lang='grc'>,</span> 
     </span>
    </p>
   </div>
   <div class='ocr_carea' id='block_1_15' title="bbox 304 4127 1593 4750">
    <p class='ocr_par' dir='ltr' id='par_1_16' title="bbox 304 4127 1593 4750">
     <span class='ocr_line' id='line_1_34' title="bbox 308 4127 1592 4215; baseline 0.002 -22"><span class='ocrx_word' id='word_1_321' title='bbox 308 4128 458 4214; x_wconf 90' lang='lat' dir='ltr'>quintum</span> <span class='ocrx_word' id='word_1_322' title='bbox 477 4132 510 4192; x_wconf 89' lang='lat' dir='ltr'>et</span> <span class='ocrx_word' id='word_1_323' title='bbox 529 4132 657 4193; x_wconf 85' lang='lat' dir='ltr'>sextum</span> <span class='ocrx_word' id='word_1_324' title='bbox 675 4149 742 4192; x_wconf 93' lang='lat' dir='ltr'>non</span> <span class='ocrx_word' id='word_1_325' title='bbox 759 4127 849 4194; x_wconf 90' lang='lat' dir='ltr'>item.</span> <span class='ocrx_word' id='word_1_326' title='bbox 881 4128 921 4192; x_wconf 93' lang='lat' dir='ltr'>In</span> <span class='ocrx_word' id='word_1_327' title='bbox 940 4129 1004 4193; x_wconf 89' lang='lat' dir='ltr'>fine</span> <span class='ocrx_word' id='word_1_328' title='bbox 1023 4129 1110 4193; x_wconf 91' lang='lat' dir='ltr'>enim</span> <span class='ocrx_word' id='word_1_329' title='bbox 1129 4128 1235 4213; x_wconf 89' lang='lat' dir='ltr'>quinti</span> <span class='ocrx_word' id='word_1_330' title='bbox 1250 4129 1314 4194; x_wconf 93' lang='lat' dir='ltr'>coli</span> <span class='ocrx_word' id='word_1_331' title='bbox 1329 4132 1445 4212; x_wconf 89' lang='lat' dir='ltr'>quater</span> <span class='ocrx_word' id='word_1_332' title='bbox 1458 4127 1524 4215; x_wconf 84' lang='lat' dir='ltr'><strong>(vv.</strong></span> <span class='ocrx_word' id='word_1_333' title='bbox 1540 4132 1592 4197; x_wconf 85' lang='lat'>33.</span> 
     </span>
     <span class='ocr_line' id='line_1_35' title="bbox 305 4233 1592 4321; baseline 0 -19"><span class='ocrx_word' id='word_1_334' title='bbox 305 4238 357 4302; x_wconf 93' lang='grc'>44.</span> <span class='ocrx_word' id='word_1_335' title='bbox 378 4237 428 4301; x_wconf 83' lang='grc'>74.</span> <span class='ocrx_word' id='word_1_336' title='bbox 450 4233 528 4321; x_wconf 83' lang='grc'><strong>104)</strong></span> <span class='ocrx_word' id='word_1_337' title='bbox 552 4235 701 4301; x_wconf 88' lang='lat' dir='ltr'>licentiae</span> <span class='ocrx_word' id='word_1_338' title='bbox 726 4235 870 4321; x_wconf 84' lang='lat' dir='ltr'>syllabae</span> <span class='ocrx_word' id='word_1_339' title='bbox 894 4235 1047 4321; x_wconf 88' lang='lat' dir='ltr'>ancipitis</span> <span class='ocrx_word' id='word_1_340' title='bbox 1072 4241 1105 4300; x_wconf 91' lang='lat' dir='ltr'>et</span> <span class='ocrx_word' id='word_1_341' title='bbox 1127 4236 1237 4301; x_wconf 90' lang='lat' dir='ltr'>hiatus</span> <span class='ocrx_word' id='word_1_342' title='bbox 1263 4236 1423 4301; x_wconf 90' lang='lat' dir='ltr'>admissae</span> <span class='ocrx_word' id='word_1_343' title='bbox 1444 4242 1534 4321; x_wconf 88' lang='lat' dir='ltr'>sunt,</span> <span class='ocrx_word' id='word_1_344' title='bbox 1557 4238 1592 4302; x_wconf 95' lang='lat' dir='ltr'>in</span> 
     </span>
     <span class='ocr_line' id='line_1_36' title="bbox 305 4339 1593 4430; baseline 0.002 -23"><span class='ocrx_word' id='word_1_345' title='bbox 305 4344 369 4408; x_wconf 87' lang='lat' dir='ltr'>fine</span> <span class='ocrx_word' id='word_1_346' title='bbox 392 4343 488 4428; x_wconf 85' lang='lat' dir='ltr'>primi</span> <span class='ocrx_word' id='word_1_347' title='bbox 510 4342 590 4408; x_wconf 89' lang='lat' dir='ltr'>adeo</span> <span class='ocrx_word' id='word_1_348' title='bbox 609 4366 784 4428; x_wconf 89' lang='lat' dir='ltr'>nusquam,</span> <span class='ocrx_word' id='word_1_349' title='bbox 807 4347 844 4407; x_wconf 93' lang='lat' dir='ltr'>ut</span> <span class='ocrx_word' id='word_1_350' title='bbox 864 4349 915 4407; x_wconf 87' lang='lat' dir='ltr'>ter</span> <span class='ocrx_word' id='word_1_351' title='bbox 933 4341 997 4430; x_wconf 83' lang='lat' dir='ltr'><strong>(vv.</strong></span> <span class='ocrx_word' id='word_1_352' title='bbox 1013 4344 1065 4408; x_wconf 86' lang='lat'>31.</span> <span class='ocrx_word' id='word_1_353' title='bbox 1082 4344 1132 4408; x_wconf 79' lang='lat'>72.</span> <span class='ocrx_word' id='word_1_354' title='bbox 1149 4339 1228 4430; x_wconf 78' lang='lat'>102)</span> <span class='ocrx_word' id='word_1_355' title='bbox 1246 4365 1288 4407; x_wconf 94' lang='lat' dir='ltr'>ne</span> <span class='ocrx_word' id='word_1_356' title='bbox 1307 4344 1442 4407; x_wconf 86' lang='lat' dir='ltr'>verbum</span> <span class='ocrx_word' id='word_1_357' title='bbox 1461 4343 1593 4428; x_wconf 90' lang='lat' dir='ltr'>quidem</span> 
     </span>
     <span class='ocr_line' id='line_1_37' title="bbox 304 4449 1591 4536; baseline 0 -20"><span class='ocrx_word' id='word_1_358' title='bbox 304 4452 338 4516; x_wconf 93' lang='lat' dir='ltr'>in</span> <span class='ocrx_word' id='word_1_359' title='bbox 360 4451 424 4514; x_wconf 87' lang='lat' dir='ltr'>fine</span> <span class='ocrx_word' id='word_1_360' title='bbox 447 4451 565 4534; x_wconf 90' lang='lat' dir='ltr'>prioris</span> <span class='ocrx_word' id='word_1_361' title='bbox 590 4450 652 4515; x_wconf 90' lang='lat' dir='ltr'>coli</span> <span class='ocrx_word' id='word_1_362' title='bbox 676 4451 806 4516; x_wconf 88' lang='lat' dir='ltr'>finitum</span> <span class='ocrx_word' id='word_1_363' title='bbox 830 4449 881 4514; x_wconf 91' lang='lat' dir='ltr'>sit.</span> <span class='ocrx_word' id='word_1_364' title='bbox 927 4449 1013 4514; x_wconf 91' lang='lat' dir='ltr'>Illud</span> <span class='ocrx_word' id='word_1_365' title='bbox 1036 4454 1147 4515; x_wconf 89' lang='lat' dir='ltr'>tamen</span> <span class='ocrx_word' id='word_1_366' title='bbox 1169 4455 1293 4536; x_wconf 87' lang='lat' dir='ltr'>manet,</span> <span class='ocrx_word' id='word_1_367' title='bbox 1316 4471 1429 4515; x_wconf 84' lang='lat' dir='ltr'>versus</span> <span class='ocrx_word' id='word_1_368' title='bbox 1453 4451 1591 4516; x_wconf 89' lang='lat' dir='ltr'>tertium</span> 
     </span>
     <span class='ocr_line' id='line_1_38' title="bbox 305 4556 1592 4643; baseline 0 -20"><span class='ocrx_word' id='word_1_369' title='bbox 305 4562 338 4623; x_wconf 89' lang='lat' dir='ltr'>et</span> <span class='ocrx_word' id='word_1_370' title='bbox 366 4562 531 4642; x_wconf 87' lang='lat' dir='ltr'>quartum,</span> <span class='ocrx_word' id='word_1_371' title='bbox 560 4557 707 4642; x_wconf 84' lang='lat' dir='ltr'>quamvis</span> <span class='ocrx_word' id='word_1_372' title='bbox 735 4556 876 4622; x_wconf 86' lang='lat' dir='ltr'>licentiis</span> <span class='ocrx_word' id='word_1_373' title='bbox 903 4556 977 4621; x_wconf 89' lang='lat' dir='ltr'>istis</span> <span class='ocrx_word' id='word_1_374' title='bbox 1002 4557 1154 4623; x_wconf 89' lang='lat' dir='ltr'>disiuncti</span> <span class='ocrx_word' id='word_1_375' title='bbox 1179 4557 1259 4642; x_wconf 87' lang='lat' dir='ltr'>sint,</span> <span class='ocrx_word' id='word_1_376' title='bbox 1287 4561 1411 4643; x_wconf 87' lang='lat' dir='ltr'>tamen,</span> <span class='ocrx_word' id='word_1_377' title='bbox 1438 4580 1592 4623; x_wconf 85' lang='lat' dir='ltr'>numeros</span> 
     </span>
     <span class='ocr_line' id='line_1_39' title="bbox 305 4664 1592 4750; baseline 0.001 -20"><span class='ocrx_word' id='word_1_378' title='bbox 305 4665 333 4730; x_wconf 90' lang='lat' dir='ltr'>si</span> <span class='ocrx_word' id='word_1_379' title='bbox 366 4668 507 4749; x_wconf 86' lang='lat' dir='ltr'>spectes,</span> <span class='ocrx_word' id='word_1_380' title='bbox 538 4686 604 4730; x_wconf 89' lang='lat' dir='ltr'>non</span> <span class='ocrx_word' id='word_1_381' title='bbox 636 4664 743 4730; x_wconf 89' lang='lat' dir='ltr'>minus</span> <span class='ocrx_word' id='word_1_382' title='bbox 776 4687 876 4749; x_wconf 89' lang='lat' dir='ltr'>quam</span> <span class='ocrx_word' id='word_1_383' title='bbox 907 4666 971 4729; x_wconf 89' lang='lat' dir='ltr'>duo</span> <span class='ocrx_word' id='word_1_384' title='bbox 1008 4665 1114 4750; x_wconf 89' lang='lat' dir='ltr'>prima</span> <span class='ocrx_word' id='word_1_385' title='bbox 1147 4666 1219 4730; x_wconf 88' lang='lat' dir='ltr'>oola</span> <span class='ocrx_word' id='word_1_386' title='bbox 1252 4665 1405 4750; x_wconf 80' lang='lat' dir='ltr'>strophae</span> <span class='ocrx_word' id='word_1_387' title='bbox 1437 4666 1524 4730; x_wconf 90' lang='lat' dir='ltr'>inter</span> <span class='ocrx_word' id='word_1_388' title='bbox 1557 4689 1592 4731; x_wconf 89' lang='lat' dir='ltr'>se</span> 
     </span>
    </p>
   </div>
   <div class='ocr_carea' id='block_1_16' title="bbox 308 4771 1706 4860">
    <p class='ocr_par' dir='ltr' id='par_1_17' title="bbox 308 4771 1706 4860">
     <span class='ocr_line' id='line_1_40' title="bbox 308 4771 1706 4860; baseline -0.001 -21"><span class='ocrx_word' id='word_1_389' title='bbox 308 4772 480 4840; x_wconf 87' lang='lat' dir='ltr'>cohaerere</span> <span class='ocrx_word' id='word_1_390' title='bbox 511 4777 543 4838; x_wconf 91' lang='lat' dir='ltr'>et</span> <span class='ocrx_word' id='word_1_391' title='bbox 572 4776 682 4860; x_wconf 86' lang='lat' dir='ltr'>partes</span> <span class='ocrx_word' id='word_1_392' title='bbox 710 4772 806 4838; x_wconf 89' lang='lat' dir='ltr'>unius</span> <span class='ocrx_word' id='word_1_393' title='bbox 833 4772 1038 4857; x_wconf 84' lang='lat' dir='ltr'>rhythmicae</span> <span class='ocrx_word' id='word_1_394' title='bbox 1065 4771 1190 4859; x_wconf 88' lang='lat' dir='ltr'>periodi</span> <span class='ocrx_word' id='word_1_395' title='bbox 1219 4772 1355 4838; x_wconf 89' lang='lat' dir='ltr'>efficere.</span> <span class='ocrx_word' id='word_1_396' title='bbox 1401 4772 1512 4858; x_wconf 83' lang='lat' dir='ltr'>Atque</span> <span class='ocrx_word' id='word_1_397' title='bbox 1540 4774 1594 4838; x_wconf 92' lang='lat' dir='ltr'>hic</span> <span class='ocrx_word' id='word_1_398' title='bbox 1704 4772 1706 4823; x_wconf 68' lang='lat' dir='ltr'>l</span> 
     </span>
    </p>
   </div>
   <div class='ocr_carea' id='block_1_17' title="bbox 0 0 1714 5428">
    <p class='ocr_par' dir='ltr' id='par_1_18' title="bbox 0 0 1714 5428">
     <span class='ocr_line' id='line_1_41' title="bbox 0 0 1714 5428; baseline 0 0"><span class='ocrx_word' id='word_1_399' title='bbox 0 0 1714 5428; x_wconf 95' lang='lat' dir='ltr'> </span> 
     </span>
    </p>
   </div>
  </div>
 </body>
</html>
