3417 5434
642 364 791 417 ISTHMIA
810 366 831 416 1.

149 529 232 612 άμμι
256 525 287 591 δ’
315 529 398 591 ἔοικε
423 528 557 611 Κρόνου
581 524 760 609 σεισίχθον’
788 526 866 591 υίὸν

150 632 273 717 γείτον’
298 631 526 718 ἀμειβομένοις
549 632 722 719 εὐεργέταν

149 740 306 828 ἁρμάτων
332 742 552 827 ἱπποδρόμιον
574 741 766 825 κελαδῆσαι,

91 868 128 912 ιε
150 847 207 914 καὶ
230 847 346 939 σέθεν,
367 846 592 933 Ἀμφιτρύων,

149 956 272 1033 παῖδας
294 966 500 1041 προσειπεῖν,
521 956 581 1019 τὸν
605 956 722 1021 Μινύα
746 979 779 1020 τε
802 956 909 1039 μυχὸν

149 1061 205 1127 καὶ
228 1064 266 1127 τὸ
289 1061 467 1147 Δάματρος
489 1063 611 1127 κλυτὸν
634 1063 734 1140 ἀλσος
754 1060 860 1127 Ἐλευ-

198 1182 275 1235 σῖνα
297 1166 352 1234 καὶ
376 1170 541 1252 Πῦ-βοιαν
565 1167 600 1233 έν
623 1180 803 1253 γναμπτοῖς
826 1169 975 1255 δρόμοις·

150 1404 362 1488 Πρωτεσίλα,
384 1402 422 1467 τὸ
445 1402 520 1466 τεὸν
543 1399 574 1465 δ’
601 1400 734 1485 ἀνδρῶν
755 1398 894 1484 Ἀχαιῶν

151 1508 189 1574 ἐν
215 1508 353 1597 Φυλάκᾳ
375 1507 509 1592 τέμενος
531 1509 768 1593 συμβάλλομαι.

92 1634 131 1681 so
151 1616 261 1700 πάντα
284 1614 316 1681 δ’
342 1614 493 1699 ἐξειπεῖν,
518 1612 568 1681 όσ’
594 1614 736 1698 ἀγώνιος
755 1613 875 1701 Ἑρμᾶς

146 1721 319 1812 Ἡροδότῳ
344 1726 462 1809 ἔπορεν

152 1832 281 1914 ἵπποις,
305 1830 493 1916 ἀφαιρεῖται
516 1834 623 1916 βραχὺ
647 1830 767 1917 μέτρον
790 1834 875 1914 ἔχων

151 1938 266 2021 ὕμνος.
311 1932 332 2020 ἦ
355 1938 421 2021 μάν
444 1936 583 2002 πολλάκι
605 1936 661 2003 καί
684 1938 721 2003 τὸ
745 1938 845 2003 σεσωέ

197 2043 345 2129 παμένον
367 2044 550 2129 εύ-θομίαν
572 2048 668 2129 μείζω
693 2043 795 2131 φέρει.

152 2282 203 2360 εἴη
227 2300 282 2342 νιν
305 2276 468 2362 εὐφώνων
490 2279 707 2361 πτερύγεσσιν
730 2275 881 2361 ἀερθέντ’
910 2276 1047 2360 ἀγλααῖς
1197 2277 1262 2343 Έπ.
1282 2276 1325 2342 δ’.
1344 2295 1378 2342 so

93 2402 131 2449 65
153 2384 325 2469 Πιερίδων
348 2386 396 2449 ἔτι
418 2382 473 2448 καὶ
493 2389 667 2450 Πυθῶθεν
685 2382 918 2469 Ὀλυμπιάδων
940 2384 969 2450 τ’
991 2384 1167 2471 ἐξαιρέτοις

151 2488 292 2575 Ἀλφεοῦ
317 2494 425 2577 ἔρνεσι
449 2490 572 2577 φράξαι
595 2503 700 2577 χεῖρα,
724 2494 822 2576 τιμάν
846 2489 1044 2568 ἑπταπύλοις
1344 2510 1378 2557 95

172 2798 214 2848 53.
229 2792 322 2865 ἀμαιβ.
338 2792 369 2847 D
384 2824 416 2832 —
432 2796 474 2847 54.
491 2788 684 2862 ἱπποδρομίαν
698 2792 768 2846 coni.
784 2792 993 2848 Rauchenstoin
1007 2805 1045 2834 —'
1057 2799 1098 2847 ol.
1113 2791 1276 2861 Ἡροδότοιο
1291 2793 1379 2863 πόρεν

96 2863 172 2919 coni.
187 2862 356 2931 Mommsen3
376 2864 411 2918 cf.
426 2864 463 2917 ad
479 2863 509 2919 Ο.
524 2882 535 2916 1
550 2880 588 2918 ros
603 2896 636 2905 -
652 2862 773 2933 έμπορεν
787 2865 814 2918 Β
829 2898 862 2905 -
878 2870 920 2920 63.
940 2862 1122 2935 σεσιγαμένον
1136 2864 1207 2921 coni.
1222 2866 1378 2932 Hermann;

96 2936 135 2991 cf.
152 2935 287 2990 O.xms'1
307 2968 340 2976 -
361 2932 497 3005 εύνμνίοιν
516 2934 587 2989 coni.
603 2934 698 2990 Nabor
716 2968 751 2975 —
770 2941 812 2991 64.
832 2936 997 3005 πτερύγεσιν
1013 2936 1075 2991 BD
1093 2968 1126 2977 ·-
1146 2938 1264 3007 ἀγλααῖς
1281 2936 1378 2992 Trici:

96 3007 244 3077 ἀγλαίαισι
266 3008 307 3077 Β,
333 3007 464 3077 ἀγλααῖσι
487 3008 517 3063 D
539 3039 575 3047 —-
598 3011 640 3061 65.
666 3005 801 3062 ποθόθεν
826 3008 894 3062 BD
911 3040 947 3048 —
965 3013 1007 3062 66.
1033 3017 1127 3079 zelen:
1152 3007 1215 3063 fort.
1235 3018 1325 3078 κρᾶτα
1345 3042 1378 3049 -

99 3185 171 3239 ieoti
184 3184 242 3239 vim
262 3184 388 3239 obtinere
403 3184 474 3239 duoo
489 3218 524 3225 —
539 3190 580 3239 53.
600 3184 663 3239 νίδν
677 3186 782 3255 pendet
796 3186 832 3239 ab
847 3184 1050 3259 ἀμειβομένοις,
1067 3183 1255 3256 έπποδρόμιον
1269 3204 1287 3241 a
1300 3191 1379 3241 νελα-

98 3260 199 3325 ᾱῆσαι·
210 3254 323 3326 γείτονα
333 3259 427 3310 autem
437 3257 600 3325 Neptunum
610 3256 690 3323 dixit,
701 3256 776 3325 quod
787 3256 944 3311 Onchestos
953 3274 1009 3312 non
1018 3258 1101 3325 longe
1112 3274 1130 3311 a
1138 3257 1243 3312 Thebis
1253 3257 1381 3313 distabat

100 3359 134 3369 -
157 3333 199 3382 54.
220 3326 408 3398 iunctissimos
428 3328 486 3383 scil.
506 3325 595 3397 ύμνον
614 3327 659 3382 vel
678 3328 773 3396 νόμον,
793 3328 872 3381 cuius
891 3328 1000 3398 generis
1019 3328 1186 3398 hymnorum
1203 3332 1294 3384 metra
1313 3330 1378 3384 dac-

99 3398 320 3469 tylo-epitritica
342 3398 457 3469 propria
480 3398 567 3453 fuisse
590 3398 655 3453 inde
680 3398 796 3489 collisso,
819 3400 894 3468 quod
918 3400 990 3454 Plnt.
1011 3400 1046 3455 dc
1064 3417 1161 3454 muer
1181 3400 1379 3470 Stesichorum,

99 3472 277 3525 inventorem
296 3469 613 3541 dactylo-epitritorum,
633 3470 773 3544 ἁρματειῳ
792 3468 867 3545 νόμφ
904 3470 1045 3539 ρήσασθαι
1064 3471 1153 3526 tradit
1172 3505 1204 3512 -
1224 3478 1267 3527 55.
1286 3472 1380 3540 σέθεν,

97 3542 279 3611 Ἀμφιτρύων,
293 3545 409 3605 παῖδας1
425 3541 533 3597 iolcum
548 3544 577 3595 et
586 3540 741 3605 Herculem,
757 3560 874 3611 quorum
893 3542 1005 3597 Ιολάεια
1020 3560 1068 3597 seu
1080 3541 1230 3611 Ἡράκλεια
1245 3543 1380 3599 Thebana

99 3614 228 3680 fuerunt3
247 3614 282 3668 cf.
298 3613 369 3667 Prol.
386 3633 429 3666 xe1
445 3646 478 3653 -
494 3618 535 3667 56.
554 3614 652 3667 Μινύα
667 3612 763 3683 μαγόν,
779 3613 984 3669 Orchomenum
997 3614 1095 3669 urbem
1109 3615 1139 3668 in
1152 3614 1285 3670 interiore
1298 3619 1380 3686 parte

98 3684 237 3739 Boeotiae
266 3683 366 3749 sitam;
394 3685 428 3739 de
456 3684 530 3739 ludis
560 3684 751 3739 Orchomeniis
780 3688 809 3739 et
836 3685 986 3740 Euboeicis
1013 3705 1039 3740 v.
1062 3686 1134 3741 Ptol.
1156 3704 1255 3739 nxxnx
1276 3704 1316 3755 sq.
1346 3718 1378 3727 -

100 3761 144 3811 58.
165 3756 322 3823 Protesilai,
342 3756 390 3826 qui
409 3756 514 3825 primus
534 3758 600 3811 ante
619 3756 733 3811 Troiam
752 3757 933 3825 occubuerat,
953 3757 1014 3811 ludi
1032 3756 1162 3811 funebres
1181 3756 1331 3827 Phylacae,
1349 3758 1380 3811 in

101 3830 223 3899 paterno
238 3844 306 3897 agro
320 3828 495 3882 Achaeorum
509 3827 734 3882 Thessalicorum
754 3832 834 3882 erant
848 3861 882 3868 —
897 3830 1017 3898 ἀγώνιος
1031 3826 1144 3897 Ἑρμᾶς,
1162 3826 1316 3883 Mercurius
1331 3829 1380 3898 qui

98 3898 261 3969 palaestrae
285 3901 314 3953 et
336 3898 410 3953 ludis
434 3902 557 3969 praeest;
577 3898 611 3954 cf.
627 3899 656 3953 P.
671 3919 692 3951 11
706 3907 739 3953 io.
760 3900 791 3953 Ο.
806 3918 834 3952 vr
849 3916 874 3953 rs
892 3932 927 3940 —
946 3906 988 3954 62.
1013 3901 1102 3972 βραχύ
1142 3897 1222 3965 έτρσν
1241 3898 1312 3968 ἔχων
1329 3898 1379 3969 ύμ-

100 3989 163 4033 νος·
188 3970 240 4024 hoc
260 3986 294 4024 ex
312 3970 374 4025 loco
393 3970 603 4025 Drachmannus
628 3970 668 4025 De
687 3987 739 4024 rec.
760 3970 809 4025 int.
824 3970 903 4024 Pind.
920 3971 937 4025 l.
952 3990 980 4025 11.
996 3988 1018 4024 c.
1033 3990 1054 4024 11
1072 3920 1205 4041 coliigere
1223 3986 1308 4024 ausus
1327 3976 1378 4038 est,

98 4043 135 4096 de
155 4043 232 4095 certo
251 4042 373 4110 quodam
393 4042 503 4096 ambitu
522 4042 654 4096 carminis
673 4042 746 4097 inter
759 4042 894 4096 victorem
909 4046 939 4096 et
956 4046 1070 4112 poetam
1089 4041 1264 4109 convenisse;
1284 4042 1380 4097 confer

97 4114 187 4168 etiam
210 4112 244 4167 N.
264 4132 291 4165 ιν
310 4130 336 4168 ss
356 4146 389 4153 -
409 4120 451 4167 63.
474 4114 506 4168 τὸ
532 4113 728 4183 σεσωπαμένον
743 4156 748 4167 .
766 4155 771 4167 ,
789 4158 793 4167 .
810 4113 901 4181 φέρει·
929 4114 1089 4185 generalem
1114 4113 1297 4181 sententiam,
1323 4114 1379 4167 nisi

97 4183 234 4255 languide
253 4201 316 4238 eam
335 4184 487 4239 adhaerere
508 4184 602 4247 ducas,
622 4185 658 4238 ad
677 4184 758 4237 ludos
773 4183 958 4239 Athenienses
974 4188 1100 4254 spectare
1119 4183 1294 4251 crediderim,
1308 4203 1379 4253 quos

96 4255 148 4309 ilio
168 4258 306 4325 tempore,
334 4272 388 4323 qno
408 4255 535 4310 Thebani
559 4274 622 4310 cum
641 4255 860 4319 Atheniensibus
880 4256 1082 4326 confligebant,
1101 4272 1255 4310 memorare
1274 4257 1378 4311 Thebis

97 4327 243 4397 ingratum
263 4326 329 4395 fuit3
350 4330 424 4381 certe
443 4326 550 4381 Nemee
569 4326 644 4395 quod
664 4326 776 4381 silentio
796 4327 944 4398 praeteriri
962 4327 1131 4382 scholiastae
1146 4327 1251 4395 dicunt,
1270 4327 1300 4381 id
1314 4345 1378 4382 oon-

97 4398 209 4453 iectura
232 4398 479 4468 grammaticorum
502 4398 603 4452 nititur
627 4398 706 4452 iuxta
725 4398 843 4452 Isthmia
863 4398 994 4469 Olympia
1012 4399 1116 4468 Pythia
1134 4398 1305 4453 mentionem
1323 4399 1378 4453 Ne-

97 4486 224 4523 meorum
243 4468 466 4524 desiderantium
485 4502 517 4510 —
537 4475 579 4523 st.
599 4468 761 4539 πτερύγεσσι
776 4472 926 4537 Πιερίδων,
945 4469 1116 4525 carminibus
1135 4468 1278 4540 epiniciis3
1298 4470 1333 4526 cf.
1348 4471 1377 4526 P.

96 4557 169 4595 ναι
190 4572 223 4581 -
243 4546 284 4595 66.
305 4540 412 4609 φράξαι
430 4548 510 4611 χεῖρα
529 4541 598 4594 mire
618 4540 737 4607 dictum,
757 4541 833 4611 quod
851 4544 938 4611 caput
955 4541 1065 4596 coronis
1084 4540 1257 4595 redimibant
1275 4545 1305 4595 et
1321 4542 1378 4596 vic-

97 4614 187 4667 torem
212 4612 315 4683 fingere
339 4612 404 4666 eliis
428 4612 537 4666 coronis
563 4616 620 4665 tem
642 4628 691 4666 ora
710 4612 877 4682 cingentem,
898 4612 969 4667 alias
989 4629 1073 4666 manu
1092 4614 1286 4683 capessentem
1304 4613 1378 4683 pnti-

97 4684 164 4737 dum
191 4686 247 4749 est,
274 4683 404 4753 equidem
429 4684 458 4737 in
484 4701 513 4737 rc
540 4630 650 4736 diffiniit
674 4700 789 4737 manum
813 4702 830 4737 a
853 4688 938 4753 poeta
964 4688 1210 4738 commemoratam
1235 4684 1320 4753 duco,
1346 4688 1379 4738 nt

97 4756 272 4810 Herodotum
300 4754 391 4825 ipsum
419 4756 477 4809 suis
505 4754 635 4809 manibus
664 4771 750 4823 equos
774 4758 915 4808 recturum
939 4772 998 4810 esse
1025 4753 1209 4825 significaret,
1240 4756 1274 4811 ci.
1294 4774 1319 4812 v.
1340 4772 1376 4826 ιε,

97 4827 253 4881 Schroeder
272 4830 416 4897 comparat
436 4828 466 4881 0.
487 4846 506 4879 11
526 4843 551 4881 ιι
570 4858 604 4866 -
