3417 5434
325 319 390 383 322
798 320 947 373 prunam
964 319 1130 373 semen.

384 482 420 549 έν
443 485 554 566 λόγοις
577 479 611 547 δ’
637 482 748 549 ἀστῶν
771 482 933 565 ἀγαθοῖσί
953 507 1011 567 μιν
1033 484 1202 548 αἰνεῖσθαι
1225 482 1342 566 χρεόν,
1411 485 1497 565 Στρ.
1519 478 1573 563 β’·.

380 590 435 657 καλ
457 590 707 675 μελιγδούποισι
732 590 957 657 δαιδαλθέντα
978 589 1145 675 μελιζέμεν
1168 588 1307 673 ἀοιδαῖς.
1688 578 1690 581 ⁴

380 698 415 764 έκ
438 696 475 763 δὲ
498 700 716 782 περικτιόνων
739 695 899 763 ἑκκαίδεκ’
922 694 1160 784 Ἀρισταγόραν

327 822 361 870 uo
381 804 499 888 ἀγλααὶ
523 817 611 871 νῖκαι
635 804 764 891 πάτραν
786 802 816 870 τ’
842 804 1016 890 εὐώνυμον

379 910 627 996 έστεφάνω-σαν
649 910 738 998 πάλᾳ

422 1017 476 1084 καὶ
499 1029 657 1104 μεγαυχεῖ
676 1021 877 1106 παγκρατίῳ.

380 1214 508 1293 ἐλπίδες
531 1214 562 1280 δ’
588 1214 803 1302 ὀκνηρότεραι
826 1214 952 1297 γονέων
975 1215 1093 1291 παιδὸς
1114 1217 1192 1298 βίαν
1403 1210 1492 1279 Ἀντ.
1511 1210 1566 1296 β’.

377 1326 474 1408 έσχον
498 1323 534 1388 έν
556 1327 703 1389 Πυθῶνι
725 1329 906 1406 πειρᾶσθαι
928 1321 984 1387 καὶ
1005 1321 1164 1408 Ὀλυμπίᾳ
1187 1318 1330 1411 ἀέθλων.

375 1428 431 1496 ναὶ
454 1430 499 1514 μά
522 1430 585 1514 γάρ
609 1430 724 1515 ὅρκον,
748 1428 830 1513 ἐμὰν
853 1429 954 1508 δόξαν
976 1431 1066 1516 παρὰ
1088 1432 1260 1515 Κασταλίᾳ

324 1554 359 1601 an
378 1534 432 1602 καὶ
455 1535 534 1622 παρ’
559 1535 726 1623 εὐδένδρῳ
750 1538 863 1620 μολὼν
886 1538 978 1625 ὄχθῳ
1002 1540 1136 1622 Κρόνου

374 1643 512 1710 κάλλιον
535 1642 577 1707 διν
595 1683 609 1692 -
630 1644 770 1730 δηριών-

420 1775 487 1816 των
510 1748 660 1835 ένόστησ’
685 1750 889 1833 ἀντιπάλων,

376 1947 607 2033 πενταετηρίδ’
631 1944 749 2033 έορτάν
767 1944 947 2031 Ἡρακλέος
970 1945 1108 2030 τέθμιον
1419 1944 1486 2010 Ἐπ.
1505 1944 1558 2029 β’.
1581 1964 1619 2010 ³5
1688 2000 1690 2039 :

376 2054 544 2139 κωμάσαις
566 2054 793 2139 ἀνδησάμενός
815 2077 848 2119 τε
871 2056 978 2139 κόμαν
1001 2052 1037 2119 ἐν
1059 2050 1259 2138 πορφυρέοις

341 2146 346 2153 ’
378 2165 516 2248 ἕρνεσιν.
562 2160 645 2227 ἀλλά
667 2164 798 2247 βροτῶν
820 2162 880 2225 τὸν
902 2156 963 2245 μέν
985 2163 1202 2247 κενεόφρονες
1224 2155 1323 2242 αὖχαι

324 2286 358 2333 30
377 2266 411 2346 ἐξ
435 2268 574 2352 ἀγαθῶν
597 2271 731 2352 ἔβαλον·
753 2268 813 2333 τὸν
836 2264 869 2332 δ’
895 2264 938 2333 αὖ
960 2265 1241 2353 καταμεμφθέντ’
1266 2268 1352 2348 ἀγαν
1578 2286 1617 2331 40

395 2503 435 2551 l'l.
462 2494 597 2552 ἀαθοῖσί
622 2516 670 2566 μιν
690 2494 760 2551 coni.
780 2494 954 2565 Mingarelli:
979 2497 1101 2566 ἀγαθοῖς
1124 2494 1175 2566 μὲν
1201 2495 1277 2563 BD,
1300 2491 1430 2549 ἀανοῖσλ
1454 2515 1504 2563 μιν
1531 2497 1614 2551 coni.

322 2569 432 2624 Heclrer
450 2518 513 2624 coil.
529 2568 558 2623 P.
574 2587 602 2622 ιτ
617 2584 653 2622 ιοι
675 2600 706 2607 -
728 2573 769 2623 18.
789 2566 949 2637 μελισδοάπ.
965 2569 992 2622 Β
1006 2600 1040 2607 -
1054 2569 1126 2622 λαιδ.
1141 2567 1171 2622 D
1187 2600 1218 2607 —
1233 2515 1375 2636 μελιζέμεν
1393 2566 1468 2621 BD:
1492 2567 1615 2637 μελίζεν

323 2640 393 2695 coni.
413 2640 507 2708 Psuw,
531 2638 623 2711 μέλειν
643 2638 673 2694 ἐν
696 2638 869 2707 Hermann³,
897 2636 1012 2709 μεμίχθ’
1034 2638 1064 2693 ἐν
1089 2638 1245 2694 Mommsen
1268 2669 1301 2678 —
1326 2644 1368 2693 19.
1391 2656 1559 2705 περιντυον.
1582 2641 1614 2694 1)

322 2744 356 2753 -
372 2718 413 2767 21.
428 2719 564 2838 μεγαιχχεῖ
575 2710 646 2766 coni.
662 2710 972 2835 Schmidrlpeyutavxel
983 2710 1064 2765 codd.
1079 2742 1112 2753 -
1128 2717 1161 2765 22
1176 2712 1206 2765 et
1220 2714 1254 2763 23
1269 2726 1322 2764 om.
1336 2709 1367 2764 D
1381 2740 1414 2749 -
1430 2715 1472 2764 26.
1489 2709 1611 2779 ένοστή-
1687 2739 1688 2768 ;

552 2814 585 2823 -
605 2786 647 2837 28,
667 2783 765 2851 ἀνδηο.
809 2781 883 2837 rici:
903 2783 1020 2851 ἀναδηο.
1040 2784 1067 2837 B
1074 2782 1105 2837 D
1123 2814 1157 2823 —
1176 2787 1218 2835 30.
1238 2780 1339 2854 ἔλαβον
1357 2780 1386 2834 Β
1406 2812 1437 2820 -

323 2782 401 2838 σαντ’
423 2784 483 2838 ἀντ.

323 2929 351 2979 et
369 2926 483 2980 tertiam
501 2924 662 2995 pericopam
685 2923 816 2979 carminis
840 2924 949 2978 claudit
967 2928 1021 2993 (vv.
1038 2941 1062 2979 ιι
1081 2926 1110 2979 et
1127 2928 1172 2994 ιι),
1192 2925 1289 2977 contra
1307 2922 1338 2977 iu
1356 2922 1451 2977 media
1468 2929 1610 2992 parentes
1687 2921 1688 2992 l

322 2997 506 3068 Aristagorae
530 2996 605 3051 iustu
629 2996 742 3051 maioris
766 2994 931 3050 timiditatis
954 2995 1066 3050 incusat
1084 3000 1119 3065 (v.
1135 3000 1172 3062 ss)
1190 3026 1224 3035 -
1245 3000 1286 3049 16.
1312 3003 1367 3064 γᾶν
1391 2993 1609 3065 ἐπιεσσόμενος·
1687 2997 1688 3056 l

322 3068 357 3122 cl.
377 3069 456 3123 Hom.
478 3072 503 3122 Γ
519 3084 544 3123 οι
563 3067 661 3123 λάινον
685 3066 747 3123 έσσο
766 3077 882 3138 χιτῶνα,
902 3066 956 3123 AP.
976 3086 1015 3120 vn
1033 3083 1072 3123 aee
1094 3065 1185 3121 Ἀίδαο
1210 3065 1301 3135 κακὴν
1328 3064 1485 3136 ἐπιειμένος
1502 3067 1608 3138 ἀχλύν.

322 3138 515 3209 Aristagoram
534 3138 587 3193 boc
606 3139 667 3194 loco
687 3138 824 3193 Pindarus
843 3138 1006 3193 mortalium
1023 3156 1116 3193 rerum
1134 3137 1306 3191 infirmitatis
1321 3136 1463 3207 admonet,
1477 3154 1513 3192 ne
1527 3156 1608 3207 quae

322 3210 461 3265 humanae
475 3213 593 3265 naturae
608 3210 748 3281 denegata
763 3210 827 3279 sint,
846 3213 952 3264 temere
966 3212 1095 3292 appetat;
1115 3209 1164 3265 sed
1179 3208 1353 3264 sermonibus
1368 3212 1481 3278 (λόγοις)
1496 3209 1606 3264 civium

321 3281 403 3337 bonis
423 3286 452 3337 et
470 3282 640 3337 carminibus
663 3299 726 3337 eum
751 3281 868 3351 dignum
889 3298 949 3336 esse
968 3299 1017 3351 qur
1034 3280 1212 3351 praedicetur
1230 3283 1375 3335 asseverat
1392 3312 1427 3320 —
1447 3286 1490 3335 17.
1508 3279 1606 3351 λόγοις
1686 3287 1687 3292 ’

322 3354 413 3408 ἀστῶν
437 3356 585 3423 ἀγαθοῖσι,
608 3352 690 3408 bonis
714 3353 816 3407 civium
840 3352 1028 3420 sermonibus,
1051 3352 1100 3422 qui
1118 3351 1193 3407 viros
1211 3351 1283 3406 bene
1305 3351 1421 3407 meritos
1445 3368 1497 3406 sua
1514 3352 1605 3407 laude

322 3442 378 3479 non
391 3424 512 3494 privant,
527 3428 559 3479 ut
574 3424 704 3479 similiter
716 3426 802 3494 poeta
815 3424 889 3479 dixit
901 3424 921 3479 I.
936 3444 947 3477 1
960 3440 986 3479 ιε
1001 3423 1067 3487 ἔπος
1080 3421 1206 3495 ἀγαθόν·
1226 3425 1325 3478 corba
1338 3422 1494 3477 scholiasta
1506 3424 1605 3478 ἀστόν
1685 3473 1686 3478 ,

321 3496 483 3566 genetivum
510 3496 676 3567 partitivum
704 3512 763 3551 esse
789 3498 868 3550 ratus
894 3497 1029 3566 ἀγαθοῖσι
1054 3495 1091 3549 ad
1116 3496 1232 3549 verbum
1257 3494 1404 3549 αἰνεῖσθαι
1427 3494 1542 3548 rettulit
1568 3528 1603 3536 —
1685 3493 1686 3500 ’

323 3574 364 3623 18.
385 3567 525 3638 μελιζέμεν
544 3568 589 3622 vel
611 3568 686 3636 quod
707 3571 821 3638 propter
838 3567 1018 3621 insolentium
1038 3570 1199 3621 contractae
1217 3566 1324 3620 formae
1342 3566 1455 3636 ᾀςιιδαῑς
1467 3566 1602 3621 Pauvrius

322 3639 468 3709 proposuit
485 3636 591 3709 μελίζεν
611 3638 741 3693 similiter
759 3642 844 3709 atque
863 3638 956 3708 μέλειν
973 3638 1032 3692 vim
1049 3638 1130 3692 verbi
1149 3636 1324 3692 intransitivi
1342 3637 1439 3703 habet,
1456 3640 1490 3690 ut
1506 3636 1602 3692 simile

322 3710 390 3780 quid
405 3710 500 3765 valeat
516 3713 601 3779 atque
620 3709 774 3765 infinitivus
793 3710 901 3779 passivi
919 3710 1076 3766 αἰνεῖσθαις
1096 3708 1271 3764 orationibus
1289 3706 1402 3762 laudari
1420 3710 1451 3763 et
1468 3709 1600 3764 camini·

324 3782 376 3836 bus
391 3784 521 3837 ornatum
539 3780 570 3835 in
588 3798 635 3837 ore
654 3785 683 3836 et
701 3782 784 3836 corde
804 3780 907 3836 civium
922 3781 1016 3835 vivere
1030 3812 1063 3821 -—
1079 3787 1121 3836 20.
1141 3782 1263 3847 πάτραν·
1283 3779 1407 3850 patriam
1421 3780 1521 3835 urbem
1535 3780 1600 3835 illu·

322 3853 423 3908 stravit
441 3856 470 3908 et
489 3853 646 3922 coronavit,
670 3853 745 3922 quod
769 3869 825 3907 una
848 3870 912 3907 cum
933 3852 1047 3907 nomine
1065 3852 1179 3906 victoris
1202 3868 1303 3907 nomen
1325 3850 1437 3922 patriae
1455 3853 1601 3907 renuntia·
1684 3859 1685 3896 ἐ

321 3925 417 3994 batur,
442 3924 497 3979 nisi
519 3923 631 3994 πάτραν
650 3927 761 3997 gentem
781 3924 964 3995 Aristagorae
982 3922 1146 3993 intellegere
1164 3922 1268 3992 mavis,
1287 3939 1344 3991 qua
1362 3922 1533 3977 deuotione
1552 3942 1601 3979 ro·

321 3996 416 4050 cabuli
434 4014 460 4050 v.
480 3996 513 4050 N.
533 4016 561 4050 vr
580 4013 605 4051 ss
623 4028 659 4037 -—
678 4002 719 4050 θλ.
746 3996 794 4052 ναὶ
819 3995 859 4067 μὰ
884 3995 937 4066 γὰρ
963 3994 1060 4064 ὅρκον,
1087 3994 1157 4066 ἐμάν
1183 3992 1284 4061 δόξαν·
1310 3994 1388 4064 prior
1410 3995 1600 4063 accuwtivus,

320 4067 351 4121 in
369 4066 489 4122 formula
507 4067 620 4122 iurandi
639 4069 687 4123 ναὶ
701 4070 729 4122 et
743 4067 782 4138 μὰ
799 4066 951 4136 sollemnis,
971 4066 1064 4137 ellipsi
1083 4066 1266 4138 explicandus
1285 4069 1340 4120 est:
1379 4064 1488 4120 resecto
1506 4083 1599 4121 sacra

320 4141 446 4193 mentum
465 4142 602 4206 antestor;
622 4138 694 4195 alter
712 4138 794 4209 ’έμάν
809 4137 907 4205 δόξαν
929 4137 1076 4194 absolutus
1091 4142 1142 4207 est,
1157 4141 1234 4192 ortus
1249 4154 1283 4191 ex
1297 4135 1320 4190 ε’
1354 4135 1359 4147 “
1375 4135 1382 4146 “
1398 4154 1451 4191 usu
1465 4137 1600 4192 infinitivi

321 4209 444 4265 absoluti
467 4210 604 4266 formulae
628 4210 641 4264 ἐ
661 4212 688 4265 ol
711 4213 819 4279 δοκεῖν,
843 4228 928 4280 qnam
950 4226 986 4264 ne
1010 4210 1159 4280 scriptores
1182 4208 1295 4277 quidem
1320 4209 1548 4278 aspernabantur
1566 4242 1597 4250 -
1683 4205 1684 4218 ¹

321 4280 401 4407 ἔλῖλ
418 4232 738 4424 {usurarius
757 4280 845 4407 llll
865 4278 1486 4421 {cursuscursussuu
1504 4281 1598 4421 ‘tlt
1683 4295 1684 4312 '

320 4423 411 4493 magis
431 4422 461 4476 in
479 4427 610 4479 naturum
628 4424 740 4491 montis,
758 4424 850 4494 qualis
865 4376 1089 4478 Pindari'ae’tate
1103 4422 1166 4492 fuit,
1180 4422 1303 4493 quadrat
1316 4439 1403 4491 quam
1417 4396 1511 4491 qualis
1524 4441 1597 4477 nunc

320 4497 364 4549 est
383 4526 414 4535 -
436 4500 478 4549 28.
498 4494 653 4565 κωμάσαις·
673 4496 708 4551 ds
727 4496 888 4565 vespertina
906 4495 1111 4563 comissatione,
1131 4497 1196 4565 post
1213 4493 1361 4548 victoriam
1376 4494 1414 4547 ad
1427 4511 1508 4549 aram
1523 4495 1596 4549 loris

321 4565 357 4620 ab
373 4566 518 4621 sodalibus
533 4566 648 4622 victoris
664 4566 796 4622 instituta
810 4588 834 4622 v.
850 4566 924 4623 Ptol.
939 4587 1001 4620 xciv
1020 4598 1053 4606 —
1073 4565 1256 4636 πορφυρέοις·
1275 4581 1332 4619 non
1350 4564 1473 4619 colorem
1490 4566 1596 4621 bondis
1682 4607 1683 4618 ,

320 4638 476 4709 oleaginea,
496 4638 545 4691 sed
565 4639 740 4708 splendorem
760 4644 789 4693 et
808 4639 977 4709 dignitatem
995 4654 1113 4693 coronae
1136 4636 1334 4708 metaphorice,
1358 4635 1490 4691 similiter
1513 4641 1596 4707 atque
1682 4623 1683 4682 i

321 4710 446 4791 epitheto
470 4708 588 4783 χρυσέῳ,
612 4710 765 4781 significari
788 4710 904 4782 exposui
924 4710 961 4765 ad
979 4710 1009 4765 P.
1028 4728 1056 4763 ιν
1075 4725 1122 4764 rsa.
1151 4708 1182 4763 Ο.
1202 4728 1251 4763 vm
1270 4724 1290 4763 1.
1326 4706 1369 4761 De
1387 4706 1596 4764 instrumentali

321 4799 349 4835 vr
367 4781 584 4851 praepositionis
605 4782 635 4837 ἐν
654 4781 686 4835 ιδ,
708 4781 738 4837 O.
759 4802 804 4837 xiv
825 4801 849 4837 ιο
868 4816 903 4822 -
922 4788 964 4837 30.
987 4778 1218 4851 καταμεμφθέντ’
1240 4780 1313 4850 ἄγαν
1332 4778 1425 4849 ἰσχύν·
1454 4781 1596 4850 passivam
