3417 5434
675 368 798 418 NEMEA
817 368 849 417 V.
1337 367 1403 431 269

121 532 303 593 Isthmicum
326 551 344 590 a
367 532 484 609 Pythea
506 532 666 593 institutus
690 550 752 594 esse
776 531 909 592 traditur
930 534 954 593 1.
972 552 993 593 v
1016 546 1059 593 19.
1104 535 1170 594 Iam
1192 554 1260 595 cum
1283 554 1403 595 carmen

120 621 147 679 I.
168 640 188 681 v
207 641 268 682 non
289 622 377 700 longe
400 624 469 697 post
491 640 625 700 pugnam
649 622 844 682 Salaminiam
873 623 1019 699 scriptum
1048 624 1089 683 sit
1118 616 1403 705 (v.1.vre)‚hoc

121 728 246 770 carmen
269 711 452 770 Nemeaeum
475 714 545 771 aute
569 730 636 771 eam
658 712 803 788 scriptum
827 730 890 772 esse
913 731 1031 773 necesse
1055 716 1113 791 est,
1136 712 1333 789 probabiliter
1356 711 1401 774 Ol.

122 802 178 878 74,
198 802 218 859 4
238 825 280 849 =
300 802 363 859 481
385 819 411 858 a.
431 799 497 859 Chr.
516 800 565 859 vel
589 798 634 861 Ol.
657 804 705 879 74,
727 803 744 859 2
765 826 807 848 =
828 804 892 862 483
914 821 940 860 a.
960 801 1027 861 Chr.
1063 802 1201 879 Denique
1225 822 1284 879 quo
1308 805 1402 861 certa·

120 889 243 947 minum
273 908 379 968 genere
409 887 540 965 Pytheas
572 890 689 968 vicerit,
720 910 779 950 non
809 891 898 967 plane
926 891 1114 968 exploratum
1142 895 1196 951 est.
1242 892 1401 952 Pancratio

121 978 248 1055 quidem
275 998 343 1037 eum
370 977 475 1038 vicisse
504 982 594 1055 poeta
621 982 723 1055 aperte
750 980 787 1038 N.
807 998 826 1038 v
846 991 861 1038 5
885 982 916 1039 et
938 980 961 1038 Ι.
980 1000 1001 1039 v
1020 992 1053 1039 60
1077 979 1221 1057 declarat,
1250 982 1301 1039 sed
1328 1000 1400 1040 num

120 1086 201 1143 puer
229 1067 348 1144 vicerit,
377 1067 464 1127 valde
494 1067 618 1127 dubium
647 1071 700 1128 est.
746 1068 824 1127 Nem
848 1070 929 1145 quod
958 1070 990 1128 in
1020 1069 1120 1129 codice
1145 1070 1258 1147 optimo
1282 1070 1308 1128 B
1332 1070 1402 1130 huic

121 1157 252 1216 carmini
274 1156 452 1233 inscriptum
471 1159 517 1215 est
534 1153 644 1239 Πυθέᾳ
661 1154 746 1217 παιδὶ
764 1156 922 1242 Αἰγινήτῃ,
944 1158 1013 1218 inde
1037 1158 1115 1219 effici
1138 1158 1260 1235 quidem
1283 1159 1403 1219 videtur

120 1245 273 1321 Pythesm
294 1265 422 1323 puerum
444 1245 565 1321 vicisse;
598 1247 649 1307 sed
680 1266 748 1307 cum
778 1247 938 1307 titulorum
961 1247 1188 1308 Pindaricorum
1212 1247 1283 1308 fides
1306 1248 1400 1308 incer-

119 1335 243 1395 tissima
265 1335 306 1394 sit
328 1338 359 1395 et
380 1354 542 1411 puerorum
564 1336 755 1411 pancratium
779 1334 937 1413 Olympiae
962 1337 1082 1396 demum
1105 1335 1150 1397 Ol.
1173 1339 1247 1414 145,
1274 1338 1400 1414 Delphis

122 1422 172 1484 Ol.
195 1426 257 1483 108
280 1424 455 1483 institutum
478 1424 518 1482 sit
541 1414 582 1505 (v.
606 1424 694 1486 Paus.
714 1434 777 1503 vo,
798 1437 839 1484 11.
863 1444 884 1482 x
904 1436 928 1504 7,
947 1437 977 1502 83
1006 1426 1042 1486 cf.
1065 1425 1144 1486 Prol.
1163 1418 1266 1509 nrm),
1293 1446 1401 1504 parum

120 1512 265 1572 credibile
288 1516 333 1572 est
355 1513 485 1573 Nemeae
512 1514 573 1572 iam
597 1512 643 1575 Ol.
664 1516 705 1574 74
728 1514 788 1573 duo
816 1534 926 1593 genera
953 1514 1102 1591 pancratii
1129 1515 1272 1575 distincta
1298 1516 1399 1577 fuisse.

120 1602 208 1672 Quae
236 1596 304 1661 crim
330 1602 376 1661 ita
403 1602 477 1680 sint,
506 1606 560 1661 aut
583 1602 621 1662 ab
644 1603 766 1663 librario
789 1604 900 1664 codicis
922 1605 948 1663 B
972 1624 1008 1663 ex
1029 1622 1118 1665 versu
1141 1608 1225 1665 serto
1247 1605 1402 1666 notionem

120 1691 212 1768 pueri
234 1695 386 1769 sumptam
409 1710 481 1770 esse,
505 1694 559 1751 aut
582 1695 651 1752 aute
669 1693 718 1753 vel
735 1696 805 1769 post
827 1691 912 1752 παιδὶ
934 1713 1043 1754 nomen
1065 1694 1161 1770 patris
1184 1694 1346 1771 Lamponis
1369 1696 1401 1754 in

119 1780 224 1841 codice
249 1780 301 1840 illo
325 1780 466 1842 excidisse
489 1784 573 1858 puto.

215 1868 341 1930 Carmen
372 1869 472 1946 ipsum
504 1870 530 1929 si
562 1872 642 1947 quod
674 1871 757 1930 aliud
790 1872 973 1949 metaphoris
1005 1875 1037 1931 et
1067 1871 1250 1951 imaginibus
1282 1874 1400 1952 egregie

120 1960 269 2037 splendet,
293 1958 373 2018 idem
395 1962 496 2019 tamen
516 1961 597 2037 quod
615 1960 694 2020 iusto
714 1960 811 2039 magis
829 1961 991 2021 versicolor
1009 1965 1055 2020 est
1073 1965 1105 2021 et
1122 1962 1159 2021 ab
1179 1962 1241 2021 alia
1258 1962 1291 2020 in
1309 1962 1402 2022 aliam

120 2069 187 2108 rem
209 2049 307 2127 magis
330 2048 465 2108 transilit
487 2067 579 2125 quam
598 2050 749 2109 commode
768 2050 886 2127 transit,
906 2050 1020 2110 ardoris
1038 2050 1179 2110 iuvenilis
1198 2051 1274 2111 vitia
1291 2051 1400 2127 prodit.

120 2137 288 2215 Splendida
311 2137 407 2216 igitur
429 2138 461 2196 in
483 2138 602 2199 exordio
622 2139 844 2215 comparatione
859 2139 985 2215 epinicii
1003 2159 1072 2199 curn
1091 2143 1194 2200 statua
1212 2141 1293 2200 facta
1311 2144 1401 2217 poeta

119 2227 259 2287 animum
278 2245 367 2286 suum
386 2229 569 2305 cohortatur,
592 2231 628 2286 ut
650 2227 783 2304 Pytheae
806 2228 924 2287 iuvenis
946 2228 1105 2289 victoriam
1127 2230 1316 2309 Nemeaeam,
1340 2250 1401 2308 qua

118 2318 231 2375 heroas
253 2316 416 2394 Aeginetas
446 2319 477 2376 11
505 2317 637 2393 patriam
659 2317 789 2377 insulam
816 2317 922 2377 eximie
950 2318 1002 2378 ille
1030 2319 1241 2396 illustraverit,
1269 2319 1399 2379 carmine

117 2404 276 2482 praedicet
299 2398 412 2488 (1-8);
435 2406 512 2465 hanc
535 2408 637 2465 sutem
655 2406 785 2466 insulam
804 2407 917 2466 claram
938 2407 1050 2467 factam
1068 2427 1131 2469 esse
1154 2409 1235 2469 Iovis
1256 2409 1399 2468 beneficio

118 2513 225 2571 preces
258 2492 351 2553 trium
382 2494 512 2555 filiorum
538 2495 630 2555 Aeaci
657 2495 844 2555 exaudientis
874 2487 1002 2578 (9-13).
1047 2497 1112 2556 Iam
1144 2498 1236 2557 trium
1268 2496 1400 2558 liliorum

119 2584 274 2643 mentione
297 2584 379 2643 iacta
401 2586 491 2659 poeta
514 2583 637 2644 dissidia
658 2584 796 2662 fratrum,
819 2585 912 2645 Phoci
934 2586 1095 2645 nefandam
1118 2587 1248 2664 caedem,
1267 2587 1350 2647 Pelei
1369 2590 1400 2647 11

119 2672 294 2733 Telamonis
324 2673 428 2751 fugam
455 2674 641 2753 recordatur,
665 2674 716 2733 sed
738 2675 792 2733 has
815 2692 863 2735 res
885 2675 987 2734 tristes
1010 2694 1040 2736 se
1065 2676 1110 2734 ait
1128 2676 1247 2737 silentio
1266 2696 1398 2752 premere

119 2762 226 2840 malle,
255 2762 361 2822 decora
388 2762 490 2838 potius
517 2763 615 2841 gentis
646 2764 702 2822 sibi
733 2762 914 2823 illustranda
936 2783 999 2825 esse
1024 2757 1167 2846 (14-21).
1213 2766 1314 2842 Atque
1337 2765 1398 2825 iam

118 2871 219 2911 unum
237 2872 272 2911 ex
291 2851 446 2911 decoribus
465 2851 526 2911 illis
543 2852 688 2929 hymnum
705 2852 797 2912 fuisse
816 2854 916 2932 refert,
936 2874 996 2931 quo
1010 2856 1115 2915 Musae
1133 2854 1165 2913 in
1183 2855 1298 2930 nuptiis
1316 2854 1398 2915 Pelei

120 2946 154 3001 et
168 2941 303 3001 Thetidis
317 2942 382 3000 fata
396 2941 498 2999 mariti
511 2943 542 3000 et
560 2943 708 3018 nymphae
727 2942 911 3021 cecinissent,
929 2943 1054 3003 insidias
1072 2944 1110 3003 ab
1128 2944 1280 3021 impudica
1293 2945 1398 3004 Acasti

119 3050 215 3089 uxore
241 3030 330 3089 Peleo
359 3032 489 3089 structas
520 3033 550 3090 et
573 3031 708 3090 Thetidis
735 3032 909 3109 coniugium
938 3034 988 3109 pio
1019 3034 1104 3093 heroi
1130 3037 1287 3110 tamquam
1313 3052 1399 3111 prae-

119 3119 218 3178 mium
247 3118 410 3195 pudicitiae
434 3136 452 3176 a
474 3119 544 3179 Iove
569 3123 599 3179 et
621 3121 762 3197 Neptuno
786 3120 931 3181 donatum
956 3115 1100 3204 (ra-37).
1146 3122 1224 3183 Hinc
1247 3123 1321 3182 satis
1344 3142 1397 3182 an-

119 3208 226 3269 dacter
248 3208 286 3267 ad
308 3208 485 3285 Neptunum
503 3210 671 3285 praesidem
687 3209 899 3270 Isthmicorum
918 3212 1122 3289 certaminum,
1143 3231 1220 3288 quae
1238 3212 1337 3272 nescio
1358 3233 1397 3271 an

119 3298 184 3357 ianr
210 3301 278 3357 tum
305 3297 470 3373 Phylacida
493 3302 548 3357 aut
570 3298 700 3375 Pytheas
723 3299 786 3375 ipse
810 3300 892 3359 obire
915 3301 1079 3361 meditatus
1102 3301 1150 3379 sit,
1174 3304 1265 3378 poeta
1287 3303 1397 3361 transit

39 3402 42 3407 '
119 3380 267 3468 (er-40).
313 3386 427 3446 Deinde
458 3388 539 3447 saltu
567 3388 659 3447 etiam
686 3387 844 3448 audaciore
867 3389 1017 3449 Isthmicis
1045 3390 1124 3450 ludis
1152 3391 1286 3450 adnectit
1308 3391 1397 3470 Aegi·

118 3476 251 3536 neticam
269 3476 427 3536 victoriam
444 3476 651 3555 Euthymenis,
671 3478 814 3537 avunculi
834 3478 974 3557 Pytheas,
993 3479 1126 3555 Pytheae
1145 3480 1241 3556 ipsius
1255 3480 1397 3541 victorias

118 3566 302 3625 Nemeaeum
322 3566 525 3644 Megarensem
538 3566 754 3645 Aegineticum,
769 3566 896 3644 denique
912 3567 1078 3647 Themistii,
1091 3568 1182 3628 unius
1202 3589 1237 3628 ex
1261 3570 1396 3647 cognatis

118 3654 268 3732 Pytheas,
291 3654 478 3732 Epidaureas
501 3647 644 3737 (tl-54).

210 3744 352 3821 Pytheae,
371 3744 421 3803 cui
438 3745 493 3805 hoc
512 3762 628 3803 carmen
649 3746 762 3804 factum
786 3749 840 3823 est,
864 3747 955 3806 etiam
978 3748 1009 3806 in
1033 3748 1169 3827 epiniciis
1191 3747 1294 3806 fratris
1318 3748 1394 3823 Phy-

118 3832 236 3892 lacidae
255 3826 292 3915 (Ι.
312 3852 331 3892 v
351 3844 392 3893 19.
413 3844 455 3894 59.
474 3852 507 3892 vr
526 3825 574 3915 58)
592 3835 704 3894 mentio
724 3833 766 3893 iit.
803 3836 887 3894 Idem
909 3840 1064 3912 praeterea
1087 3838 1117 3895 in
1141 3837 1309 3915 fragmento
1332 3856 1395 3895 car-

119 3922 219 4001 minis,
243 3923 323 3999 quod
342 3922 455 3984 scholia
479 3922 517 3981 ad
539 3924 626 3983 inser.
646 3924 668 3983 I.
688 3943 707 3983 v
726 3928 929 4003 servaverunt,
954 3930 1211 4004 commemoratur,
1236 3945 1295 4003 quo
1318 3926 1395 3984 Isth-

117 4013 181 4071 mia
205 4032 274 4071 eum
296 4012 410 4090 vicisse,
434 4012 485 4071 sed
508 4012 569 4071 iam
592 4016 718 4072 mortem
741 4014 914 4074 occubuisse
937 4018 1027 4090 poeta
1050 4014 1208 4094 significat.

664 4166 709 4233 De
728 4169 851 4235 metris.

210 4278 336 4341 Carmen
359 4281 416 4340 hoc
441 4280 479 4339 ad
505 4281 663 4359 antiquam
689 4302 825 4343 normam
850 4281 1206 4360 dactylo-epitriticorum
1228 4283 1395 4344 carminum

117 4370 319 4445 compositum
346 4390 381 4429 ex
408 4370 533 4447 pedibus
561 4371 690 4447 epitritis
717 4376 747 4431 et
774 4372 912 4449 tripodiis
940 4372 1096 4448 dactylicis
1125 4377 1256 4450 constat,
1286 4373 1395 4451 quibus

116 4478 180 4518 una
210 4460 241 4517 in
271 4460 365 4536 epodo
396 4460 566 4536 tetrapodia
595 4460 744 4537 dactylica
771 4452 832 4543 (ep.
857 4454 888 4543 6)
916 4464 947 4521 et
971 4462 1003 4520 in
1028 4462 1152 4539 stropha
1182 4462 1278 4523 simile
1309 4463 1395 4522 colon

117 4548 326 4627 logaoedienm
346 4540 412 4630 (str.
428 4561 457 4627 23
476 4550 512 4609 cf.
529 4542 766 4631 O.V15.x1113)
785 4550 953 4611 admixtum
967 4554 1020 4611 est
1043 4550 1127 4612 Idem
1146 4551 1285 4611 similiter
1303 4556 1394 4629 atque

119 4638 153 4700 Ο.
173 4656 209 4697 111
233 4638 293 4698 fere
322 4638 471 4699 continuis
494 4638 625 4699 numeris
649 4639 788 4717 decrurit,
811 4640 890 4699 unde
914 4642 1054 4718 strophae
1078 4660 1181 4701 versus
1204 4651 1283 4719 3-1,
1307 4642 1396 4719 epodi

119 4740 189 4787 2-3
208 4728 344 4805 singulas
367 4728 398 4785 in
421 4728 559 4805 periodos
582 4730 761 4808 coniungere
785 4730 890 4788 malim
912 4730 996 4789 etin
1020 4731 1108 4808 spodi
1131 4730 1229 4791 medio
1251 4751 1342 4791 uersu
1359 4743 1393 4790 34

117 4836 273 4879 caesuram
297 4817 465 4895 neglectam
488 4837 576 4897 aegre
599 4820 703 4879 leram.
739 4818 871 4907 Pompae
890 4819 1010 4880 chorive
1029 4820 1193 4899 gradientis
1211 4820 1331 4881 nullum
1349 4822 1394 4880 in-
