3417 5434
840 324 1120 379 PROLEGOMENA.

844 558 898 623 De
921 557 1113 643 epiniciis.

421 698 667 766 ·Certaminibus
691 699 793 764 finitis
817 705 960 766 rectores
982 701 1133 766 ludorum
1152 701 1220 766 sive
1238 702 1458 788 agonothetae
1475 702 1619 787 praemia
1675 774 1676 779 ἵ

339 808 556 874 decernebant
581 811 613 872 ct
636 806 797 872 victorum
820 808 954 874 nomina
976 809 1223 893 renuntiabant,
1246 830 1311 892 qua
1327 808 1363 872 in
1380 807 1619 873 renuntiatione

338 936 455 1001 praeco
483 914 580 979 simul
607 913 739 978 nomina
765 913 869 998 patris
897 914 1031 980 victoris
1053 919 1087 980 et
1109 915 1236 999 patriae
1257 915 1498 1000 proclamabat,
1524 937 1618 999 quem

338 1043 463 1087 morem
486 1019 633 1086 imitatus
657 1017 835 1104 Sophocles
858 1021 909 1085 El.
930 1023 1047 1087 823ss.
1071 1022 1109 1086 de
1134 1022 1249 1088 Oreste
1273 1021 1352 1088 dicit

553 1178 698 1265 ὠλβίζετ’
717 1179 863 1264 Ἀργεῖος
885 1177 946 1266 μὲν
969 1180 1250 1267 ἀνακαλούμενος,

553 1289 658 1372 ὄνομα
680 1285 712 1351 d'
735 1284 885 1372 Ὀρέστης
907 1297 968 1353 τοῦ
991 1290 1028 1354 τὸ
1052 1291 1184 1354 κλεινὸν
1203 1287 1360 1365 Ἑλλάδος

551 1392 791 1479 Ἀγαμέμνονος
814 1394 990 1480 στράτευμ’
1011 1395 1204 1483 ἀγείραντός
1227 1417 1313 1461 ποτε.

429 1572 540 1638 Patria
563 1595 644 1658 quae
668 1572 918 1659 renuntiaretur,
941 1572 1078 1639 arbitrio
1101 1573 1234 1639 victoris
1257 1575 1523 1662 permittebatur3
1545 1597 1618 1640 non·

339 1704 517 1766 numquam
543 1681 629 1746 enim
652 1680 776 1746 factum
799 1686 864 1767 est,
890 1687 928 1747 ut
950 1683 1056 1748 victor
1077 1704 1145 1748 non
1167 1705 1252 1766 eam,
1278 1682 1314 1747 in
1337 1705 1401 1767 qua
1423 1687 1521 1748 natus
1545 1688 1620 1766 erat,

340 1789 453 1854 urbem
481 1788 537 1854 sed
565 1787 677 1872 aliam,
704 1787 738 1851 in
762 1809 859 1873 quam
883 1788 1081 1874 migraverat
1103 1793 1160 1854 aut
1183 1789 1275 1853 cuius
1299 1788 1464 1854 beneficiis
1488 1794 1617 1854 ornatus
1678 1794 1679 1799 ’

341 1901 420 1981 erat,
442 1894 619 1960 renuntiari
643 1895 749 1960 vellet.
792 1893 846 1960 Sic
869 1895 980 1981 Hiero,
1002 1917 1058 1960 rex
1082 1893 1324 1981 Syracusarum,
1346 1895 1381 1960 in
1399 1894 1540 1981 Pythice
1560 1897 1619 1960 ric-

342 2003 429 2067 toria
452 2000 570 2086 curuli,
593 2023 691 2085 quam
714 2000 873 2066 Pindarus
897 2002 1039 2067 carmine
1061 2001 1095 2065 P.
1115 2021 1127 2067 1
1149 2002 1325 2089 insigniter
1346 2002 1535 2088 illustravit,
1556 2025 1619 2067 non

342 2109 591 2194 Syracusanum,
614 2109 670 2173 sed
688 2108 871 2174 Aetnaeum
893 2109 929 2173 in
951 2109 1108 2175 honorem
1132 2110 1223 2175 urbis
1245 2132 1349 2196 nuper
1372 2133 1392 2175 a
1416 2132 1450 2175 se
1475 2110 1618 2175 conditae

341 2215 520 2281 renuntiari
544 2237 578 2280 sc
601 2214 706 2281 iussit.
743 2215 915 2280 Praeterea
937 2217 1047 2281 nescio
1070 2239 1112 2280 au
1135 2216 1170 2281 in
1192 2217 1424 2282 certaminibus
1448 2238 1618 2302 puerorum

342 2324 440 2390 etiam
464 2323 582 2408 aliptae
606 2323 674 2388 sive
696 2322 847 2410 magistri
871 2345 990 2389 nomen
1012 2325 1232 2389 renuntiatum
1259 2325 1316 2410 sit;
1338 2324 1461 2389 talibus
1484 2323 1618 2388 enimin

342 2430 538 2497 carminibus
561 2430 649 2496 laudi
672 2430 764 2516 pueri
788 2429 921 2496 victoris
945 2430 1073 2496 laudem
1094 2432 1246 2517 magistri
1264 2436 1394 2497 tantum
1412 2453 1480 2496 non
1499 2451 1619 2515 semper

341 2537 501 2604 Pindarus
528 2543 627 2623 poeta
655 2537 810 2602 adiunxit.
858 2537 1112 2603 Renuntiatione
1135 2538 1224 2604 facta
1245 2561 1329 2603 unus
1353 2561 1392 2603 ex
1415 2537 1618 2625 agonothetis

341 2644 474 2711 victoris
506 2650 655 2730 tempora
686 2666 806 2710 corona
839 2644 941 2710 cinxit
968 2642 1172 2733 (0.11112).
1222 2644 1459 2710 Renuntiatum
1486 2667 1562 2710 vero
1589 2649 1619 2708 et

342 2756 531 2818 coronatum
559 2752 716 2818 victorem
746 2751 842 2818 amici
869 2756 903 2816 et
931 2751 1057 2817 sodales
1085 2753 1227 2838 undique
1255 2753 1569 2838 congratulabantur
1589 2755 1618 2814 ct

219 2915 224 2920 .
342 2859 482 2945 insignis
506 2859 532 2923 si
557 2858 695 2924 victoria
716 2859 794 2944 fuit,
816 2859 952 2923 floribus
976 2859 1129 2943 foliisque
1151 2860 1370 2925 cumulabant.
1378 2856 1402 2945 ¹)

432 2965 574 3031 Nomina
597 2967 772 3050 victorum,
800 2971 901 3031 utne
925 2965 1082 3031 memoria
1105 2987 1217 3031 eorum
1239 2965 1498 3052 oblitteraretur,
1521 2964 1618 3050 cippis

342 3073 477 3158 lapideis
500 3073 552 3138 rel
575 3073 696 3138 chartis
721 3073 919 3138 membranis
941 3071 1211 3138 inscribebantur.
1252 3071 1410 3139 Pindarus
1432 3073 1504 3158 ipse
1525 3072 1561 3137 0.
1574 3087 1617 3134 vn

343 3181 386 3246 86
408 3179 554 3264 lapideae
578 3179 746 3245 columnae
771 3180 970 3245 mentionem
993 3181 1080 3264 fecit,
1106 3202 1188 3264 quae
1211 3179 1452 3266 Megarensium
1475 3180 1619 3246 ludorum

342 3286 496 3353 victorias
520 3287 792 3373 agonothetarum
816 3285 980 3373 suffragiis
1005 3287 1145 3353 sancitas
1169 3287 1365 3352 continebat.
1407 3285 1528 3352 Totum
1549 3305 1619 3349 vero

343 3417 472 3461 carmen
504 3393 677 3480 epinicium
706 3392 815 3457 0.v11
842 3393 878 3458 in
905 3393 1062 3459 honorem
1089 3393 1252 3480 Diagorae
1279 3393 1413 3459 victoris
1440 3393 1476 3457 in
1503 3389 1619 3477 templo

343 3500 477 3566 Lindiae
500 3500 665 3566 Minervae
692 3501 798 3566 aureis
821 3501 942 3566 litteris
966 3501 1135 3567 columnae
1157 3500 1357 3586 insculptum
1379 3523 1451 3566 esse
1473 3523 1513 3566 ex
1536 3499 1619 3565 scbo·

343 3608 396 3673 liis
428 3631 458 3693 p.
484 3610 554 3674 159
576 3608 801 3693 comperimus.
853 3607 1025 3673 Praeterea
1051 3608 1186 3674 basibus
1214 3610 1397 3674 statuarum
1425 3608 1620 3689 aliorumque

342 3720 627 3781 monumentorum
652 3717 692 3782 ad
709 3716 901 3781 memoriam
919 3715 1076 3781 victoriae
1093 3716 1337 3802 propagandam
1356 3719 1545 3780 exactorum
1562 3710 1620 3796 epi·

262 3857 263 3860 ¹
343 3826 526 3910 grammata
552 3823 686 3888 inscribi
715 3823 878 3908 solebant,
909 3822 1027 3907 quibus
1055 3823 1244 3909 plerumque
1271 3845 1339 3888 non
1366 3845 1433 3887 una
1461 3821 1621 3906 quaedam,

343 3932 399 3996 sed
427 3952 538 3996 omnes
567 3952 650 4014 quae
678 3931 719 3996 ab
747 3929 803 3994 illo
830 3933 1017 4014 reportatae
1045 3934 1138 3995 erant
1163 3930 1320 3995 victoriae
1343 3930 1619 3995 enumerabantur.

343 4037 435 4102 Talia
459 4037 696 4124 epigrammata
718 4036 823 4102 multa
846 4039 987 4100 aetatem
1011 4035 1166 4122 tulerunt,
1188 4037 1278 4102 velut
1301 4036 1386 4121 quod
1409 4035 1617 4100 inhonorem

344 4144 496 4210 Hieronis
523 4145 647 4210 factum
676 4145 717 4210 ad
740 4143 807 4208 0.1
831 4165 897 4229 arg.
921 4142 1164 4229 exscripsimus,
1192 4150 1225 4209 et
1252 4143 1497 4209 celeberrimum
1522 4141 1617 4206 Simo

342 4251 428 4317 nidis
452 4251 517 4317 ΑΡ.
536 4269 600 4316 xm
622 4254 676 4334 19,
700 4250 786 4336 quod
810 4273 884 4315 cum
907 4248 1038 4315 Pindari
1063 4249 1275 4336 epiniciorum
1298 4250 1327 4316 ei
1350 4249 1452 4335 parti,
1475 4271 1539 4333 qua
1560 4246 1618 4310 rie-

343 4359 444 4424 torias
468 4381 579 4425 omnes
603 4359 736 4424 victoris
756 4379 923 4423 recensere
942 4357 1035 4441 solet,
1059 4357 1261 4424 simillimum
1280 4357 1334 4442 sit,
1355 4355 1509 4421 hocloco
1528 4371 1619 4439 appo-

343 4488 419 4531 nere
441 4466 544 4531 iuvat:

1465 4670 1468 4674 .
1560 4651 1626 4695 -Ἣ

434 4716 460 4782 1)
483 4710 555 4766 Vide
578 4712 608 4767 P.
627 4731 655 4765 rx
675 4718 734 4766 124.
762 4716 865 4766 1v240.
899 4710 1289 4767 Callimach.Hecal.12—4.
1323 4710 1396 4765 Plut.
1417 4711 1525 4780 quaest.
1546 4726 1625 4764 cona.

344 4804 393 4838 vni
408 4792 432 4840 4.
465 4785 547 4838 Paus.
563 4803 591 4838 vr
606 4790 630 4853 7,
644 4791 669 4840 3.
702 4783 881 4838 Eratosthen.
896 4783 927 4837 in
941 4783 1027 4838 schol.
1043 4784 1107 4838 Eur.
1123 4784 1188 4839 Hae.
1204 4787 1264 4837 674.
