3417 5434
304 304 352 358 XL
808 304 1086 357 racemorum.

304 491 479 554 pausarum
502 467 683 534 intervallis
706 467 849 553 restitui,
880 467 908 532 si
931 467 1014 532 istae
1037 467 1119 532 duae
1147 488 1236 532 arses
1259 488 1386 552 semper
1408 467 1472 531 fine
1496 465 1593 530 verbi

306 575 357 640 vel
385 597 519 642 caesura
546 574 755 660 dirimuntur,
782 579 819 640 ut
845 575 881 638 in
905 577 1110 660 pentametro
1133 574 1291 661 elegiaco,
1317 574 1353 638 iu
1375 573 1592 659 Asclepiadeo

306 683 435 768 qualem
458 681 616 748 Horatius
640 683 759 748 struxit

304 898 413 983 iniis,
436 919 517 983 quos
540 896 774 983 Klopstockius
798 897 877 964 fecit
898 920 1010 964 versus
1035 897 1129 970 utin
1152 897 1294 962 carmine
1317 896 1385 962 Der
1407 895 1539 960 Eislauf

307 1237 352 1301 At
375 1258 440 1301 non
463 1240 573 1320 potest
595 1236 658 1301 hoo
686 1237 782 1302 modo
810 1237 953 1321 restitui,
985 1236 1013 1301 si
1038 1235 1102 1300 duo
1131 1235 1203 1300 cola
1228 1235 1316 1300 inter
1342 1257 1377 1300 se
1405 1236 1593 1301 conflantur
1702 1192 1703 1243 l

305 1365 409 1428 neque
443 1363 576 1408 caesura
608 1343 813 1408 dirimuntur.
864 1343 959 1408 Tales
991 1346 1101 1407 autem
1132 1343 1278 1428 plerique
1314 1365 1424 1407 versus
1455 1341 1593 1406 Pindari
1702 1404 1703 1413 ,

306 1454 396 1535 sunt,
428 1450 483 1535 qui
512 1472 678 1516 caesuram
705 1451 879 1536 diligenter
905 1451 985 1514 adeo
1017 1471 1083 1514 non
1115 1449 1269 1533 servavit,
1301 1454 1339 1513 ut
1371 1470 1466 1533 saepe
1498 1449 1592 1513 verbi
1702 1434 1703 1463 ³

305 1558 448 1644 syllabas
471 1558 556 1622 iuter
579 1558 677 1622 finem
700 1557 818 1642 prioris
842 1557 907 1622 ooli
935 1561 968 1621 et
994 1556 1125 1622 initium
1152 1555 1342 1640 posterioris
1371 1555 1594 1642 distribueret,

305 1671 342 1729 ut
366 1665 479 1730 statim
502 1665 665 1750 inprime
690 1665 831 1730 carmine

479 1789 583 1875 Χάρις
606 1789 637 1854 d’
659 1791 741 1876 ἅπερ
765 1791 894 1854 ἅπαντα
916 1791 1023 1874 τεύχει
1046 1791 1086 1854 τὰ
1108 1793 1238 1874 μείλιχα
1260 1795 1415 1872 θνατοῖς,

479 1896 611 1962 Πισάτα
633 1897 723 1982 παρὰ
745 1898 870 1982 πατρὸς
891 1895 1030 1974 εὔδοξον
1047 1895 1290 1980 Ἱπποδάμειαν.

312 2023 407 2105 Apud
430 2019 606 2085 Pindarum
632 2021 748 2106 igitur,
781 2027 817 2085 ut
840 2021 987 2107 rhythmi
1015 2044 1145 2087 cursum
1173 2021 1343 2086 turbatum
1370 2020 1599 2106 restituamus,
1702 2050 1703 2119 3

309 2129 373 2192 alia
395 2127 537 2192 remedia
559 2127 655 2191 uobis
679 2129 863 2212 quaerenda
886 2134 970 2193 suut.
980 2128 1006 2215 ¹)

395 2252 449 2317 De
472 2251 602 2337 longis
627 2251 794 2350 syllabis
817 2253 975 2338 longius
1003 2253 1216 2336 productis.
1259 2253 1335 2318 Alia
1360 2255 1425 2318 ista
1452 2256 1597 2320 remedia

305 2360 401 2425 nobis
426 2359 635 2444 suppeditant
662 2364 788 2424 veteres
816 2360 1006 2445 rhythmici,
1037 2382 1110 2424 eum
1138 2364 1171 2424 et
1198 2360 1315 2447 longae
1343 2360 1485 2447 syllabae
1515 2362 1596 2427 haec

307 2472 448 2551 quatuor
472 2466 578 2551 spatia
600 2465 780 2554 tribuenti)

539 2653 572 2660 -
597 2592 734 2656 duorum
758 2595 955 2676 temporum,
978 2591 1088 2675 μακρὰ
1110 2591 1281 2676 δίχρονος,

537 2728 573 2766 ι.
597 2697 697 2763 trium
721 2704 919 2783 temporum,
942 2699 1057 2783 μακρὰ·
1073 2701 1262 2783 τρίχρονος,

540 2834 575 2872 ri
599 2810 739 2889 quatuor
762 2809 961 2890 temporum,
982 2805 1091 2890 μακρὰ
1114 2805 1347 2892 τετράχρονος,

541 2945 578 2982 ω
600 2914 741 2997 quinque
764 2917 963 2997 temporum,
986 2914 1095 2997 μακρὰ
1118 2912 1354 3000 πεντάχρονος,

307 3043 340 3104 et
370 3041 500 3124 praeter
529 3036 695 3123 legitimas
728 3038 842 3102 breves
875 3037 1055 3123 longasque
1088 3037 1230 3123 syllabas
1261 3039 1358 3104 unius
1391 3039 1594 3126 duorumque

306 3151 490 3230 temporum
514 3144 646 3208 brevem
668 3143 759 3208 brevi
777 3143 962 3230 longiorem
980 3144 1122 3229 itemque
1140 3145 1275 3231 longam
1292 3145 1393 3232 longa
1411 3147 1594 3213 breviorem

306 3275 376 3317 esse
405 3248 555 3338 dicant.³)
603 3249 753 3336 Namque
780 3251 844 3317 hoo
872 3252 967 3317 modo
995 3256 1029 3317 et
1055 3253 1189 3318 lacunae
1222 3275 1375 3318 versuum
1407 3253 1529 3339 expleri
1561 3262 1595 3321 et

306 3357 493 3443 inaequales
529 3359 627 3443 pedes
663 3357 703 3422 ad
736 3358 1002 3442 aequabilitatem
1039 3359 1185 3425 revocari
1220 3365 1368 3445 possunt.
1418 3361 1528 3446 Atque
1561 3364 1596 3428 in

307 3469 461 3551 promptu
489 3469 539 3530 est
566 3464 651 3530 ratio
684 3465 833 3550 explendi
864 3467 1013 3551 lacunas,
1044 3471 1081 3531 ut
1114 3465 1232 3553 quibus
1264 3467 1299 3531 in
1331 3469 1481 3534 versibus
1512 3471 1594 3553 ordo

307 3573 526 3659 rhythmicus,
558 3572 586 3636 si
614 3571 756 3657 syllabas
787 3573 945 3638 orationis
976 3578 1119 3661 spectas,
1150 3575 1301 3640 turbatus
1334 3597 1405 3640 esse
1437 3576 1596 3663 videatur,

399 3769 425 3828 lt
449 3767 538 3834 Leges
566 3763 685 3819 subtiles
709 3767 906 3835 symmetrioae
929 3767 1155 3838 compositionis,
1183 3767 1281 3836 quales
1305 3768 1336 3824 Ε.
1354 3767 1449 3836 (iras,
1473 3769 1595 3828 Pindaro

308 3837 507 3907 logaoedisohe
527 3835 673 3906 Strophen,
692 3838 876 3908 Marb.1892‚
895 3839 1032 3908 indagare
1052 3841 1168 3894 conatus
1187 3843 1238 3908 est,
1258 3843 1290 3893 ut
1307 3839 1429 3894 multum
1444 3841 1543 3896 valent
1557 3843 1595 3896 ad

309 3913 398 3965 artem
417 3912 519 3980 poetae
537 3907 731 3979 aperiendam,
758 3909 800 3964 ita
824 3910 861 3963 ad
880 3909 1054 3979 rhythmicas
1072 3909 1256 3966 difficultates
1275 3911 1424 3966 solvendas
1442 3929 1498 3966 nou
1517 3914 1594 3968 suffi-

308 3982 395 4037 ciunt.
429 3982 525 4050 Aeque
544 3979 610 4034 Fel.
626 3979 727 4048 Vogt,
748 3981 790 4035 De
808 3981 905 4035 metris
920 3981 1035 4035 Pindari
1054 3982 1234 4051 quaestiones
1248 3985 1305 4037 tres
1320 3983 1359 4036 Ar
1378 3984 1594 4052 entorati1880,

307 4051 728 4194 retrituratur?
730 4003 1594 4196 ‘0⁶13ilrttltfflttitrttrddidit?lt⁰35·

308 4195 425 4266 pedivit.
458 4196 585 4264 Denique
604 4193 761 4249 Mauritii
781 4169 966 4250 Schmidtii
989 4199 1018 4250 et
1040 4195 1192 4250 Eduardi
1211 4196 1390 4251 Boehmeri
1413 4198 1595 4254 metrioarum

309 4267 450 4322 rationum
465 4267 649 4320 fundamenta
662 4266 754 4336 magis
769 4284 855 4335 quam
870 4267 1019 4322 audaciam
1031 4267 1061 4322 in
1070 4267 1186 4322 Pindari
1200 4269 1327 4323 versibus
1337 4269 1375 4323 ad
1384 4269 1456 4323 istas
1469 4271 1595 4325 rationes

309 4338 474 4393 revocandis
493 4337 575 4393 nobis
593 4337 707 4408 probari
726 4337 755 4391 in
775 4339 1013 4393 commentariolis
1031 4339 1156 4394 metricis
1175 4341 1349 4412 singulorum
1368 4341 1525 4396 carminum
1537 4360 1595 4397 nou

309 4412 369 4464 tam
387 4410 581 4479 redarguendo
601 4425 686 4477 quam
706 4409 924 4465 demonstrando
943 4410 1113 4482 aperuimus.

399 4483 426 4550 2)
445 4481 534 4534 Anou.
555 4480 589 4534 de
604 4498 674 4534 mus.
690 4498 734 4551 ap.
750 4482 899 4553 Westphal
914 4481 1024 4554 Fragm.
1040 4483 1066 4538 d.
1081 4501 1121 4553 gr.
1137 4483 1270 4552 Rhythm.
1289 4503 1316 4554 p.
1332 4489 1374 4538 69.
1390 4487 1450 4538 163.
1476 4484 1593 4540 Aristid.

311 4551 345 4606 de
365 4569 434 4606 mus.
454 4557 520 4605 133.
553 4551 673 4606 Aristox.
689 4569 734 4623 ap.
750 4553 900 4624 Westphal
918 4553 936 4609 l.
951 4554 969 4608 1.
989 4573 1015 4625 p.
1032 4559 1074 4625 31,
1089 4560 1113 4609 8.
1133 4561 1176 4624 39,
1193 4562 1234 4610 16.
1267 4555 1328 4610 Huc
1346 4555 1434 4610 etiam
1451 4556 1596 4625 pertinent

311 4625 395 4678 notae
422 4641 574 4695 pausarum
603 4625 646 4694 (Λ)
673 4624 747 4678 uotis
777 4625 951 4694 syllabarum
978 4625 1088 4695 aliquot
1115 4626 1185 4681 loeis
1212 4627 1243 4680 in
1269 4627 1381 4696 hymnis
1408 4626 1539 4696 Dionysii
1566 4632 1596 4684 et

311 4695 481 4751 Mesomedis
500 4695 635 4749 adiectae.

401 4769 427 4838 3)
446 4767 515 4822 Mar.
540 4767 641 4822 Victor.
660 4787 686 4838 p.
703 4772 745 4837 39,
761 4773 777 4822 8
796 4767 839 4823 ed.
858 4767 931 4823 Keil.
