3417 5434
474 325 509 377 11.
537 325 587 375 DE
606 325 700 376 Aura
718 325 880 377 Marmor
898 325 1055 378 PINDARI.
1316 323 1407 378 XXIII

113 485 198 570 quid
225 485 490 552 dubitationibus
517 487 590 552 istis
618 487 814 573 respondeas
839 509 906 553 nou
927 508 1062 573 prorsus
1085 487 1148 553 tibi
1171 487 1406 574 desperandum

115 600 184 679 est3
216 594 295 659 lieet
323 593 410 660 enim
438 616 505 659 non
531 616 687 680 magnum
715 595 882 681 quiddam,
914 594 1038 680 aliquid
1070 599 1180 660 tamen
1209 595 1405 661 discriminis

113 701 294 768 intercedit
317 701 403 766 inter
427 701 556 767 ordines
580 701 661 766 duos
684 700 888 785 rhythmicos
912 705 1143 766 concatenatos

502 809 1024 860 Lo-o-ot.‡o-oo-ult

117 879 305 946 etsolutos

439 970 709 1020 Lu-u-v!li
818 969 1089 1022 hemeah.

210 1076 289 1141 Plus
312 1077 413 1142 habet
432 1075 633 1162 offensionis,
656 1075 685 1140 si
703 1076 767 1140 duo
786 1098 911 1159 versus,
935 1076 1020 1140 inter
1039 1097 1120 1160 quos
1139 1075 1222 1140 nihi]
1239 1074 1404 1143 intervalli

117 1184 294 1250 intercedit
324 1189 357 1249 et
384 1207 504 1271 pausae
531 1185 636 1268 locus,
669 1182 696 1248 si
725 1183 897 1248 metricum
925 1183 1071 1247 ordinem
1099 1187 1241 1269 spectas,
1273 1184 1406 1250 relictus

118 1297 170 1356 est
193 1293 319 1374 nullus,
346 1292 382 1356 in
405 1292 501 1357 unius
525 1296 634 1357 tamen
656 1291 782 1376 periodi
805 1291 996 1355 societatem
1021 1288 1312 1375 comprehendendi
1335 1314 1406 1356 esse

118 1397 280 1462 ridentur.
306 1396 379 1463 Hoc
394 1403 503 1463 autem
518 1420 591 1463 curn
606 1397 717 1463 multis
733 1397 806 1462 aliis
820 1396 901 1462 locis
916 1397 1104 1462 factumest
1118 1402 1189 1462 tum
1203 1395 1239 1461 Ο.
1254 1416 1304 1461 vn
1318 1400 1406 1464 2-4

117 1809 199 1884 Quis
224 1808 312 1872 enim
337 1808 446 1873 credat
467 1807 503 1871 in
527 1807 597 1873 odis
620 1807 960 1892 dactylo-epitriticis,
983 1829 1121 1891 quarum
1144 1807 1288 1892 gravitas
1308 1831 1406 1892 quam

117 1917 260 1981 maxime
284 1938 304 1980 a
326 1915 400 1980 lusu
423 1914 656 1979 versiculorum
678 1913 887 1979 Aeolicorum
911 1912 1079 1998 abhorret,
1100 1919 1232 2000 poetam
1255 1915 1314 1978 uui
1333 1916 1405 2000 pedi

111 2023 249 2108 epitrito
282 2022 349 2086 vim
380 2021 468 2106 pleni
506 2026 539 2085 et
569 2021 705 2106 perfecti
740 2043 852 2087 versus
885 2021 1063 2086 tribuisse?
1114 2021 1220 2087 Immo
1255 2027 1321 2087 tres
1356 2023 1405 2087 illi

113 2153 230 2196 versus
262 2129 406 2194 numeris
438 2126 612 2193 cohaerent
640 2133 673 2193 et
700 2133 810 2213 partes
838 2128 934 2193 unius
962 2150 1115 2213 procerae
1144 2125 1405 2216 (σχοινοτενοῦς)

113 2236 242 2323 periodi
275 2235 479 2321 rhythmicae
512 2240 597 2300 sunt.
644 2235 716 2300 Hoc
745 2239 853 2300 autern
881 2235 929 2299 ita
956 2239 1086 2301 tautum
1120 2236 1190 2300 fieri
1221 2236 1343 2320 potuit,
1377 2237 1405 2301 si

113 2367 219 2431 pausa
246 2344 333 2408 inter
361 2365 491 2408 versum
515 2343 690 2408 secundum
714 2347 746 2406 et
770 2342 917 2426 tertium,
944 2343 1079 2407 tertium
1103 2346 1136 2407 et
1160 2346 1313 2427 quartum
1336 2366 1407 2428 per·

115 2451 236 2537 exigua
264 2449 341 2535 fuit,
367 2454 407 2514 ut
429 2449 576 2533 quamvis
600 2448 728 2514 hiatum
751 2454 933 2533 excusaret,
960 2454 1071 2514 tamen
1093 2471 1304 2514 numerorum
1328 2471 1405 2514 con-

115 2557 307 2623 tinuitatem
325 2578 393 2621 non
411 2555 591 2642 impediret.
622 2555 728 2632 Quid?
749 2556 833 2639 quod
852 2577 916 2620 nou
938 2556 1044 2620 solum
1058 2557 1223 2622 anacrusis
1239 2557 1404 2641 sequentis

113 2687 229 2730 versus
254 2686 350 2748 saepe
373 2662 600 2748 imperfectum
622 2661 775 2727 ultimum
799 2661 914 2746 pedem
938 2663 1158 2729 antecedentis
1182 2685 1294 2728 versus
1318 2685 1405 2728 com·

112 2773 197 2859 plot,
221 2775 260 2836 ut
283 2770 319 2836 0.
339 2789 402 2834 vrri
424 2772 509 2834 1-2

114 3076 172 3140 sed
206 3073 307 3140 etiam
333 3095 579 3159 nonnumquam
607 3077 697 3138 totus
726 3073 850 3158 primus
877 3095 948 3158 pes,
978 3073 1057 3159 quin
1085 3074 1185 3139 etiam
1212 3074 1277 3139 duo
1305 3074 1403 3160 primi

114 3185 213 3269 pedes
238 3181 405 3266 sequentis
429 3202 541 3246 versus
564 3182 718 3266 rhythmo
739 3181 773 3245 in
792 3181 857 3246 fine
876 3181 1097 3246 antecedentis
1115 3203 1227 3246 versus
1246 3181 1401 3248 inchoato

113 3287 254 3354 addendi
278 3307 348 3353 esre
372 3287 538 3374 videntur,
560 3293 597 3353 ut
620 3287 845 3354 O.vl115—6

626 3403 823 3446 Lw-w:

661 3508 697 3535 W
811 3493 818 3523 ἶ

114 3599 147 3657 et
171 3589 454 3658 similimum
478 3595 534 3655 str.
553 3592 654 3676 5-6,
677 3613 725 3676 ep.
745 3590 841 3656 5-6.
865 3609 929 3655 xm
952 3615 1000 3676 ep.
1020 3593 1115 3656 5-6.
1144 3590 1402 3678 P.1ep.7-8.

113 3718 149 3764 vr
164 3701 263 3764 6-7.
282 3715 347 3763 vm
360 3699 457 3763 4-5.
476 3715 513 3762 lx
528 3699 623 3764 2-3.
648 3696 688 3761 N.
698 3715 761 3762 vm
780 3720 828 3783 ep.
840 3699 936 3763 2-3.
967 3696 1092 3773 Quibus
1106 3698 1254 3763 versibus
1268 3699 1401 3784 cognati

114 3812 191 3872 sunt
212 3807 251 3890 ii,
275 3805 332 3890 qui
357 3827 431 3870 oum
456 3805 647 3871 antecedens
670 3826 782 3870 versus
806 3805 1014 3872 acatalectico
1038 3803 1230 3890 excurrerit,
1252 3805 1317 3891 ipsi
1340 3828 1400 3871 suo

115 3915 220 4000 capite
246 3913 355 3980 orbati
379 3917 470 4000 sunt,
491 3918 530 3978 ut
551 3911 587 3978 P.
606 3930 643 3976 vl
664 3915 748 3977 1-2

516 4047 659 4088 uLuL
695 4055 1001 4088 wu.wu;u-.

547 4125 799 4178 Λυ-υωυ-

115 4237 200 4302 Nam
218 4235 337 4300 horum
357 4255 486 4320 quoque
504 4256 656 4301 versuum
675 4234 780 4300 forma
797 4232 873 4297 inde
893 4232 1083 4318 explicanda
1100 4237 1165 4319 est,
1184 4233 1271 4318 quod
1286 4255 1400 4300 versus

115 4346 176 4411 duo
200 4341 393 4426 arctissime,
418 4345 585 4426 tamquam
608 4342 680 4406 cola·
699 4341 793 4406 unius
813 4340 939 4424 periodi
958 4339 1033 4426 sint,
1054 4340 1141 4405 inter
1160 4362 1194 4406 se
1213 4341 1399 4407 cohaerent.

201 4451 303 4516 Vides
342 4472 393 4514 me
430 4471 497 4516 non
534 4449 764 4515 circulatorum
802 4469 890 4512 more
927 4446 1136 4533 tergiversari
1174 4468 1279 4531 neque
1315 4447 1397 4513 diffi-

114 4560 265 4640 cultates,
290 4556 409 4640 quibus
433 4555 659 4621 Bocchhianae
683 4555 826 4619 rationes
849 4559 1056 4639 premuntur,
1079 4554 1204 4620 elevare
1229 4555 1280 4620 vel
1304 4556 1399 4622 silen-

113 4669 157 4732 tio
182 4667 349 4750 obtegere.
393 4662 484 4728 Idem
511 4667 622 4728 tamen
649 4684 715 4727 non
743 4661 872 4744 dubito,
900 4661 979 4746 quin
1007 4665 1130 4726 rectam
1152 4661 1239 4726 viam
1262 4661 1312 4726 vir
1335 4663 1397 4728 cla-

111 4775 261 4841 rissimus
283 4769 405 4838 inierit.
450 4769 547 4835 Modo
574 4770 770 4856 supplendae
794 4768 863 4836 eius
887 4768 1030 4834 rationes
1053 4773 1144 4856 sunt,
1173 4773 1211 4834 ut
1233 4769 1396 4854 quomodo
