3417 5434
506 1287 981 1372 PROLEGOMENA.

690 1469 796 1476 ——...

730 1588 755 1654 Ι.

346 1741 400 1798 DE
426 1737 637 1799 CODICIBUS
661 1738 939 1809 suasmsssuua
964 1738 1141 1798 CRITIOIS.

186 1877 272 1944 Cum
286 1879 351 1942 duo
366 1875 427 1942 viri
442 1877 480 1941 de
496 1874 625 1940 Pindari
641 1875 838 1942 carminibus
854 1876 1061 1941 emendandis
1074 1881 1151 1961 post
1163 1875 1385 1941 immortalem

95 1985 180 2072 Aug.
199 1984 361 2050 Boeclrhii
390 1982 580 2048 memoriam
608 1982 809 2048 meritissimi
836 1982 885 2047 ita
911 1982 946 2046 in
968 1987 1141 2066 utramque
1163 1988 1290 2068 partem
1313 2005 1384 2068 pec-

98 2097 242 2175 cassent,
274 2097 312 2156 ut
338 2091 497 2156 librorum
525 2112 623 2155 manu
652 2089 846 2173 scriptorum
875 2090 950 2155 fidei
979 2089 1061 2154 alter
1087 2089 1239 2173 nimium,
1268 2113 1383 2176 parum

98 2199 182 2264 alter
210 2199 382 2283 tribueret,
414 2197 495 2262 mihi
525 2197 664 2262 mediam
691 2197 773 2262 inire
803 2198 888 2262 viam
915 2197 1021 2263 visum
1049 2202 1107 2262 est.
1153 2197 1265 2282 Tycho
1295 2198 1383 2263 enim

98 2303 349 2386 Mommsenius,
372 2327 412 2369 ne
436 2326 589 2390 magnam
613 2327 744 2389 operam
768 2304 934 2370 codicibus
957 2305 1110 2391 religiose
1130 2304 1330 2369 excutiendis
1349 2310 1383 2369 et

98 2413 180 2478 scite
215 2411 399 2498 digerendis
430 2417 582 2476 navatam
614 2411 718 2476 iacere
751 2411 955 2476 contemnire
983 2411 1117 2495 sineret,
1148 2412 1274 2496 reliqua
1301 2412 1382 2477 artis

98 2519 231 2584 criticae
265 2518 423 2604 subsidia,
455 2540 537 2603 quae
568 2519 604 2583 in
637 2518 834 2584 carminibus
867 2518 1135 2604 recognoscendis
1164 2524 1197 2583 et
1223 2519 1320 2603 plura
1348 2526 1382 2585 et

96 2627 228 2712 potiora
261 2647 332 2691 asse
364 2624 486 2710 solent,
516 2625 565 2691 ita
597 2625 789 2710 posthabuit
796 2615 819 2712 ,⁰
841 2630 879 2690 ut
910 2626 997 2690 haud
1029 2648 1103 2690 raro
1135 2631 1251 2711 poetae
1283 2627 1383 2692 verba

97 2755 301 2798 summorum
325 2732 469 2797 virorum
493 2753 554 2818 opa
577 2733 643 2798 fere
662 2732 824 2818 perpolita
841 2732 1001 2797 librorum
1019 2733 1130 2798 naevis
1150 2737 1248 2819 atque
1267 2735 1381 2800 errori-

97 2841 159 2905 bus
177 2841 298 2906 iterum
318 2839 577 2905 commacularet.
613 2840 803 2905 Theodorus
822 2845 932 2904 autem
949 2839 1112 2926 Bergkius
1131 2841 1257 2906 codices
1276 2864 1381 2926 neque

97 2949 241 3032 optimos
260 2969 364 3032 neque
384 2945 550 3012 subtiliter
566 2947 762 3030 ponderatos
781 2946 932 3011 adhibuit
946 2952 979 3010 et
995 2969 1136 3040 summa,
1156 2970 1220 3032 qua
1233 2948 1381 3035 florebat,

96 3055 221 3140 ingenii
249 3053 406 3120 felicitate
433 3053 536 3118 fretus
563 3053 606 3119 iis
632 3075 760 3139 quoque
788 3053 882 3137 loeis,
911 3054 1029 3138 quibus
1058 3077 1078 3118 a
1105 3055 1270 3120 codicibus
1293 3061 1380 3121 recte

98 3160 281 3226 aestimatis
304 3163 356 3226 lex
376 3183 413 3226 ac
431 3182 545 3225 norma
565 3165 635 3226 erat
652 3163 805 3246 petenda,
829 3182 888 3226 suo
908 3161 1044 3227 arbitrio
1062 3161 1232 3248 indulgere
1251 3164 1381 3249 maluit,

97 3270 131 3334 in
153 3267 335 3333 norissima
357 3289 434 3357 vero
459 3267 527 3332 sire
550 3271 667 3352 quarta
689 3268 829 3333 editione
854 3267 1028 3332 Poetarum
1051 3268 1228 3353 lyricorum
1252 3292 1380 3356 graeco

97 3400 169 3442 rum
193 3375 299 3440 virum
323 3375 491 3461 egregium
510 3375 615 3460 magis
634 3374 742 3439 studio
761 3373 901 3439 aliorum
920 3374 1089 3460 opiniones
1108 3375 1263 3441 reiciendi
1281 3399 1379 3461 quam

97 3506 174 3548 suos
194 3503 322 3548 errores
342 3481 532 3567 corrigendi·
547 3482 680 3546 ductum
700 3503 770 3547 esse
787 3481 823 3546 in
841 3503 977 3547 censura
995 3482 1064 3547 eius
1082 3481 1159 3548 libri
1178 3479 1266 3570 (ann.
1286 3484 1380 3550 class.

95 3591 173 3676 phil.
200 3589 287 3655 1889
315 3611 346 3673 p.
373 3586 490 3675 lsqq.)
519 3587 673 3673 exemplis
701 3589 920 3673 comprobavi.
965 3589 1040 3674 lpse
1072 3594 1106 3654 et
1135 3591 1170 3653 in
1197 3613 1250 3675 ea,
1282 3613 1380 3675 quam

96 3696 215 3783 viginti
254 3695 396 3780 quinque
429 3696 521 3760 annis
556 3695 674 3761 abhinc
706 3696 739 3760 in
772 3695 980 3762 Bibliotheca
1010 3695 1236 3762 Teubneriaua
1267 3700 1379 3783 paravi

97 3803 239 3868 editione
267 3807 300 3866 et
323 3802 357 3865 in
381 3802 454 3888 hac,
483 3825 580 3887 quam
603 3825 689 3868 nunc
711 3803 747 3867 in
769 3803 875 3869 lucem
898 3804 1028 3888 emitto,
1055 3802 1168 3868 sedulo
1191 3804 1315 3890 curavi,
1343 3811 1379 3870 ut

96 3916 129 3975 st
161 3909 311 3976 codicum
344 3909 497 3974 subsidiis
528 3933 547 3974 a
574 3909 789 3975 Mommsenio
817 3909 1025 3995 potissimum
1052 3911 1176 3995 paratis
1203 3913 1379 3994 prudenter

96 4022 204 4082 uterer
238 4021 271 4080 et
299 4015 431 4081 Pindari
459 4017 601 4082 rationes
630 4019 782 4083 metricas
811 4016 1105 4102 grammaticasque
1130 4017 1378 4103 diligentissime

96 4129 267 4190 scrutarer.

183 4231 239 4296 De
267 4229 479 4296 codicibus.
525 4230 565 4295 In
592 4235 750 4316 apparatu
778 4229 892 4296 critico
920 4231 1116 4296 adstruendo
1144 4230 1378 4296 Mommsenius

95 4338 277 4406 rectissime
296 4337 438 4423 monuit,
455 4338 597 4424 primum
616 4337 761 4402 omnium
779 4339 881 4402 libros
901 4361 920 4402 a
935 4337 1126 4423 Byzantinis
1147 4338 1378 4424 grammaticis,

96 4445 222 4511 Thomu
244 4445 406 4531 Magistro
429 4445 643 4529 Moschopulo
665 4444 836 4530 Triclinio,
860 4445 1075 4530 interpolatos
1099 4468 1119 4509 a
1141 4445 1304 4510 veteribus
1326 4446 1378 4511 in-

96 4551 261 4639 tegrisque
282 4551 520 4636 exemplaribus
538 4552 640 4636 probe
660 4573 729 4616 esse
749 4552 1004 4639 distinguendos.
1034 4551 1095 4616 Isti
1112 4552 1288 4638 magistelli
1303 4575 1377 4618 curn

98 4681 155 4724 suo
178 4659 285 4724 Marte
314 4660 444 4724 scabros
472 4681 623 4724 numeros
652 4659 801 4744 expedire
829 4663 863 4723 et
890 4658 1048 4723 orationis
1076 4660 1193 4723 menda
1216 4660 1376 4744 erpellere

98 4768 263 4833 studerent
284 4787 360 4874 pec,
387 4766 415 4830 si
437 4789 558 4850 paucos
582 4766 739 4850 quosdam
762 4766 852 4831 locos
875 4770 913 4830 ut
936 4763 971 4830 Ο.
990 4781 1028 4829 xl
1047 4768 1075 4832 8.
1100 4764 1140 4830 N.
1159 4784 1171 4830 1
1190 4768 1242 4831 52.
1265 4783 1304 4830 111
1323 4768 1375 4831 35.
