3417 5434
609 1316 775 1369 ΙΣΘΜΙΟΝ.
794 1315 841 1370 Η’,

326 1479 727 1565 ΚΛΕΑΝΔΡΩι
765 1479 1127 1564 ΑΙΓΙΝΗΤΗι

611 1674 842 1727 iustissima.

173 3443 298 3504 Carmen
330 3445 386 3505 hoo
417 3443 667 3522 pulcherrimum,
700 3444 731 3502 in
762 3444 904 3504 honorem
937 3442 1077 3502 Cleandri
1107 3442 1276 3503 Tolesarohi
1308 3443 1364 3502 filii

76 3534 249 3612 Aeginetae
272 3533 472 3610 compositum
500 3553 573 3592 num
599 3537 679 3594 reete
703 3534 782 3592 inter
804 3532 949 3592 isthmica
970 3532 1101 3609 epinicia
1123 3533 1255 3592 relatum
1277 3533 1326 3610 sit,
1346 3553 1364 3590 a

76 3623 234 3683 Boeckhio
267 3623 439 3682 dubitatum
471 3627 524 3684 est.
570 3624 649 3682 Nam
679 3643 747 3682 oum
780 3641 868 3684 versu
898 3625 1007 3698 quarto
1036 3625 1127 3699 poeta
1156 3621 1212 3681 hoo
1243 3641 1363 3682 carmen

77 3713 212 3772 duarum
230 3713 612 3791 victoriarum‚1sthmioae
632 3716 663 3772 et
681 3713 857 3790 Nemeaeus,
880 3712 1048 3788 praemium
1066 3729 1129 3770 esse
1152 3711 1241 3788 dieat,
1264 3731 1362 3788 noque

77 3801 166 3878 quod
194 3802 338 3862 Isthmius
366 3802 492 3861 victoria
520 3802 618 3877 priore
646 3803 711 3862 loco
735 3802 834 3878 posita
857 3805 916 3880 est,
939 3801 1069 3860 multum
1091 3799 1230 3876 ponderis
1253 3800 1362 3860 hebere

76 3891 231 3969 videatur,
254 3911 349 3968 aequo
373 3891 436 3949 iure
460 3892 516 3950 hoo
540 3910 658 3950 osrmen
682 3891 720 3950 ed
742 3891 917 3951 isthmioam
935 3909 1028 3968 quam
1046 3889 1085 3948 ad
1103 3890 1284 3949 Nemeaeam
1301 3890 1362 3949 vie-

77 3979 193 4040 toriam
224 3981 304 4039 trehi
337 3981 460 4041 censuit.
506 3979 572 4039 Iam
603 4000 672 4041 oum
703 3980 783 4040 idem
809 3981 857 4040 vir
885 3980 1069 4040 clarissimus
1096 3978 1209 4037 Nemea
1237 3979 1363 4038 hiberna

79 4069 129 4130 01.
148 4073 198 4147 75,
219 4073 237 4129 2
257 4073 340 4130 serto
364 4071 425 4129 iere
448 4089 548 4130 mense
571 4075 641 4147 post
663 4070 863 4131 obsessionem
886 4070 1056 4129 Thebarum
1080 4071 1149 4127 aeta
1172 4087 1235 4128 esse
1259 4067 1363 4145 opina·

78 4163 168 4218 retur
197 4163 228 4218 et
256 4159 467 4239 gravissimum
496 4160 612 4220 luctum
635 4179 681 4220 vv.
706 4170 793 4219 5—13
821 4177 992 4235 expressum
1022 4157 1135 4234 optime
1164 4157 1196 4216 in
1225 4160 1363 4234 tempora

79 4247 219 4326 proxima
241 4253 311 4327 post
334 4269 467 4329 pugnam
490 4249 697 4310 Plataeensem
720 4247 868 4326 quadrare
896 4247 1094 4325 existimaret,
1122 4247 1282 4306 victoriam
1304 4247 1364 4307 Ne-

78 4358 231 4418 meaeum,
259 4359 318 4400 uon
342 4339 517 4398 Isthmicum
540 4342 646 4415 poetae
669 4340 725 4400 hoe
748 4357 867 4399 carmen
891 4336 1038 4396 scribendi
1061 4354 1165 4395 ansam
1188 4337 1362 4412 praebuisse

80 4431 146 4487 stat
171 4432 202 4488 ·t.
244 4430 287 4487 At
310 4429 391 4488 omni
412 4427 483 4487 huie
506 4429 761 4506 argumentationi
785 4427 1014 4487 fundamentum
1038 4425 1226 4484 subtraotum
1249 4428 1295 4485 est
1318 4426 1362 4485 di-

80 4518 242 4577 stinetione
266 4517 459 4576 hibernorum
478 4519 509 4575 et
527 4519 709 4579 aestivorum
731 4518 914 4577 Nemeorum
932 4515 1060 4576 sublata.
1099 4512 1212 4584 Quodsi
1230 4515 1363 4575 ealoulos

82 4606 121 4666 ab
144 4607 265 4684 Ungero
294 4605 443 4665 stabilitos
471 4607 625 4682 sequimur
652 4599 693 4688 (v.
717 4607 796 4666 Prol.
819 4599 907 4687 nxvr)
936 4608 966 4664 et
992 4623 1128 4683 pugnam
1155 4604 1365 4666 Plataeensem·

82 4715 182 4754 mense
214 4694 382 4771 Septembri
412 4694 483 4754 anni
507 4698 571 4758 479
596 4698 708 4756 factam
737 4714 800 4756 esse
831 4695 978 4755 oredimus
1008 4687 1049 4774 (v.
1072 4693 1362 4772 Plut.Aristid.19‚

82 4784 200 4844 Camill.
223 4777 280 4866 19),
298 4783 426 4860 proximi
444 4784 509 4844 ludi
527 4790 598 4863 post
615 4803 749 4864 pugnam
766 4785 976 4845 Plataeensem
993 4785 1081 4843 erant
1102 4783 1238 4844 Isthmiei
1261 4802 1362 4844 mense

1096 4882 1149 4935 ‘24‘
