3417 5434
615 350 750 423 [nunes
768 350 827 421 xi]

129 509 173 579 ἐὖ
197 511 228 577 δ’
254 510 405 599 ἑταίρους
428 512 538 599 ἀγλαῷ
562 512 694 601 σκάπτῳ
718 512 831 595 πέλας,

89 636 107 685 o
131 620 172 683 οί
191 637 228 685 σε
251 623 476 706 γεραί-ροντες
498 619 553 704 ὀρ-

180 728 251 793 θὰν
273 726 496 811 φυλάσσοισιν
524 725 679 810 Τένεδον,

132 942 243 1007 πολλά
266 938 327 1027 μέν
350 945 517 1026 λοιβαῖσιν
540 940 733 1027 ἀγαζόμενοι
756 942 891 1028 πρώταν
913 948 1019 1025 θεῶν,
1160 940 1243 1008 Ἀντ.
1263 942 1306 1008 α’.

130 1050 241 1115 πολλὰ
264 1046 301 1114 δὲ
324 1052 434 1137 κνίσᾳ·
459 1049 544 1134 λύρα
568 1047 607 1113 δέ
627 1067 688 1134 σφι
711 1048 865 1135 βρέμεται
889 1046 944 1113 καὶ
968 1048 1077 1113 ἀοιδά·

132 1154 193 1221 καὶ
216 1156 326 1235 ξενίου
349 1157 433 1233 Διὸς
455 1155 602 1222 ἀσκεῖται
624 1156 722 1240 θέμις
745 1156 877 1233 ἀενάοις

132 1263 173 1328 έν
196 1262 376 1350 τραπέζαις.
422 1263 505 1330 ἀλλά
528 1264 592 1329 σὺν
615 1262 695 1351 δόξα
718 1262 811 1341 τέλος

72 1388 110 1435 10
133 1371 411 1457 ὃνωάεκάμη-νον
433 1371 532 1457 περά-

182 1496 237 1543 σαι
262 1481 326 1543 σὺν
349 1478 483 1567 ἀτρώτῳ
507 1479 636 1566 κραδίᾳ.

133 1693 245 1778 ἀνδρα
269 1690 300 1757 δ’
326 1690 390 1775 ἐγὼ
413 1696 578 1778 μακαρίζω
602 1690 662 1778 μὲν
684 1691 801 1779 πατέρ’
824 1690 1022 1779 Ἀρκεσίλαν,
1179 1692 1245 1761 Ἐπ.
1264 1694 1308 1761 α’.
1335 1718 1341 1728 ·

132 1798 253 1865 καὶτὸ
276 1802 406 1883 θαητὸν
430 1799 530 1884 δέμας
553 1800 710 1886 ἀτρεμίαν
733 1824 766 1865 τε
791 1799 962 1883 ξύγγονον.
1328 1821 1360 1868 16

133 1908 168 1971 εί
190 1906 229 1971 δέ
250 1929 300 1983 τις
323 1908 423 1989 ὄλβον
446 1910 530 1992 έχων
552 1917 666 1994 μορφᾷ
689 1908 932 1993 παραμεύσεται
956 1910 1091 1993 ἀλλους,

133 2018 173 2079 ἕν
196 2012 225 2078 τ’
252 2013 425 2079 ἀέθλοισιν
448 2013 632 2101 ἀριστεύων
655 2012 832 2091 έπέάει-ξεν
854 2018 945 2099 βίαν·

76 2138 110 2185 15
131 2120 245 2185 θνατά
268 2120 449 2205 μεμνάσθω
472 2120 693 2207 περιστέλλων
716 2120 797 2205 μέλη

133 2225 193 2293 καὶ
215 2229 387 2293 τελεν-τάν
410 2227 566 2293 ἀπάντων
589 2238 653 2311 γᾶν
676 2226 935 2313 έπιίεσσόμενος.

88 2374 96 2378 -
119 2374 298 2381 .-----.-—.

152 2464 179 2512 4.
203 2460 297 2528 ἀγλαῶ
320 2456 433 2513 σκάπτω
452 2457 520 2513 BD
539 2490 570 2499 -
590 2459 680 2522 πύλας
698 2460 726 2514 Β
747 2492 778 2500 -
798 2465 823 2514 6.
847 2461 985 2532 λοιβαῖσιν
1004 2459 1087 2530 Βγτ.ι
1112 2461 1219 2531 λοιβαῖς
1242 2459 1309 2513 BD
1328 2492 1360 2499 —

79 2534 105 2584 8.
136 2528 223 2600 Θέμις
248 2529 374 2598 Boeclrh,
399 2526 483 2600 θέμις
500 2529 600 2600 vulgo;
628 2532 661 2584 cf.
681 2530 746 2585 Eur.
765 2530 839 2586 Med.
859 2547 900 2586 τοι
918 2562 952 2570 -
973 2537 996 2585 9.
1023 2538 1076 2585 νῦν
1095 2530 1176 2597 δόξαν
1194 2534 1224 2585 et
1241 2528 1362 2599 περᾶναί

76 2622 124 2655 νιν
140 2600 215 2656 coni.
230 2599 298 2655 olim
311 2601 479 2670 Mommsen3
498 2601 559 2672 ipse
578 2604 753 2657 tentaveram
772 2602 833 2656 ἀλλ’
850 2602 996 2672 ἀγακλεές,
1011 2619 1046 2655 ne
1060 2602 1104 2655 bis
1138 2602 1291 2673 raepositio
1311 2603 1362 2656 σὺν

78 2676 242 2727 occurreret
257 2705 290 2714 -
307 2678 348 2727 10.
362 2670 483 2740 περᾶναί
502 2693 548 2727 νιν
566 2673 637 2729 coni.
653 2674 783 2743 Hartung
797 2707 831 2714 -
847 2680 888 2729 11.
908 2674 1012 2743 ἀνδρὸς
1031 2673 1083 2743 ἐγὼ
1102 2622 1171 2728 olim
1190 2674 1363 2729 conieceram

79 2778 115 2785 -
134 2742 273 2815 ἀγησίλαν
287 2744 315 2799 Β
329 2750 420 2800 -12,
440 2743 575 2815 &prepter
595 2745 664 2800 coni.
685 2746 838 2801 Schneider
855 2779 891 2786 -
911 2752 951 2801 1³.
971 2750 1067 2815 μορφά
1086 2746 1296 2814 παραμεύσεται
1315 2744 1362 2799 ἀλ-

77 2820 146 2879 λονς
166 2832 200 2869 ex
219 2815 333 2870 scholiis
352 2815 451 2872 Pauw:
471 2826 567 2886 μορφᾰ
582 2818 791 2887 παραμεύσεται
805 2816 1034 2955 (παραμέᾶφεται
1048 2800 1086 2886 Β)
1101 2817 1191 2871 ἄλλων
1205 2817 1277 2884 BD,
1296 2836 1362 2887 μορ-

78 2888 143 2957 φὰν
162 2886 374 2958 παραμεύσεται
391 2886 481 2942 ἄλλων
500 2888 571 2946 coni.
590 2889 703 2943 Boeclrh
723 2921 755 2928 —
778 2895 818 2945 14.
838 2889 917 2943 έπιὸε
945 2889 1086 2961 ῃΒεεγετ
1103 2888 1177 2943 anal.
1192 2887 1272 2944 Pind.
1288 2905 1313 2943 ει
1328 2920 1361 2927 -

154 3036 180 3083 4.
201 3028 314 3104 σκάπτῳ
333 3029 393 3085 scil.
404 3030 516 3099 Vestae,
535 3048 592 3086 non
610 3031 805 3104 Aristagorae;
825 3034 921 3085 statua
940 3031 1015 3086 enim
1033 3032 1147 3101 Vestae,
1165 3048 1238 3101 quae
1256 3030 1363 3085 Tenedi

79 3102 199 3171 perinde
219 3104 304 3171 atque
321 3102 496 3156 Athenarum
515 3106 551 3172 (v.
570 3101 653 3159 Paus.
673 3122 683 3156 1
703 3120 740 3171 ιι,
760 3106 783 3173 s)
800 3103 830 3157 in
849 3103 929 3158 curia
946 3103 1041 3173 posita
1059 3106 1133 3172 erat,
1158 3106 1312 3173 sceptrum,
1330 3103 1364 3155 ut

80 3174 227 3227 dominam
250 3172 345 3227 curiae
368 3174 499 3243 decebat,
523 3191 609 3228 manu
634 3174 749 3228 sinistra
767 3174 896 3244 tenebat,
920 3175 1059 3243 quomodo
1079 3174 1302 3244 suppleta-nunc
1320 3175 1364 3227 est

82 3244 269 3299 celeberrima
287 3245 390 3299 Vestae
410 3248 505 3299 statua
524 3245 711 3301 Giustiniana.
746 3244 875 3300 Ceterum
894 3246 922 3309 ές
939 3244 1072 3316 θάλαμον
1091 3248 1119 3299 et
1137 3246 1231 3317 ἀγλαῷ
1250 3244 1363 3317 σκάπτῳ

79 3316 169 3378 πέλας
192 3316 228 3369 ad
252 3318 397 3386 utrosque,
417 3316 610 3387 Aristagoram
634 3320 781 3387 prytanem
800 3316 864 3371 dico
884 3320 913 3371 et
931 3320 1074 3371 senatores
1093 3316 1205 3370 sodales
1223 3316 1363 3387 pertinere

82 3386 112 3440 in
132 3387 230 3457 aprico
249 3390 294 3441 est
313 3420 344 3428 -
365 3392 389 3441 6.
409 3390 522 3455 πρώταν
541 3391 631 3457 θεῶν,
650 3406 706 3443 non
725 3389 800 3457 quod
819 3389 949 3459 princeps
969 3389 1083 3442 deorum
1101 3387 1199 3457 tuerit,
1219 3387 1268 3442 sed
1288 3387 1364 3455 quod

82 3459 108 3511 ei
136 3458 245 3529 primae
271 3457 338 3512 novi
362 3458 544 3526 magistratus
572 3461 768 3530 operabantur.
814 3460 919 3525 Schol:
951 3461 1064 3529 πρώτην
1097 3457 1128 3513 δὲ
1155 3460 1261 3528 ταύτην
1293 3454 1363 3525 εἷπε,

83 3528 214 3585 καθόσον
238 3528 290 3583 ἀπ’
312 3530 397 3599 αὐτῆς
416 3528 542 3599 ἤρχοντο.
580 3533 628 3585 καὶ
647 3534 807 3601 Σοφοκλῆς·
835 3527 973 3600 ὦπρῶρα
992 3533 1086 3603 λοιβῆς
1101 3528 1196 3585 Ἐστία
1217 3562 1249 3569 -
1270 3536 1293 3585 7.
1314 3547 1364 3599 σφι

82 3600 233 3656 Homerico
252 3618 305 3654 usu
324 3601 358 3656 de
377 3619 433 3654 una
453 3600 506 3656 dea
518 3602 606 3657 Vesta
625 3606 790 3673 usurpatum
809 3605 853 3656 est
872 3636 905 3643 —
925 3609 950 3658 8.
969 3601 1062 3669 ξενίου
1082 3601 1150 3666 Διὸς
1168 3604 1295 3656 ἀσκεῖται
1312 3600 1363 3654 θέ-

82 3692 138 3741 μις·
166 3671 253 3726 simili
275 3671 417 3727 locutione
436 3673 525 3727 utitur
549 3674 698 3742 O.v1usr;
724 3676 804 3728 erant
823 3677 918 3728 autem
937 3674 1016 3727 iuxta
1035 3674 1128 3727 focum
1146 3673 1226 3727 utin
1244 3672 1363 3743 privatis

82 3744 222 3813 domibus,
242 3742 283 3798 sic
302 3742 389 3797 etiam
407 3743 437 3797 in
455 3743 576 3815 publicis
592 3745 676 3799 curiis
691 3762 803 3800 mensae
822 3746 970 3815 epularum
988 3745 1144 3815 appositae,
1184 3761 1283 3798 uarum
1297 3761 1363 3811 epu-

82 3815 176 3869 larum
194 3814 285 3868 iustus
304 3818 457 3885 apparatus
477 3815 507 3868 iu
524 3816 665 3906 praesidio
685 3816 758 3871 lovis
777 3815 928 3887 hospitalis
948 3820 1021 3885 erat,
1040 3816 1114 3870 unde
1128 3816 1158 3869 in
1194 3815 1288 3870 reticis
1303 3832 1362 3883 sys-

85 3886 160 3940 sitiis
175 3902 288 3941 mensae
301 3886 457 3957 hospitales
470 3890 615 3958 (τράπεζαι
629 3886 746 3957 ξενικαί)
760 3888 850 3958 primo
866 3887 928 3942 loco
944 3886 1098 3941 collocatae
1113 3890 1206 3954 eraut;
1221 3905 1246 3941 v.
1262 3886 1363 3940 Athen.

82 3976 110 4010 rr
123 3978 153 4029 p,
170 3973 215 4013 ιιι.
249 3960 341 4027 Atque
366 3958 470 4013 cotidie
494 3958 608 4028 quidem
632 3960 662 4014 in
684 3963 821 4029 prytaneo
841 3958 1007 4013 Atheniensi
1030 3962 1179 4013 coenatum
1203 3974 1264 4011 esse
1282 3974 1363 4012 nemo

83 4028 186 4097 nescit,
211 4028 415 4099 splendidiores
434 4047 513 4099 vero,
537 4048 609 4099 quae
628 4031 763 4086 tibiarum
781 4032 934 4100 fidiumque
953 4034 1038 4084 cantu
1056 4032 1239 4100 augerentur,
1262 4046 1364 4083 coenas

83 4100 112 4153 in
135 4100 204 4154 inau
276 4100 353 4155 tione
376 4101 442 4155 novi
465 4120 511 4155 ma
534 4102 595 4156 'stri
617 4103 715 4175 populi
739 4102 830 4157 sactes
854 4119 916 4157 esse
938 4120 991 4174 par
1014 4107 1057 4156 est
1078 4134 1114 4142 —
1132 4106 1157 4156 8.
1177 4103 1247 4164 Διὸς
1267 4099 1364 4170 Θέμις·

84 4170 112 4224 in
139 4171 227 4225 simii
250 4172 391 4227 sententia
410 4172 482 4226 dixit
517 4192 568 4228 rur.
589 4175 662 4229 Med.
683 4192 721 4230 soc
749 4174 839 4237 Ζανὸς
858 4171 957 4243 ὁρκίαν
978 4172 1066 4244 Θέμιν
1085 4206 1117 4213 -
1137 4178 1161 4227 9.
1181 4171 1258 4235 τέλος
1276 4172 1365 4253 magi·

85 4246 205 4299 stratum
225 4242 367 4314 significat
383 4244 414 4298 in
432 4248 501 4299 nota
514 4245 635 4300 formula
650 4245 676 4300 ολ
691 4246 721 4301 έν
735 4244 822 4313 τίλει;
842 4262 966 4299 annuum
981 4262 1044 4299 eum
1057 4244 1163 4299 Tenedi
1178 4246 1210 4297 ut
1223 4244 1253 4297 in
1266 4244 1365 4313 pleris-

85 4332 138 4383 que
166 4314 330 4370 civitatibus
356 4314 490 4370 Graeciae
521 4315 608 4371 fuisse
635 4334 668 4371 ex
695 4316 821 4399 epitheto
851 4315 1053 4387 δωδεκάμηνον
1079 4319 1212 4385 apparet;
1244 4314 1366 4383 denique

85 4404 207 4455 περασαι
230 4386 386 4455 optativine
410 4386 552 4457 (κεράσαι)
576 4406 612 4442 au
635 4388 769 4442 infinitivi
796 4392 937 4512 ρπερᾶσαι)
963 4388 1021 4442 vim
1046 4387 1163 4455 habeat,
1188 4386 1305 4440 difficile
1329 4385 1365 4439 ud

89 4455 301 4511 diiudicandum
320 4460 364 4511 est
382 4491 415 4498 —
436 4466 477 4513 11.
500 4462 641 4528 μακαρίζω
661 4477 723 4513 cum
742 4460 800 4529 dup
813 4460 849 4513 ici
869 4458 1031 4513 accusativo
1049 4458 1176 4513 iunctum
1194 4461 1238 4512 est
1257 4462 1285 4512 et
1303 4474 1365 4527 per-

87 4546 180 4598 sonae,
196 4545 268 4601 quse
283 4530 351 4584 felix
366 4529 547 4617 praedicatur
560 4530 662 4601 (ἄνδρα
681 4531 740 4585 scil.
757 4529 971 4600 Ἀρισταγόραν,
991 4534 1019 4585 et
1037 4547 1137 4598 rerum,
1154 4530 1190 4583 oh
1205 4546 1275 4599 quas
1297 4528 1366 4582 felix

88 4600 269 4668 praedicatur
293 4604 412 4671 (πατεροι
433 4599 590 4671 Ἀρκεσέλαν
616 4604 664 4657 καλ
688 4604 720 4657 τὸ
746 4602 832 4672 δέμας
857 4604 993 4672 ἀτρεμιαν
1018 4621 1048 4657 τε
1074 4600 1132 4657 scil.
1148 4599 1366 4671 Ἀρισταγύρον);

90 4670 209 4726 similem
234 4672 353 4726 formam
380 4672 595 4726 constructionis
641 4674 739 4728 raebet
757 4674 899 4744 Aristoph.
919 4674 1003 4744 Vesp.
1022 4691 1062 4729 sea
1084 4674 1161 4728 τοντλ
1186 4672 1240 4743 γάρ
1265 4693 1309 4728 τοι
1334 4690 1365 4727 σε

88 4742 174 4811 μόνον
196 4744 302 4798 τούτων
326 4739 365 4799 ὧν
389 4744 502 4813 εἴρηκας
525 4748 667 4814 μακαρίζω
687 4778 719 4785 —-
740 4752 780 4800 lt.
802 4746 901 4799 eadem
920 4745 1073 4815 sententia,
1097 4762 1153 4814 qua
1172 4743 1366 4815 Aristagoram

91 4817 174 4883 poeta
188 4814 225 4868 ab
240 4814 437 4869 audacioribus
458 4816 605 4870 conatibus
624 4818 659 4870 ud
680 4818 861 4887 prudentium
877 4820 906 4871 et
919 4817 1087 4873 modestiam
1105 4819 1227 4886 revocat,
1246 4816 1366 4885 primam

140 4916 266 4957 humanus
281 4916 316 4957 ed.
329 4914 431 4955 Ohrlst.
1119 4912 1150 4959 21
