3417 5434
610 347 736 397 rauna
754 346 801 397 IV.
1281 343 1346 406 959

63 514 150 572 ficari
176 513 332 574 coniciam.
369 512 443 572 Inde
465 513 521 573 hcc
544 531 663 572 carmen
686 512 765 571 inter
783 515 846 571 467
868 515 899 571 et
917 515 990 590 463,
1013 512 1216 572 verisimiliter
1237 532 1262 572 a.
1283 516 1346 574 465

59 604 214 678 scriptum
238 621 302 662 esse
325 605 441 678 statuo;
469 601 518 661 cni
541 602 707 660 sententiae
730 621 841 680 magna
865 620 984 678 quoque
1008 602 1091 661 favet
1113 602 1278 662 similitudo
1304 623 1346 661 re-

59 713 129 750 rum
154 694 189 750 et
213 691 388 767 mythorum
410 691 441 748 in
464 691 519 750 hoe
542 693 573 750 et
595 691 627 748 in
650 691 843 750 antecedente
867 690 996 750 carmine
1026 690 1062 750 N.
1081 709 1116 748 111
1138 694 1346 750 tractatorum.

60 782 179 840 Contra
209 780 299 856 Leop.
324 779 471 857 Schmidt,
499 778 585 839 Pind.
608 779 680 839 Lab.
702 800 729 855 p.
749 791 801 838 447
826 800 861 839 ex
883 799 930 838 vv.
950 791 1038 838 41-3
1063 780 1184 858 collegit
1206 781 1262 840 hoc
1285 799 1347 840 car-

59 891 129 929 men
155 889 176 929 a
202 869 332 927 Pindaro
356 888 392 928 ea
415 871 515 928 aetate
539 869 684 944 scriptum
707 888 778 946 esse,
802 887 863 945 qua
886 868 1019 928 nondum
1043 869 1080 928 ad
1104 887 1254 928 summum
1274 870 1347 928 artis

59 972 90 1018 et
113 961 221 1018 famae
244 957 402 1036 fastigium
424 958 616 1034 pervenisset.

152 1049 191 1107 In
215 1047 335 1106 exordio
358 1051 520 1124 postquam
542 1050 632 1123 poeta
655 1047 717 1105 vim
739 1047 945 1107 recreatricem
968 1047 1066 1123 poesis
1090 1051 1159 1124 post
1177 1049 1347 1108 exantlatos

61 1139 185 1197 labores
206 1136 378 1196 certaminis
397 1137 563 1195 illustrarit
577 1127 686 1216 (1-8),
701 1136 806 1194 statim
824 1137 862 1195 ad
876 1137 1018 1196 victorias
1033 1137 1216 1197 Timasarchi
1231 1138 1348 1214 transit,

63 1247 142 1304 quas
173 1225 269 1286 etiam
296 1227 383 1301 pater
410 1225 488 1303 eius,
516 1225 542 1284 si
569 1226 726 1285 etiamtum
753 1225 832 1284 inter
859 1225 944 1286 vivos
971 1228 1061 1302 esset,
1090 1226 1197 1286 fidibus
1220 1229 1347 1304 caneret,

63 1316 119 1374 lilii
150 1315 285 1374 laudans
312 1333 437 1374 coronas
463 1314 584 1373 Nemeis
607 1318 638 1373 et
660 1314 894 1374 Atheniensibus
917 1320 948 1373 et
971 1314 1120 1374 Thebanis
1143 1315 1222 1375 ludis
1245 1319 1348 1392 partas

64 1396 197 1486 (9—24).
244 1403 354 1462 Thebis
381 1423 449 1462 curn
473 1404 684 1463 Timasarchus
710 1403 855 1463 Heraclea
882 1404 1014 1481 vicisset,
1042 1404 1180 1464 Herculis
1207 1408 1238 1464 et
1260 1404 1349 1464 Tela-

64 1495 166 1554 monis
193 1494 368 1553 societatem
392 1511 541 1552 armorum
566 1493 820 1570 gloriosissimam,
840 1493 961 1554 Troiam
984 1497 1194 1572 expugnatam,
1213 1494 1348 1569 Meropes

65 1584 219 1660 devictos,
242 1582 429 1658 Alcyonaum
455 1585 631 1658 superatum
661 1582 810 1642 succincte
837 1583 930 1641 refert
953 1574 1098 1664 (ao-3⁴2).
1143 1583 1209 1642 Iam
1231 1583 1268 1642 ab
1292 1584 1348 1642 hac

64 1673 173 1731 fabula
197 1672 319 1750 longius
342 1672 547 1747 persequenda
570 1691 600 1731 se
623 1674 757 1749 revocat,
781 1674 817 1729 ut
839 1690 911 1731 suae
936 1671 1009 1730 artis
1033 1673 1129 1750 legem
1153 1674 1274 1732 secutus
1298 1672 1348 1731 ob-

64 1765 268 1821 trectatorum
292 1760 450 1820 calumniis
472 1760 590 1820 reiectis
614 1760 727 1839 ingenii
749 1760 833 1819 detes
857 1760 913 1820 sibi
937 1763 1046 1819 natura
1065 1761 1215 1840 ingenitas
1234 1762 1349 1838 pandat

64 1842 216 1932 (33-46).
260 1849 310 1908 Sic
333 1849 386 1908 ubi
410 1850 496 1926 quasi
519 1850 614 1909 altero
637 1849 788 1925 prooemio
812 1850 893 1908 viam
916 1850 955 1909 ad
977 1850 1265 1927 reliquampartem
1288 1851 1347 1926 epi·

64 1940 136 1999 nicii
155 1938 369 2016 perficiendam
393 1938 451 1997 sibi
473 1939 600 2016 pararit,
620 1939 836 2017 Aeginetarum
859 1939 984 1998 hereum
1002 1959 1073 2016 opes
1093 1959 1183 2016 quam
1202 1940 1347 1998 latissime

65 2029 205 2104 patuisse
230 2027 364 2104 exponit:
389 2027 543 2086 Salamina
566 2027 708 2104 Cypriam
731 2047 750 2086 a
773 2027 887 2088 Teucro
912 2028 1064 2089 conditam
1087 2047 1158 2106 esse,
1183 2029 1282 2088 albam
1305 2029 1349 2087 in-

67 2119 167 2176 sulam
192 2117 281 2194 ponti
303 2116 415 2174 Euxini
438 2117 475 2175 ab
498 2116 615 2176 Achille
639 2117 743 2192 teneri,
767 2116 887 2177 Thetidi
910 2117 1052 2176 Phthiam
1071 2117 1273 2177 Thessalicam
1297 2137 1348 2194 pa-

66 2207 173 2285 ruisse,
198 2206 231 2264 in
254 2205 346 2282 Epiro
369 2205 561 2283 Neoptolemi
584 2205 756 2284 progeniem
778 2225 913 2284 regnare,
936 2206 1060 2266 Peleum
1078 2207 1192 2266 Iolcum
1211 2227 1349 2286 regnum-

67 2316 124 2372 que
148 2295 260 2372 perfidi
283 2294 388 2353 Acasti
411 2314 609 2374 expugnasse3
633 2295 760 2371 denique
783 2296 916 2373 longius,
940 2296 1029 2354 utin
1053 2296 1246 2374 carminibus,
1271 2315 1349 2373 quae

68 2385 230 2444 iuvenibus
254 2384 293 2443 ad
315 2385 431 2443 faustos
459 2385 638 2460 hymenaeos
661 2385 720 2442 iam
745 2385 969 2460 adspirantibus
992 2385 1119 2462 scripsit,
1143 2387 1239 2445 facere
1264 2387 1348 2464 solet,

68 2475 197 2550 nuptias
220 2473 302 2533 Pelei
325 2478 355 2533 et
374 2473 509 2533 Thetidis
532 2473 604 2532 deae
627 2473 817 2550 persequitur
839 2466 984 2556 (et-72).
1017 2475 1088 2534 lnde
1112 2475 1165 2533 ubi
1188 2493 1218 2534 se
1242 2476 1281 2533 ad
1303 2493 1349 2535 res

67 2566 242 2638 praesentes
271 2567 302 2621 et
328 2562 433 2621 laudes
463 2562 585 2622 victoris
615 2563 739 2639 eiusque
768 2563 866 2640 gentis
896 2565 1060 2642 revocavit,
1091 2563 1348 2624 Theandridarum

68 2653 220 2712 virtutum
244 2650 375 2730 insignia
403 2652 581 2711 documenta
605 2650 753 2728 Olympiis
781 2652 915 2712 Isthmiis
942 2653 1062 2712 Nemeis
1090 2657 1205 2713 exstare
1232 2654 1348 2729 praedi-

69 2746 125 2818 cat,
150 2741 297 2801 avunculi
320 2740 453 2800 Calliclis
475 2741 632 2800 victoriam
655 2740 829 2800 Isthmicum
850 2743 983 2819 praemio
1002 2743 1119 2820 poetico
1138 2743 1228 2801 Paria
1246 2746 1349 2801 statua

69 2831 187 2906 potiore
211 2829 333 2908 dignam
357 2849 419 2890 esse
443 2831 565 2907 fatetur,
589 2829 716 2906 denique
739 2831 879 2890 Melesiae
903 2832 1015 2908 aliptae
1039 2832 1248 2892 dexteritatem
1275 2832 1348 2890 ima-

69 2921 137 2997 gine
161 2940 181 2979 a
205 2920 287 2979 lucta
310 2919 407 2995 petita
430 2920 474 2977 ita
496 2920 638 2996 illustrat,
661 2922 698 2977 ut
721 2919 810 2978 simul
832 2921 1020 2998 Euphanem,
1044 2939 1133 2980 arum
1155 2920 1347 2999 Timasarchi,

69 3009 205 3083 poeticae
235 3008 309 3067 artis
337 3009 441 3068 laurea
468 3027 577 3069 corona
605 3012 690 3068 ornet
713 3041 755 3050 -
779 3009 936 3069 Uberrima
963 3029 1063 3068 rerum
1086 3010 1116 3068 in
1140 3010 1195 3071 hoc
1219 3011 1347 3070 carmine

71 3100 276 3174 expositarum
298 3097 386 3175 copia
408 3098 476 3156 inde
500 3099 627 3157 maxime
650 3101 723 3156 nata
750 3101 808 3176 est,
838 3099 918 3175 quod
941 3102 1031 3175 poeta
1053 3119 1114 3159 non
1137 3099 1167 3158 in
1191 3119 1252 3159 una
1276 3120 1348 3177 qua-

70 3186 138 3245 dam
161 3187 269 3246 fabula
292 3187 441 3245 namanda
464 3189 598 3247 meratus
621 3189 679 3263 est,
709 3187 759 3246 sed
783 3188 821 3245 ad
844 3187 944 3247 varias
968 3188 1087 3246 fabulas
1111 3188 1236 3248 deflexit.
1283 3189 1348 3248 Hac

71 3275 100 3332 in
123 3297 155 3335 rc
180 3275 369 3335 simillimum
391 3277 446 3335 hoe
470 3295 589 3335 carmen
612 3280 657 3334 est
680 3277 845 3335 carminum
868 3277 905 3335 N.
926 3295 967 3336 111.
987 3297 1026 3336 vr,
1046 3297 1074 3336 x.
1104 3275 1221 3357 O.x111,
1246 3279 1347 3337 eodem

72 3364 131 3424 fere
155 3369 291 3441 tempore
315 3365 478 3442 factorum,
502 3364 654 3442 dissimile,
678 3368 714 3424 ut
737 3366 801 3426 sola
823 3365 1000 3444 Aeginetica
1023 3387 1262 3445 commemorem,
1285 3387 1348 3426 oar-

73 3453 188 3513 minum
208 3452 242 3514 Ο.
261 3473 325 3512 vm.
348 3455 385 3514 N.
404 3473 432 3514 v.
456 3455 478 3512 l.
498 3473 525 3512 v.
546 3473 609 3513 v111.
647 3454 753 3530 Neque
776 3455 906 3514 defuisse
929 3455 989 3514 iam
1013 3456 1092 3515 inter
1114 3458 1255 3534 aequales
1279 3457 1348 3515 Pin-

72 3543 148 3622 dari,
179 3543 289 3620 quibus
317 3544 390 3603 haec
416 3563 516 3602 rerum
545 3543 730 3603 abundantia
758 3548 789 3602 et
815 3544 955 3603 subitarii
983 3546 1128 3604 transitus
1156 3546 1193 3604 ab
1222 3565 1283 3605 una
1311 3546 1348 3604 ad

75 3631 164 3692 aliam
189 3632 324 3691 fabulam
347 3633 548 3710 displicerent,
572 3653 607 3691 ex
629 3633 764 3692 versibus
787 3633 825 3693 N.
844 3653 877 3693 1v
900 3645 1004 3692 33-43
1028 3635 1242 3714 cognoscimus,

616 3788 661 3853 De
682 3788 805 3854 metris.

159 3900 308 3960 Carminis
325 3899 415 3958 huius
433 3899 598 3959 dulcissimi
616 3901 696 3960 modi
715 3905 786 3959 sunt
804 3901 893 3977 Lydii
908 3893 950 3983 (v.
964 3895 1021 3984 45),
1037 3903 1153 3962 numeri
1172 3902 1347 3980 logaoedici,
1378 3899 1380 3902 ’

75 3987 183 4048 similes
207 3989 347 4048 carminis
372 3987 405 4048 Ο.
425 4009 465 4066 rx,
488 3990 546 4048 nisi
570 3989 650 4065 quod
674 3990 728 4050 hcc
752 4010 871 4049 carmen
895 3991 989 4066 epodo
1013 3995 1094 4050 caret
1113 3995 1143 4050 et
1164 3994 1259 4050 metra
1283 3991 1347 4050 eius

73 4079 229 4152 graciliora
249 4079 411 4155 eademque
430 4079 581 4154 apertiora
601 4082 679 4138 sunt.
708 4079 820 4139 Versus
839 4081 918 4140 enirn
939 4099 1039 4140 omnes
1058 4081 1146 4140 facile
1166 4080 1196 4138 in
1211 4080 1347 4156 dipodias

74 4165 114 4224 ita
131 4169 225 4228 dividi
246 4172 379 4245 possunt,
399 4171 435 4226 ut
453 4168 591 4243 tripodiis
609 4168 668 4227 nisi
687 4169 718 4226 in
737 4169 881 4228 clausulis
904 4188 1045 4229 versuum
1069 4170 1151 4230 locus
1174 4189 1234 4228 non
1258 4170 1346 4229 relin-

75 4261 191 4328 quatur.
223 4257 343 4316 Tertius
362 4275 465 4316 versus
485 4258 632 4334 quomodo
657 4257 833 4317 dividendus
858 4259 905 4336 sit,
929 4258 1039 4317 indicio
1063 4262 1109 4318 est
1132 4277 1255 4318 caesura
1278 4263 1347 4334 post

75 4349 208 4406 octavam
221 4346 369 4422 syllabam
386 4346 418 4404 in
438 4346 574 4405 omnibus
594 4346 724 4424 strophis
742 4351 861 4422 praeter
874 4347 1032 4424 septimam
1046 4348 1211 4422 observata.
1240 4348 1346 4406 Ultimi

76 4450 173 4496 versus
191 4436 288 4512 prima
308 4435 425 4511 syllaba
443 4456 502 4495 non
522 4437 675 4495 anacrusis
689 4436 753 4495 vice
772 4437 868 4516 fungi,
883 4437 933 4496 sed
949 4440 1065 4513 partem
1079 4437 1192 4514 primae
1208 4437 1345 4512 dipodias

75 4522 184 4585 efficere
211 4524 340 4584 videtur.
386 4524 463 4583 Tota
492 4524 523 4583 in
553 4526 676 4601 stropha
704 4527 906 4602 componenda
937 4546 1003 4586 eam
1030 4526 1126 4605 legem
1154 4527 1344 4602 symmetriae

77 4617 159 4684 poeta
186 4617 306 4673 secutus
334 4617 391 4690 est,
421 4617 458 4672 ut
487 4615 616 4674 mediam
639 4617 756 4691 partem
778 4616 975 4692 principalem
998 4635 1032 4675 ex
1057 4618 1188 4692 quatuor
1210 4615 1345 4674 versibus

77 4706 257 4762 constantem
284 4694 345 4783 (vv.
365 4694 450 4784 3—6)
474 4703 646 4762 bimembris
673 4704 810 4780 partibus
838 4705 943 4764 dextra
971 4697 1032 4786 (vv,
1054 4702 1137 4784 1—2)
1166 4709 1196 4763 et
1225 4705 1346 4763 sinistra

78 4777 395 4873 (vv.7—8)cinge1·et.
428 4792 472 4850 De
496 4793 652 4871 affinitate,
676 4813 753 4869 quae
776 4794 855 4853 inter
878 4797 974 4853 metra
997 4795 1085 4854 huius
1110 4795 1182 4853 odae
1207 4797 1238 4851 et
1263 4793 1296 4853 Ο,
1318 4813 1346 4852 rx

1085 4893 1136 4946 17*
