3417 5434
629 351 787 402 onruprs
806 351 826 403 ι.
870 415 873 420 ,

301 515 405 578 ἄπυεν
427 513 642 597 βαρύκτυπον

220 636 255 686 75
303 620 519 706 Εὐτρίαιναν·
544 619 561 685 ὁ
586 618 617 683 δ’
644 618 732 707 αὐτῷ

300 728 367 812 πὰρ
390 724 469 791 ποδὶ
492 727 611 810 σχεδὸν
635 725 734 810 φάνη.

300 843 345 920 τῷ
369 829 430 917 μὲν
453 828 535 898 εἶπε·
583 836 684 897 Φίλια
707 833 799 917 δῶρα

344 942 497 1026 Κυπρίας
519 937 572 1022 ἄν’
598 945 631 1003 εί
651 961 696 1022 τι,
721 939 938 1021 Ποσεί-ἄαον,
962 937 995 1013 ές
1017 938 1115 1024 χάριν
1190 955 1241 1003 120

301 1044 460 1129 τέλλεται,
483 1043 628 1111 πέδασον
652 1048 745 1129 ἔγχος
771 1044 964 1130 Οίνομάου-
976 1045 1130 1128 χάλκεον,

301 1150 354 1237 ἐμὲ
378 1151 410 1217 d’
437 1151 489 1217 aa
512 1153 703 1238 ταχυτάτων
726 1155 892 1237 πόρευσον
915 1151 1071 1238 ἁρμάτων
1190 1168 1240 1216 125

219 1277 254 1326 80
301 1259 334 1336 ές
351 1255 458 1343 Ἆλιν,
481 1259 592 1346 κράτει
615 1256 652 1324 δὲ
674 1257 827 1324 πέλασον.

301 1365 369 1431 ἐπεὶ
391 1378 480 1451 τρεῖς
502 1389 536 1431 τε
559 1364 613 1431 καὶ
637 1364 705 1431 δέκ’
732 1367 857 1452 ἄνδρας
880 1363 1011 1440 ὀλέσαις

301 1482 447 1558 ματῆρας
471 1471 689 1556 ἀναβάλλεται
712 1473 819 1557 γάμον

1021 1667 1088 1733 Ἐπ.
1111 1667 1153 1751 μ’.

301 1778 487 1861 θυγατρός·
525 1773 666 1859 ὑμένας
689 1771 726 1840 δὲ
749 1778 818 1840 κίν-

345 1883 447 1959 δυνος
469 1884 608 1947 ἄναλκιν
632 1883 672 1947 οὐ
695 1893 790 1966 φῶτα
814 1882 983 1966 λαμβάνει.
1187 1898 1238 1948 130

301 1995 421 2054 θανεῖν
444 1987 476 2054 d'
501 1980 590 2054 οἷσιν
613 1988 712 2072 ἀνάγ-

345 2119 400 2179 κα,
423 2099 459 2160 τί
479 2094 518 2160 κέ
538 2119 588 2172 τις
611 2095 789 2180 ἀνώνυμον

219 2219 256 2268 85
302 2212 404 2288 γῆρας
427 2201 463 2267 ἐν
486 2205 591 2290 σκότῳ
615 2204 802 2287 καθήμενος
825 2201 916 2280 έ-ψοι
939 2202 1062 2286 μάταν,

304 2309 459 2374 ἁπάντων
481 2314 592 2375 καλῶν
807 2393 809 2400 Ι

346 2417 505 2499 ἄμμορος;
529 2413 601 2481 ἄλλ’
628 2414 698 2500 ἐμοὶ
722 2413 782 2500 μὲν
806 2411 905 2493 οὗτος
926 2417 1047 2492 ἄεθλος
1191 2432 1241 2481 135

301 2523 522 2588 ὑποκείσεται·
546 2525 585 2587 τὺ
609 2519 646 2587 δὲ
669 2521 803 2608 πρᾶ-ξιν
822 2527 926 2606 φίλαν
949 2524 1047 2587 δίδοι.

161 2737 199 2786 75.
223 2729 387 2800 revelasses
411 2733 494 2804 Byaz
519 2729 716 2803 είιρυτρίαιναν
735 2731 858 2787 ABOD
877 2763 910 2772 —-
934 2737 975 2785 76.
1000 2731 1092 2802 ἐφάνη
1111 2735 1138 2787 Α
1163 2765 1196 2773 -
1222 2739 1263 2790 77.
1289 2733 1364 2789 ἔειπε

104 2802 148 2856 ίΙ)
168 2836 200 2844 -
223 2804 254 2858 εί
272 2823 316 2858 τοι
342 2803 365 2860 0
385 2835 418 2844 -
443 2808 485 2859 le.
510 2803 601 2875 ἔγχοςι
626 2802 704 2868 ἔντος
725 2803 905 2858 Ammonium
929 2803 1031 2874 legisse
1054 2821 1088 2858 ex
1111 2804 1225 2858 scholiis
1249 2805 1366 2876 collegit

102 2871 173 2927 Lehra
186 2874 380 2930 Pindarschol.
401 2891 425 2928 ro
440 2906 472 2915 -
492 2881 534 2930 80.
555 2875 594 2938 είς
608 2876 638 2929 D
653 2907 684 2916 -—
700 2871 782 2930 αὖλιν
798 2875 821 2930 0
837 2907 871 2914 -
890 2879 933 2930 81,
953 2874 1067 2939 ὀλέσσας
1080 2878 1108 2931 A
1126 2907 1159 2916 -
1180 2883 1221 2930 82.
1242 2885 1368 2947 ματῆρας

104 2945 163 2999 coni.
181 2945 274 3017 Bergk
292 2945 397 3001 collato
417 2947 496 3001 Hom.
511 2966 540 3000 11
554 2963 605 3002 aas:
630 2955 788 3016 μναστῆρας
811 2949 918 3016 (aanor.
941 2946 983 3006 D)
1000 2947 1133 3016 ABOD,
1153 2947 1274 3017 ἐρῶντας
1296 2949 1366 3019 Byr.

103 3019 127 3068 et
145 3016 272 3072 Philostr.
292 3018 378 3086 imag.
396 3037 407 3070 1
425 3035 451 3072 so
474 3050 509 3058 —
533 3023 574 3073 84.
602 3014 674 3072 οἶσιν
692 3017 747 3073 D²=
768 3015 809 3079 οἷς
827 3018 962 3073 ABGD¹
982 3049 1013 3056 -
1033 3015 1060 3072 τί
1078 3018 1200 3075 B¹o¹D
1217 3022 1247 3074 et
1265 3019 1366 3074 schol:

103 3085 131 3138 τὰ
147 3089 261 3145 AB¹G¹
280 3093 309 3144 et
328 3089 411 3160 Greg.
430 3088 490 3144 Cor.
511 3107 537 3158 p.
553 3105 600 3146 sia.
616 3105 655 3144 aaa
673 3122 707 3128 -
727 3095 769 3143 86.
790 3089 905 3158 ἄμοιρος
923 3088 953 3142 D
973 3121 1005 3129 -
1082 3153 1089 3162 ⁹

107 3229 227 3286 auxilium
255 3233 285 3287 in
313 3232 406 3287 medio
433 3231 547 3285 flumine
574 3231 612 3284 im
633 3230 743 3286 lorante
770 3236 868 3286 narrat
891 3231 921 3286 Ο,
942 3251 970 3284 v1
988 3247 1022 3287 ss.
1070 3232 1157 3288 Grato
1179 3249 1249 3292 vero¹
1275 3233 1367 3287 colore

107 3301 245 3378 orationem
264 3304 413 3358 fabulosae
426 3251 653 3358 narratiunouiie
672 3305 758 3373 poeta
775 3303 869 3372 tinxit,
889 3302 964 3372 quod
983 3302 1082 3373 solum,
1101 3304 1177 3371 quod
1190 3304 1368 3359 tenebricosa

108 3387 130 3423 ια
146 3376 233 3444 nocte,
259 3375 336 3443 quod
361 3374 504 3445 nigricans
530 3375 567 3428 ad
593 3391 669 3429 mare
695 3374 763 3429 Pelo
800 3393 829 3427 m
854 3375 1034 3430 accedentem
1056 3375 1150 3444 finxit,
1170 3375 1254 3430 deum
1272 3377 1368 3430 autem

106 3442 201 3498 nomine
223 3463 280 3500 non
304 3445 402 3501 addito
429 3445 546 3516 pulchro
568 3445 691 3501 tridente
710 3449 739 3500 et
783 3445 870 3500 emitu
890 3445 1019 3515 aequoris
1038 3446 1226 3501 adumbravit.
1264 3445 1369 3502 Contra

106 3516 281 3579 portentosum
304 3517 335 3571 in
357 3517 471 3572 modum
500 3515 620 3570 similem
643 3517 771 3571 fabulam
797 3517 980 3588 exaggeravit
1003 3517 1119 3571 Nonnus
1147 3517 1261 3588 Dionys.
1285 3537 1368 3572 xxxiv

107 3599 138 3638 isa
154 3603 185 3639 ss.
209 3620 241 3628 -
266 3593 307 3643 78.
333 3589 411 3658 ἔγχος
434 3587 564 3660 χάλκεον·
589 3588 673 3642 hasta
697 3588 870 3643 Oenomaum
892 3588 1061 3643 instructum
1085 3588 1167 3657 fecit,
1195 3592 1228 3644 ut
1254 3607 1309 3644 non
1334 3589 1369 3644 de

107 3652 200 3711 ludicra
217 3676 328 3727 corona,
349 3659 398 3713 sed
417 3659 452 3714 de
470 3660 530 3713 vita
549 3661 690 3714 certamen
709 3660 835 3714 futurum
854 3659 1034 3729 significaret,
1053 3677 1142 3715 aenea
1160 3663 1256 3715 autem
1277 3662 1368 3728 hasta,

108 3727 171 3790 quod
187 3729 283 3785 heroes
302 3731 484 3800 hominesque
508 3731 594 3802 prisci
618 3731 681 3785 aevi
704 3731 811 3799 aeneis,
835 3748 893 3785 non
915 3731 1012 3786 ferreis
1032 3730 1116 3786 armis
1135 3731 1178 3786 nti
1196 3733 1367 3786 ferebantur.

108 3793 199 3878 Notata
216 3802 419 3872 rcraslignnm
438 3805 489 3870 est,
508 3803 583 3870 quod
603 3803 689 3857 etiam
707 3803 737 3857 in
755 3807 891 3874 tympano
909 3801 1059 3873 principali
1078 3803 1157 3858 aedis
1175 3802 1254 3857 Jovis
1274 3801 1368 3872 Olym·

110 3883 158 3934 pici
170 3869 336 3927 Oenomaum
352 3875 382 3928 et
394 3873 527 3944 Pelopem
541 3874 654 3928 hastam
667 3891 752 3928 manu
767 3877 895 3929 tenentes
906 3873 1008 3928 artifex
1022 3874 1111 3942 finxit,
1120 3874 1244 3942 Pindari,
1261 3873 1368 3943 opinor,
1393 3869 1401 3881 ’

110 3935 171 3992 hunc
188 3942 277 3998 locum
295 3948 407 3999 secutus
430 3978 458 3986 -
482 3949 522 4000 79.
542 3945 717 4000 celeritatem
735 3963 830 4000 eumue
848 3947 921 4000 bene
939 3945 1062 3999 numeris
1080 3945 1210 3999 iambicis
1225 3947 1254 3999 et
1268 3944 1368 3998 solutis

109 4007 318 4093 longislsyllabis
337 4019 422 4086 poeta
439 4016 576 4085 imitatur,
595 4021 628 4070 ut
645 4017 719 4070 infra
738 4035 763 4073 v.
778 4033 811 4072 ea.
832 4050 865 4058 —
885 4022 927 4071 81.
947 4016 1093 4071 'l'redecim
1110 4033 1209 4086 procos
1224 4015 1260 4070 ab
1275 4015 1367 4070 Oeno-

109 4097 162 4134 mao
188 4089 346 4141 interemtos
373 4087 419 4142 hie
447 4091 476 4142 et
506 4086 536 4141 in
562 4087 662 4142 threno
689 4089 722 4142 fr.
746 4105 785 4143 isa
812 4089 951 4143 Pindarus
981 4091 1079 4142 narrat
1106 4104 1225 4156 eumque
1252 4091 1365 4141 secutus

46 4199 53 4225 χ
110 4148 287 4226 Philostmtus,
306 4158 484 4229 imagg.11r.
512 4159 543 4212 ln
563 4161 624 4212 tota
643 4159 696 4213 hae
714 4159 812 4214 fabula
831 4163 860 4214 et
878 4160 998 4214 fortasse
1017 4160 1104 4214 etiam
1122 4159 1151 4212 in
1170 4175 1284 4212 numero
1303 4176 1368 4228 pro-

54 4236 65 4275 l
110 4237 190 4278 corum
206 4227 325 4284 Pindaro
342 4229 496 4299 praeivisse
515 4229 668 4284 Hesiodum
687 4231 717 4284 in
735 4230 845 4301 magnis
864 4230 947 4285 Eoeis
966 4231 1121 4285 Pausanias
1139 4249 1165 4282 vr
1184 4231 1368 4298 sr,1otesta-

71 4300 80 4387 “,
111 4293 148 4345 lm
164 4327 192 4338 -
210 4303 251 4354 82.
269 4299 389 4355 ἄναλκιν
408 4303 440 4356 οὐ
459 4311 540 4371 φῶτα
559 4300 706 4375 λαμβάνει·
727 4302 875 4370 quominus
894 4302 1026 4368 ἄναλκιν,
1050 4302 1083 4355 οὐ
1104 4310 1185 4371 φῶτα
1208 4300 1368 4371 distinguas

112 4367 277 4436 interpretans
291 4371 416 4443 periculo
430 4389 533 4442 magno
548 4371 675 4441 inertem,
693 4390 749 4427 non
769 4376 913 4427 strenuum
931 4373 1022 4427 virum
1040 4371 1169 4443 porcelli,
1189 4370 1308 4442 impedit
1325 4372 1368 4427 vis

46 4475 48 4488 2
113 4439 222 4514 vocabuli
239 4441 346 4514 φωτός,
365 4444 441 4513 quod
459 4443 608 4512 hominem,
627 4461 683 4498 non
701 4444 843 4499 hominem
861 4445 966 4498 virtute
984 4444 1086 4498 horoas
1105 4447 1274 4512 aequantem
1292 4461 1310 4498 a
1330 4444 1369 4497 ud

46 4533 48 4572 3
115 4499 242 4567 ffindarum
266 4514 419 4584 significat;
448 4531 534 4584 quare
557 4515 693 4588 λαμβάνει
721 4515 811 4570 simile
837 4515 972 4584 quiddam
1002 4518 1087 4583 atque
1113 4514 1247 4584 λαγχάνει
1273 4463 1369 4570 veiam

126 4579 176 4632 stus
200 4583 376 4656 interpretor:
403 4602 537 4657 magnum
584 4586 719 4641 erieulum
746 4587 866 4642 inertem
892 4587 1034 4641 hominem
1061 4604 1118 4641 non
1145 4585 1274 4639 admittit
1301 4586 1319 4641 i,
1344 4603 1368 4647 e.

123 4652 202 4718 etpuit
217 4688 250 4697 -
267 4660 310 4712 85.
332 4655 362 4712 ἐν
381 4654 468 4730 σκότῳ
486 4678 523 4712 κα
566 4677 649 4728 μενος
668 4656 743 4726 ἕψοι·
764 4658 797 4713 cf.
813 4659 833 4714 Ι,
849 4675 870 4727 a,
885 4675 911 4714 ιο
928 4656 1003 4730 ἥβαν
1021 4659 1074 4712 οὐκ
1093 4658 1211 4726 ἄπειρον
1229 4657 1286 4711 ὑπὸ
1322 4663 1367 4732 ειᾷ

47 4735 63 4792 χ·
120 4723 189 4796 <clav
211 4726 348 4798 δάμασεν,
375 4729 509 4784 P.1v186
532 4729 622 4784 αἰῶνα
649 4729 786 4784 πέττοντα
811 4763 843 4770 -
868 4731 985 4799 πρᾶξιν,
1008 4732 1152 4799 eventum,
1176 4745 1283 4797 quaee
1322 4745 1367 4784 em

48 4823 49 4831 ι
118 4804 150 4841 ιιι
166 4796 233 4850 verbi
250 4803 295 4854 ast
313 4817 357 4868 ap.
377 4799 458 4854 Hom.
477 4801 559 4856 Ωεει
577 4831 610 4841 -
