3417 5434
460 1111 959 1287 naumurum.

689 1376 730 1434 A‘.

384 1542 646 1627 ΙΕΡΩΝΙ
696 1542 1038 1631 ΑΙΤΝΑΙΩι

636 1738 779 1792 ΑΡΜΑΤΙ.

618 2021 797 2092 strophae.

156 3782 218 3843 Hao
241 3782 308 3861 oda,
331 3802 392 3860 qus
414 3783 491 3842 nihil
513 3783 658 3843 excelsius
680 3784 768 3843 Musa
790 3784 886 3860 lyrica
908 3786 1087 3864 procreavit,
1111 3786 1260 3849 Pindarus
1283 3789 1343 3866 Py-

88 3866 163 3929 thiam
174 3872 332 3932 victoriam
346 3873 384 3932 ab
398 3872 528 3934 Hierone
541 3892 612 3952 rege
626 3873 814 3950 Syracusano
829 3874 985 3953 quadrigis
1000 3876 1086 3953 Pyth.
1104 3880 1143 3937 29
1160 3882 1344 3955 reportatam

89 3954 207 4040 illustrat,
226 3961 313 4021 ouius
329 3962 472 4023 victoriae
493 3962 523 4021 in
539 3962 682 4023 honorem
697 3962 922 4022 celeberrimum
939 3983 1059 4041 quoquo
1077 3986 1232 4027 nummum
1253 3968 1343 4043 Syra-

89 4064 210 4109 cusanum
223 4071 292 4111 oum
306 4052 461 4129 quadrigis
473 4051 646 4111 victricibus
657 4070 818 4128 procusum
832 4072 894 4112 esse
908 4053 1017 4112 ferunt.
1033 4054 1146 4124 Quodsi
1158 4056 1234 4115 hano
1247 4056 1343 4135 odam,

88 4152 140 4196 tun
159 4140 320 4219 quadrigae
342 4160 404 4201 una
427 4160 496 4201 oum
519 4140 626 4219 auriga
649 4145 680 4201 et
702 4141 820 4217 reliqua
842 4145 963 4202 caterva
982 4162 1000 4201 a
1020 4143 1145 4204 Graecia
1180 4145 1343 4221 Syracusas

89 4225 228 4308 rediissent,
251 4230 370 4307 aliquot
389 4230 541 4291 mensibus
560 4232 629 4308 post
646 4230 805 4290 victoriam
823 4230 920 4307 ipsam
938 4232 1035 4292 hieme
1054 4234 1101 4293 uel
1120 4254 1187 4295 vere
1206 4236 1341 4311 proximo

89 4320 214 4378 anteum
244 4338 308 4379 esse
338 4320 543 4380 existimamus
573 4323 605 4379 et
632 4320 840 4381 Boeekhianas
869 4320 1000 4381 rationes
1031 4322 1127 4381 secuti
1159 4316 1200 4403 (r.
1224 4324 1341 4404 Proleg.

90 4400 190 4489 trinu)
214 4408 393 4484 Pythiadem
417 4412 457 4469 29
481 4410 513 4468 in
544 4408 701 4487 01.76,3
726 4434 768 4456 =
793 4412 857 4469 474
882 4429 907 4469 a.
928 4409 994 4470 Ohr.
1018 4411 1146 4473 incidere
1170 4414 1341 4494 statuimus,

91 4495 167 4554 onnia
192 4498 289 4558 multo
319 4498 426 4558 melius
456 4498 619 4576 quadrant,
650 4517 742 4574 quam
771 4498 797 4557 si
826 4500 951 4577 Bergkii
979 4501 1110 4562 calculos
1140 4505 1236 4563 seouti
1265 4505 1342 4564 haue

91 4580 157 4644 odam
179 4587 217 4646 ad
241 4586 287 4647 01.
309 4590 397 4666 77‚3
427 4613 469 4635 =
498 4591 563 4649 470
591 4607 617 4647 a.
642 4586 709 4646 Cirr.
732 4588 929 4648 reiecerimus.
983 4590 1118 4651 Primum
1150 4593 1229 4652 enim
1261 4594 1347 4671 quod.

90 4666 158 4734 Hiero
177 4677 208 4735 in
230 4676 279 4735 his
300 4677 380 4736 ludis
402 4679 571 4737 Aetnaeum
595 4669 755 4759 (P.132)‚
779 4677 810 4736 in
833 4678 961 4739 victoria
984 4676 1030 4739 01.
1051 4684 1090 4740 77
1116 4681 1340 4759 Syracusanum

91 4749 153 4837 (0.1
171 4760 217 4849 24)
245 4787 276 4828 se
303 4766 470 4828 renuntiari
497 4767 598 4846 iussit,
625 4767 682 4826 hoo
709 4786 829 4827 carmen
855 4767 890 4827 P.
913 4787 924 4826 1
947 4789 1006 4829 non
1033 4770 1122 4851 longe
1155 4772 1192 4831 ab
1225 4773 1339 4853 origine
