3417 5434
353 345 418 408 244
823 349 972 398 crunam
993 347 1158 399 arrarum.

354 514 563 573 Timodemum
581 514 686 574 vicisse
705 514 773 572 inde
792 514 911 591 colligo,
931 513 1012 589 quad
1029 518 1095 572 tum
1113 514 1174 571 iam
1191 513 1336 589 Pythium
1359 515 1509 572 certamen
1532 515 1622 572 subire

352 603 516 662 meditatus
539 621 602 662 esse
626 603 737 661 dicitur
761 598 802 683 (v.
822 595 862 682 9).

443 692 575 751 Carmini
594 693 691 751 forma
709 692 854 768 prooemii
869 695 923 768 est,
938 711 999 767 qua
1013 695 1103 767 poeta
1117 692 1204 769 cives,
1218 695 1254 750 ut
1269 691 1476 750 Timademam
1489 693 1624 752 victorem

354 802 373 840 a
390 782 547 841 Nemeaeis
570 781 650 839 ludis
673 782 847 840 redeuntem
866 781 1082 859 gratulabundi
1101 781 1259 858 accipiant,
1279 780 1460 840 cohortatur.
1498 781 1532 840 In
1549 783 1622 858 prin-

354 871 432 948 cipia
457 871 664 930 Timodemum
689 871 733 928 ait
756 871 895 929 similiter
918 873 1008 946 atque
1032 869 1209 930 Homeridas
1232 889 1251 927 a
1273 870 1356 947 Iove,
1381 870 1460 946 quod
1483 869 1622 930 Nemeaea

353 961 434 1020 Iovis
458 979 542 1020 sacra
565 959 678 1036 vicerit,
702 959 824 1018 initium
847 979 951 1036 capere
975 951 1084 1040 (1—5).
1130 959 1202 1019 Inde
1226 959 1335 1018 bonam
1358 978 1440 1034 spem
1464 978 1539 1038 esse,
1566 961 1620 1019 fore

352 1052 389 1107 ut
410 1070 480 1109 mox
502 1050 578 1108 alias
598 1069 717 1126 quoque
736 1050 877 1108 victorias
896 1049 1053 1107 Isthmicos
1073 1052 1103 1108 et
1120 1049 1246 1124 Pythias
1265 1053 1474 1126 consequatur,
1499 1051 1620 1126 quando-

353 1139 474 1215 quidem
497 1139 613 1214 patriae
637 1139 710 1215 eius,
734 1141 764 1197 et
791 1138 935 1214 adoptiva
958 1141 988 1197 et
1011 1138 1150 1216 genuina,
1174 1138 1307 1197 virorum
1329 1137 1455 1197 fortium
1477 1141 1566 1214 atque
1587 1140 1620 1196 ad

353 1229 503 1304 pancratii
523 1228 640 1288 labores
655 1227 844 1287 sustinendos
858 1227 1008 1286 factorum
1022 1227 1142 1286 altrices
1157 1227 1225 1304 sint,
1245 1231 1275 1286 et
1289 1227 1401 1286 multas
1415 1228 1477 1286 ianr
1490 1228 1619 1288 victorias

352 1319 480 1377 maiores
512 1319 576 1375 eius
609 1317 733 1393 Delphis
762 1316 898 1376 Corinthi
925 1317 1054 1376 Nemeae
1082 1316 1209 1376 Athenis
1241 1317 1460 1392 reportaverint
1488 1309 1620 1397 (εὶ-24).

353 1407 468 1476 Quibus
496 1407 629 1465 victoriis
659 1407 848 1482 praedicatis·
867 1406 905 1464 ad
932 1410 1119 1482 praesentem
1142 1405 1298 1465 victoriam
1326 1405 1405 1464 redit
1427 1406 1506 1466 cives
1529 1408 1619 1466 cohar-

353 1499 445 1573 tatus,
468 1500 505 1554 ut
527 1496 671 1555 victorem
694 1495 831 1554 reducem
854 1515 965 1571 pompa
988 1499 1019 1555 et
1041 1495 1122 1554 dulci
1145 1498 1237 1554 cantu
1260 1495 1410 1570 excipiant
1433 1487 1580 1577 (at-25).

441 1585 590 1644 Prooemii
613 1585 741 1660 speciem
764 1585 834 1643 huic
858 1584 982 1643 carmini
1006 1603 1068 1644 esse
1093 1583 1153 1642 dixi
1177 1584 1315 1643 similiter
1338 1587 1428 1660 atque
1453 1584 1526 1644 odae
1546 1583 1576 1644 0.
1594 1604 1620 1642 x1
1675 1619 1676 1630 .

353 1679 383 1733 et
406 1675 525 1734 Horatii
553 1674 678 1733 carmini
701 1692 733 1732 rv
757 1685 780 1732 6.
828 1674 886 1732 Sed
916 1673 983 1733 inde
1012 1674 1186 1733 concludere
1214 1693 1273 1732 nan
1303 1673 1373 1731 licet
1400 1673 1484 1732 aliud
1512 1675 1621 1752 longius

352 1784 484 1840 carmen,
522 1764 603 1839 quod
634 1763 708 1822 iusti
740 1763 861 1840 epinioii
893 1763 1032 1822 canninis
1064 1767 1164 1839 partes
1197 1763 1370 1840 sustineret,
1399 1764 1536 1821 secutum
1558 1782 1619 1822 esse.

352 1853 463 1931 Longe
482 1854 561 1912 enim
589 1853 650 1910 alia
677 1856 787 1910 natura
814 1853 958 1928 prooemii
981 1853 1140 1912 Horatiani
1165 1855 1222 1928 est,
1251 1871 1310 1927 quo
1334 1854 1424 1927 poeta
1447 1852 1567 1912 chorum
1588 1853 1621 1910 ad

352 1947 474 2002 cantum
497 1942 693 2000 exercendum
715 1941 830 2018 incitat,
854 1945 946 2017 atque
969 1941 1058 2000 huius
1077 1941 1221 2017 prooemii
1240 1939 1399 2017 Pindarici,
1423 1960 1483 2015 quo
1503 1941 1621 2000 virtutes

353 2037 384 2090 et
406 2031 510 2090 laudes
532 2031 655 2091 victoris
678 2031 760 2107 ipsae
784 2031 845 2089 iam
869 2035 1063 2107 exponuntur.
1106 2031 1211 2106 Neque
1235 2029 1325 2106 Leop.
1350 2029 1508 2088 Schmidtii
1533 2025 1622 2112 (Pind.

352 2121 422 2180 Leb.
445 2140 472 2196 p.
493 2113 560 2202 517)
584 2121 732 2180 sententia
753 2121 810 2180 hoc
832 2119 960 2196 epinicia
983 2120 1093 2196 hymno
1117 2120 1165 2178 dei
1183 2119 1320 2197 praeludi
1340 2119 1539 2178 existimantis
1556 2120 1622 2178 mihi
1675 2177 1676 2190 ,

351 2210 510 2286 probatur,
539 2211 682 2286 quoniam
709 2211 763 2269 deo
791 2209 906 2287 primae
929 2229 988 2269 nan
1012 2209 1158 2268 secundae
1187 2211 1287 2284 partes
1311 2207 1404 2267 tribui
1428 2209 1565 2268 solebant
1585 2203 1622 2290 (r.

353 2299 386 2359 0.
402 2319 433 2360 v1
448 2291 506 2379 88).
538 2299 651 2358 Ceteris
665 2299 761 2377 igitur
774 2299 975 2358 festivitatum
990 2299 1156 2377 generibuS,
1170 2300 1255 2356 velut
1269 2297 1486 2358 consecrationi
1505 2318 1623 2358 coronae
1675 2291 1676 2302 ¹

353 2392 383 2448 et
410 2389 520 2466 epuliS,
548 2389 604 2448 hoc
632 2405 750 2448 carmen
778 2389 917 2465 pompale
945 2388 1138 2464 praecessisse
1166 2387 1282 2446 ultimis
1310 2387 1446 2446 versibus
1470 2388 1623 2466 significari

351 2482 440 2556 puto,
463 2478 539 2536 nihil
562 2479 651 2536 ultra.

899 2559 943 2624 De
967 2561 1089 2626 metris.

442 2655 568 2716 Carmen
600 2657 655 2716 hoc
692 2655 899 2734 logaoedicum
932 2659 1020 2733 grata
1052 2656 1181 2732 quedam
1214 2656 1407 2732 simplicitate
1439 2675 1624 2716 numeroram
1675 2695 1676 2710 .

352 2747 469 2824 insigne
492 2750 546 2822 est,
570 2747 651 2821 quod
674 2765 742 2804 cum
763 2744 794 2803 in
812 2764 923 2821 pompa
942 2764 961 2802 a
979 2745 1068 2804 choro
1087 2746 1241 2824 gradiente
1260 2747 1426 2821 caneretur,
1445 2745 1477 2803 in
1495 2745 1625 2821 dipodius

352 2837 400 2894 vel
424 2835 518 2905 πόδας
541 2831 706 2912 ἕξασήμους
729 2834 822 2892 dividi
846 2833 949 2892 debuit
973 2837 1003 2892 et
1025 2833 1113 2894 facila
1136 2835 1244 2911 potuit.
1283 2833 1431 2904 Quartum
1454 2853 1574 2894 versum
1595 2855 1625 2894 ex

352 2925 450 2982 tribus
469 2924 608 2982 membris
627 2927 763 2984 constare
782 2926 876 3000 patet,
900 2923 951 2982 sed
972 2927 1075 2982 utrum
1093 2925 1238 3002 glyconea
1257 2943 1292 2982 ea
1311 2924 1379 3001 sint,
1404 2943 1442 2982 an
1466 2925 1625 2984 ionicorum

353 3014 415 3072 ritu
437 3014 469 3071 in
492 3013 568 3072 duas
591 3014 696 3091 longas
720 3015 880 3072 excurrant
902 3013 957 3072 hoc
980 3013 1081 3073 modo:

583 3122 1401 3190 worco-urss-ojco-oi'--0.²ocl.,!

353 3228 501 3304 estquod
525 3227 651 3286 dubites.
688 3227 784 3286 Priori
809 3227 887 3286 enim
911 3227 1094 3303 percussioni
1117 3227 1281 3286 similitudo
1301 3227 1502 3287 membrorum
1526 3226 1626 3304 prioris

352 3317 447 3393 partis
472 3317 611 3392 strophae
635 3320 665 3376 et
687 3317 770 3374 iusta
788 3317 931 3376 catalexis
950 3317 1072 3394 periodi,
1096 3316 1183 3375 alteri
1202 3317 1375 3376 colometria
1395 3316 1532 3376 codicum
1552 3317 1626 3376 scho-

352 3408 521 3482 liorumque
540 3405 732 3466 metricorum
751 3409 783 3465 et
800 3424 940 3465 caesurae
960 3407 1042 3465 sedes
1061 3406 1092 3464 in
1111 3406 1222 3465 maiore
1237 3425 1359 3464 numera
1374 3424 1517 3465 versuum
1532 3407 1624 3466 farere

352 3496 500 3555 videntur.
547 3496 694 3572 Equidem
718 3497 879 3572 utramque
902 3496 983 3554 viam
1007 3495 1165 3555 scandendi
1188 3495 1250 3572 inii,
1274 3495 1404 3570 priorem
1427 3495 1458 3553 in
1482 3495 1625 3554 schemate

353 3586 478 3645 carmini
501 3586 678 3662 praemissa,
707 3586 833 3643 alteram
856 3585 888 3642 in
911 3585 989 3644 Prol.
1013 3604 1083 3644 nvn.
1131 3584 1270 3644 Oeterum
1297 3585 1430 3643 conferre
1459 3584 1547 3643 iuvat
1569 3603 1625 3643 car·

353 3676 434 3734 mina
453 3675 601 3734 similibus
620 3675 722 3733 metris
741 3675 907 3750 composita
926 3672 960 3734 Ο.
975 3693 1015 3732 rx.
1039 3675 1071 3733 P.
1087 3693 1150 3734 inu.
1173 3673 1210 3732 N.
1224 3691 1263 3732 xv.
1287 3671 1377 3732 I.v11.
1397 3692 1460 3733 vm.
1492 3673 1626 3750 Pompae,

353 3785 413 3841 qua
431 3765 528 3824 victor
545 3765 639 3822 redux
661 3764 781 3823 domum
800 3763 1003 3823 deducebatur
1021 3757 1063 3846 (v.
1079 3757 1135 3845 24),
1154 3763 1395 3838 monostraphica
1414 3782 1535 3840 quaque
1555 3783 1625 3824 aom-

352 3854 462 3929 positio
486 3853 710 3913 accommodata
733 3857 786 3930 est,
809 3857 846 3911 ut
870 3853 993 3930 exposui
1016 3854 1047 3911 in
1070 3873 1132 3932 arg.
1153 3852 1292 3912 carminis
1315 3852 1348 3910 P.
1368 3871 1419 3911 xrr.

399 4024 563 4113 ’Όθενπερ
587 4025 641 4090 καὶ
660 4023 832 4111 Ὁμηρίδαι
1431 4029 1512 4111 Zao.
1537 4023 1579 4090 α’.

408 4135 542 4217 ῥαπτῶν
566 4133 670 4198 ἐπέων
693 4132 828 4199 ταπόλλ’
854 4131 964 4199 ἀοιδοὶ

425 4327 505 4362 viam
525 4329 628 4364 nermo.
666 4310 750 4365 Inscr.
770 4328 824 4365 om.
843 4311 871 4364 B
890 4313 919 4363 et
938 4307 1037 4376 schol.;
1056 4329 1110 4379 τιμ,
1129 4309 1179 4364 db.
1199 4309 1318 4380 ἀχαρνεῑ
1335 4273 1493 4378 capacem
1510 4309 1541 4363 D
1561 4339 1592 4347 -

426 4472 615 4508 (triuussraan.
649 4473 673 4507 v.
696 4461 756 4507 las.
790 4456 822 4506 ut
845 4470 863 4506 a
886 4452 1027 4523 prooemio
1052 4453 1125 4508 Iovis
1143 4451 1311 4507 Homeridac
1336 4450 1532 4521 auspicantur,
1558 4450 1626 4504 sica

354 4525 427 4578 Iovis
447 4524 522 4578 ludis
541 4525 689 4579 Nemeaeis
708 4525 887 4580 Timodemus
906 4525 1107 4595 pancratiasta.
1140 4524 1310 4594 Rhapsodiis
1329 4523 1485 4578 Homericis
1504 4523 1625 4592 hymnos,

353 4595 455 4663 quibus
475 4596 540 4650 inde
559 4613 661 4650 nomen
678 4594 833 4667 προοιμίων
851 4597 907 4650 fuit
925 4601 960 4667 (v.
981 4614 992 4652 s
1012 4600 1041 4651 et
1059 4597 1144 4651 Thac.
1165 4613 1189 4664 a,
1205 4599 1266 4664 rar),
1290 4594 1436 4664 praemitti
1454 4594 1554 4649 solitas
1573 4608 1626 4648 esse

354 4665 427 4720 inter
450 4685 545 4722 amnes
569 4671 693 4735 constat;
723 4667 823 4721 mirum
847 4667 932 4738 illud,
961 4670 1036 4738 qaod
1055 4668 1192 4722 Pindarus
1217 4667 1264 4720 hic
1284 4669 1313 4721 et
1330 4665 1364 4720 N.
1383 4686 1401 4720 v
1420 4683 1445 4721 aa
1468 4665 1626 4736 plerumque

354 4739 398 4806 (τὰ
417 4739 513 4807 πολλά,
534 4739 568 4792 cf.
588 4739 619 4793 Η.
639 4759 695 4792 xrrr
708 4757 756 4793 rao.
775 4739 848 4795 Plat.
864 4741 939 4796 Prot.
955 4745 1022 4809 arra)
1042 4741 1115 4795 Iovis
1134 4739 1221 4793 fuisse
1245 4739 1311 4793 illos
1330 4737 1449 4808 hymnos
1469 4737 1553 4806 dicit,
1578 4737 1627 4790 lio-

353 4809 449 4864 marici
469 4815 564 4864 autem
583 4811 680 4879 hymni
703 4810 830 4880 plerique
850 4812 968 4866 aliorum
988 4812 1103 4866 deorum
1122 4815 1187 4864 suut
1207 4813 1236 4863 et
1255 4827 1325 4864 unus
1346 4809 1421 4864 solus
1441 4810 1480 4880 (h.
1501 4813 1537 4880 aa)
1555 4808 1627 4876 isque
