3417 5434
330 299 353 364 l]
829 305 1109 368 PROLEGOMENA.

332 475 439 560 specie
468 469 614 562 rhythmi
642 473 689 541 ite
711 474 874 561 recedere,
901 481 939 543 ut
962 476 1228 560 aequabilitatem
1250 475 1414 543 intervalli
1436 478 1473 543 in
1496 476 1628 564 simpli-

331 583 423 647 cibus
446 583 584 667 pedibus
608 587 751 670 serrant,
778 583 813 648 iu
837 585 1028 669 compositis
1050 605 1117 648 non
1139 584 1232 668 item,
1258 607 1301 649 an
1322 585 1518 670 rhythmicis
1544 587 1626 650 arti-

330 689 413 755 ficiis
445 713 622 775 pausarum
653 695 687 755 et
719 691 893 777 longarum
923 692 1123 776 syllabarum
1150 691 1282 778 longius
1308 693 1543 776 producturum
1571 694 1625 758 ita

330 801 475 882 utamur,
502 804 540 863 ut
566 798 667 864 etiam
695 819 751 862 eos
774 819 901 884 versus,
929 799 985 884 qui
1008 821 1047 863 ex
1070 798 1211 884 dipodiis
1234 804 1268 864 et
1290 799 1441 884 tripudiis
1465 804 1623 866 constare

329 904 497 992 videntur,
523 905 559 970 in
586 904 770 991 dipodicam
797 928 984 971 mensuram
1013 906 1191 992 cogamus?
1236 905 1397 990 Equidem
1418 928 1524 991 neque
1548 912 1622 973 lam

329 1012 464 1078 timidus
496 1035 583 1097 sum,
615 1018 652 1077 ut
680 1012 816 1078 alteram
843 1013 1019 1097 rationem,
1046 1013 1166 1097 quippe
1194 1034 1276 1098 quae
1303 1018 1337 1078 et
1360 1036 1470 1079 rerum
1496 1023 1622 1080 natura

330 1124 363 1184 et
394 1142 455 1184 usu
488 1119 661 1185 modernae
688 1120 830 1185 musicae
858 1121 1114 1205 commendetur,
1146 1120 1359 1204 spernendam
1387 1121 1620 1209 fugiendumve
1702 1150 1703 1217 ἐ

329 1226 527 1312 existimem,
563 1248 667 1311 neque
705 1231 774 1291 tam
810 1227 977 1313 pertinax,
1007 1232 1046 1292 ut
1082 1226 1233 1291 omnibus
1269 1227 1305 1292 in
1341 1228 1540 1295 carminibus
1579 1253 1620 1294 ea
1702 1220 1703 1297 l

329 1334 422 1400 abuti
454 1334 598 1400 audeam.
648 1333 844 1398 Praesertim
876 1334 912 1398 in
946 1335 1055 1420 longis
1092 1338 1125 1398 et
1162 1335 1266 1420 magis
1297 1335 1483 1401 recitationi
1515 1359 1619 1421 quam
1702 1348 1703 1415 ζ

329 1441 439 1508 cantui
462 1441 559 1506 factis
584 1440 669 1525 odis,
697 1440 801 1525 qualis
825 1444 876 1506 est
897 1439 1036 1526 Pythice
1059 1444 1175 1524 quarta
1198 1441 1411 1507 ducentorum
1433 1443 1620 1530 nonaginta
1702 1426 1703 1445 Χ

328 1572 445 1615 novem
482 1571 647 1634 versuum,
683 1569 796 1614 vereor
827 1571 869 1612 ne
901 1548 1023 1612 derisui
1058 1547 1115 1631 sit,
1152 1548 1208 1632 qui
1244 1553 1313 1614 tam
1347 1550 1461 1614 crebro
1497 1551 1618 1638 longas

329 1656 471 1742 syllabas
509 1678 608 1742 supra
643 1657 776 1721 modum
813 1655 994 1740 quotidiani
1036 1654 1196 1720 sermonis
1236 1679 1339 1741 usque
1375 1657 1417 1722 ad
1453 1658 1617 1724 ambitum

329 1769 523 1849 quaternum
546 1786 711 1828 morarum
733 1764 911 1849 producere
933 1763 1020 1828 velit.
1066 1761 1189 1827 Contra
1213 1763 1402 1849 logaoedica
1424 1766 1509 1852 cola,
1531 1790 1618 1852 quae

328 1872 448 1936 fidibus
481 1876 514 1936 ct
546 1871 637 1937 tibiis
669 1875 747 1936 nata
779 1876 872 1936 erant
900 1874 933 1935 et
960 1870 1076 1956 longas
1108 1868 1209 1936 trium
1242 1875 1427 1957 temporum
1457 1873 1617 1940 facillime
1702 1908 1703 1939 2

328 1978 560 2062 admittebant,
595 1981 674 2043 nu'm
706 1978 816 2044 naevis
849 1977 1071 2063 dipodiearum
1103 1982 1137 2040 et
1169 1977 1402 2063 tripedicamm
1432 1983 1617 2064 percussio·
1702 2004 1703 2031 1

326 2107 405 2152 num
443 2085 691 2152 commixtarum
728 2082 965 2151 commaculare
1000 2084 1112 2169 liceat,
1147 2106 1245 2169 quam
1281 2086 1421 2152 maxime
1461 2089 1615 2172 equidem
1702 2096 1703 2177 ζ

328 2194 449 2259 dubito.
488 2193 603 2276 ltaque
626 2192 680 2258 bic
704 2215 832 2277 quoque
856 2193 987 2280 singula
1008 2213 1128 2278 genera
1150 2194 1330 2258 carminum
1354 2195 1555 2283 distinguere.
1580 2204 1616 2264 et
1702 2180 1703 2209 ³

328 2323 410 2385 quae
439 2301 512 2365 aliis
540 2299 646 2386 magis
676 2299 836 2384 tripediae
864 2299 942 2366 ferri
968 2321 1066 2386 posse
1093 2299 1263 2365 videantur
1290 2306 1399 2368 mente
1426 2325 1494 2369 non
1521 2328 1615 2390 prae

249 2457 256 2469 .
329 2414 487 2494 occupata
510 2408 693 2473 examinare
716 2409 812 2473 nobis
835 2409 942 2474 visum
965 2413 1023 2473 est.

415 2515 523 2600 Atque
551 2515 659 2580 minus
682 2537 743 2580 nos
767 2515 947 2580 sollicitant
969 2514 1130 2600 tripediae
1151 2515 1188 2580 in
1209 2516 1273 2580 fine
1296 2539 1449 2584 versuum
1471 2519 1612 2606 positae,

326 2622 415 2687 velut
439 2622 553 2687 statim
575 2622 738 2707 inprime
762 2622 905 2687 carmine
929 2621 963 2686 O.
983 2641 996 2686 1
1019 2623 1116 2687 stad

328 2837 461 2903 Etenim
487 2837 550 2901 hoc
577 2836 650 2902 loeo
678 2835 820 2921 tripodis
846 2858 950 2920 pausa
976 2836 1125 2923 legitima
1150 2841 1227 2921 post
1254 2839 1352 2903 finem
1377 2862 1490 2905 versus
1512 2841 1612 2907 facile

326 2943 376 3010 ita
396 2945 539 3029 suppleri
557 2948 680 3029 potest,
697 2947 735 3008 ut
754 2942 888 3008 adscitis
906 2943 1058 3008 inanibus
1077 2943 1279 3029 temporibus
1297 2946 1440 3031 tripodis
1456 2947 1492 3011 in
1509 2950 1613 3014 ambi-

327 3055 398 3116 tum
422 3050 623 3136 tetrapodiae
647 3051 811 3116 adcrescat
834 3051 897 3116 hoc
920 3052 1015 3116 modo

1319 3149 1342 3168 Ι-

539 3186 594 3228 Ᾱυ
646 3178 1361 3232 υὺυυ-υ.·’.υ-υ;υυὶ...ὶυ-υι..’.Λ.

413 3283 526 3369 Neque
553 3283 690 3348 initialis
718 3282 875 3369 tripodis,
902 3284 931 3348 si
957 3283 1064 3368 primo
1091 3283 1246 3350 trochaeo
1273 3286 1325 3351 vel
1352 3285 1481 3372 dactylo
1507 3289 1609 3377 longa

325 3393 451 3477 syllaba
472 3391 652 3476 praemissa
675 3395 738 3474 eat,
762 3390 902 3456 multum
924 3391 1025 3456 habet
1048 3391 1251 3478 offensionis,
1278 3393 1557 3482 quandoquidem,
1579 3399 1608 3463 si

324 3500 463 3586 primam
496 3497 655 3582 syllabam
684 3520 751 3562 non
778 3498 847 3563 rice
876 3497 1042 3564 anacrusis
1069 3498 1179 3585 fungi,
1211 3500 1268 3565 sed
1294 3500 1395 3567 trium
1421 3506 1610 3588 temporum

324 3629 395 3672 esse
419 3606 608 3691 statuimus,
631 3627 670 3670 ex
694 3605 836 3689 tripudia
858 3607 897 3670 fit
920 3605 1115 3694 tetrapodia,
1138 3610 1176 3671 ut
1198 3605 1233 3671 P.
1252 3625 1275 3671 x
1298 3609 1387 3694 ep.3

705 3714 1204 3764 u'..oaoor-aoor..·.o-

322 3821 448 3887 Eodem
467 3825 577 3886 autem
594 3819 760 3906 pertinent
777 3843 890 3886 versus
909 3820 1085 3905 ἀκέφαλοι,
1103 3821 1339 3906 praesertimsi
1358 3845 1485 3888 versum
1501 3831 1610 3891 acuta

322 3927 457 4014 lectum,
485 3928 521 3992 in
548 3929 639 3993 cuius
667 3929 731 3992 fine
757 3951 877 4012 pausae
900 3930 992 3994 locus
1015 3951 1082 3994 non
1103 3928 1236 3994 relictus
1261 3935 1324 4015 est,
1346 3936 1541 4018 sequuntur,
1570 3939 1610 3998 ut
1702 3974 1703 3977 =

322 4036 454 4102 Rue

722 4135 964 4176 osor-ooo
992 4138 1205 4177 .υυιυ.ῦ

754 4220 1064 4284 dlv-umal..

411 4340 579 4406 Facillime
603 4362 679 4406 vero
703 4339 863 4426 tripediae
885 4340 1048 4426 perfectae
1072 4337 1333 4429 (ἀκατάληκτοι),
1361 4342 1502 4427 quaein
1525 4345 1607 4412 duas

322 4446 438 4533 longas
462 4446 604 4532 syllabas
623 4452 810 4534 excurrunt,
833 4447 1001 4534 dipodicae
1019 4471 1189 4514 mensurae
1208 4449 1447 4515 adcommodati
1465 4459 1608 4537 possunt
1702 4494 1703 4499 κ

321 4557 460 4638 utraque
487 4554 588 4639 longa
614 4554 649 4619 in
676 4555 837 4621 ambitum
865 4560 994 4622 ternum
1020 4562 1204 4643 temporum
1231 4557 1390 4643 producta
1416 4558 1480 4624 hoe
1507 4561 1606 4627 modo

588 4690 840 4732 viu-Uimi)
866 4723 885 4732 -
919 4706 938 4733 υ
965 4683 1053 4734 Li..
1077 4662 1321 4753 (1.V118b1·3)

589 4791 803 4840 cao-ou.
856 4801 892 4840 l..
963 4773 1001 4841 aba
1026 4815 1046 4842 υ
1081 4833 1099 4842 -
1130 4770 1364 4863 (P.Xlep.5)
