3417 5434
395 303 477 361 (θ’
602 330 772 387 ossuum
790 336 838 389 rx.
1322 334 1365 397 69

86 494 219 574 attam.
234 490 256 539 δ’
274 495 392 580 dard&
412 495 580 584 προεῖπον,
609 500 660 563 καί
689 503 796 563 Πύθια
826 498 874 583 oy'
902 496 1076 581 Ὀλυμπιάδι
1110 496 1175 582 (oq'
1202 498 1257 562 'Oa
1288 504 1363 563 coni.

88 594 237 670 Hermann,
254 594 299 672 ty‘
320 592 471 653 Πυθιάδι
489 594 563 654 coni.
578 585 714 674 Boeckh)
730 639 736 651 .
752 638 758 651 .
775 639 781 651 .
796 591 846 652 uui
864 591 919 672 γὰρ
940 592 1048 653 Πύθια
1065 590 1200 671 ἐνίκησεν
1220 589 1236 652 δ
1253 586 1363 671 Ἐφάρ-

98 700 186 761 μοστος
203 679 254 758 τὴν
273 676 320 761 ly'
336 674 396 762 (sic
411 683 451 761 A,
467 677 496 742 λ’
509 674 618 761 vulgo)
632 681 787 742 Πυθιάδα.
813 682 886 741 Inde
904 682 1094 743 Hermannus
1113 682 1168 742 hoc
1187 702 1306 741 carmen
1326 683 1362 740 ad

98 774 134 833 01.
148 776 183 831 78
201 798 242 819 =
261 773 326 831 468
347 792 376 831 a.
394 771 475 850 (ihr,
498 772 668 832 Boeckhius
690 772 802 831 rectius
826 772 864 830 ad
888 770 934 833 Ol.
950 774 989 831 81
1013 798 1055 819 =
1075 774 1138 831 456
1156 792 1182 832 a.
1198 771 1263 831 Chr.
1279 791 1364 831 revo-

96 862 172 939 carit,
193 880 281 937 qnam
312 862 352 920 ad
380 862 619 923 controversiam
646 861 763 939 redibo,
791 863 953 937 postquam
982 863 1195 939 argumentum
1223 860 1364 920 carminis

96 970 259 1012 enarravero.

160 1041 193 1098 ln
205 1041 357 1116 prooemio
373 1044 470 1117 poeta
483 1040 606 1117 exponit
616 1038 774 1117 Olympiae
788 1043 858 1115 post
871 1041 968 1117 ipsam
979 1039 1137 1100 victoriam
1146 1042 1278 1100 veterem
1292 1058 1363 1099 can-

96 1132 201 1190 tilenam
209 1130 385 1189 Archilochi
397 1130 559 1206 suffecisse,
569 1148 649 1188 nunc
659 1148 730 1189 vero
742 1129 856 1189 victore
868 1130 899 1188 in
911 1129 1044 1206 patriam
1055 1130 1163 1190 reduce
1173 1127 1362 1205 Olympicam

95 1222 215 1297 palmam,
238 1220 287 1279 oui
309 1219 464 1295 Delphica
487 1218 657 1296 accesserit,
680 1218 878 1294 splendidiore
903 1219 1032 1280 carmine
1055 1218 1266 1279 illustrandam
1290 1237 1361 1295 esse,

97 1328 145 1386 quo
166 1327 282 1368 munere
305 1309 353 1367 ita
376 1328 411 1368 se
433 1310 624 1384 functurum,
651 1310 687 1366 ut
715 1307 817 1367 divina
844 1326 900 1366 sua
924 1310 988 1367 arte
1012 1308 1137 1368 celerina
1161 1328 1252 1385 quam
1276 1308 1362 1383 equis

96 1398 260 1475 naribusque
283 1399 406 1458 laetum
428 1398 570 1456 nuntium
590 1397 727 1475 divulget
741 1388 867 1477 (1-27).
901 1400 1002 1474 Atque
1026 1398 1157 1473 primum
1180 1400 1216 1455 ut
1238 1397 1361 1457 virtutis

98 1488 222 1547 divinitus
249 1487 363 1547 insitae
387 1488 451 1547 vim
474 1488 618 1564 declaret,
650 1486 688 1545 ad
717 1486 851 1546 facinora
881 1487 1021 1547 Herculis
1048 1486 1146 1546 herois
1173 1506 1209 1545 ne
1238 1486 1361 1545 deorum

97 1578 198 1653 quidem
219 1597 357 1656 pugnam
382 1576 578 1637 detractantis
601 1576 752 1634 narranda
775 1576 925 1651 abripitur
947 1568 1095 1656 (28-35);
1124 1576 1175 1635 sed
1203 1575 1240 1634 ab
1268 1575 1360 1651 impio

97 1667 141 1727 loc
160 1666 277 1727 consilio
300 1670 464 1727 revocatus
486 1668 618 1725 veterem
640 1666 754 1724 lamam
777 1665 880 1741 stirpis
902 1665 1003 1743 regiae
1027 1664 1229 1741 Opuntiorum
1251 1664 1360 1725 Locro-

99 1776 159 1833 rum,
179 1756 213 1815 ab
235 1756 424 1817 Deucalione
448 1759 479 1814 et
501 1755 618 1831 Pyrrha
640 1757 814 1832 prognatae,
837 1755 930 1813 refert
953 1758 1045 1830 atquc
1069 1754 1255 1830 splendorem
1278 1754 1360 1813 urbis

100 1844 148 1905 tilio
167 1845 364 1923 Protogeniae
388 1848 420 1905 et
442 1846 523 1904 Iovis
546 1844 583 1903 ab
607 1844 701 1904 Locro
724 1863 794 1921 rege
818 1844 962 1919 adoptato
986 1843 1198 1903 resuscitatum
1222 1846 1252 1901 et
1273 1844 1360 1903 novis

101 1935 187 1994 incolis
213 1938 338 1994 auctum
367 1935 504 1994 illustrat
526 1925 670 2015 (es-79).
716 1933 790 1993 Post
816 1933 1013 2009 principalem
1036 1934 1114 1993 hanc
1136 1936 1253 2009 partem
1278 1933 1360 2009 odae,

102 2024 219 2100 mythicis
245 2025 332 2084 illam
360 2024 473 2083 fabulis
501 2026 688 2100 exornatam,
717 2023 755 2080 ad
781 2022 953 2099 praesentia
976 2022 1055 2081 redit
1078 2024 1108 2081 et
1130 2022 1360 2097 Lampromachi

102 2121 176 2189 atque
204 2114 399 2190 llplrarmosti
431 2114 544 2173 multas
575 2112 716 2171 victorias
748 2114 882 2171 recenset
914 2103 1058 2193 (σο-99).
1109 2111 1246 2187 Denique
1276 2130 1360 2187 prae-

103 2202 195 2260 stantia
219 2203 344 2262 innatae
367 2202 490 2263 virtutis
517 2202 672 2260 illustrata
699 2203 730 2259 et
757 2201 795 2259 ad
817 2201 965 2277 poeticam
990 2220 1110 2277 quoquc
1135 2204 1230 2261 artem
1253 2203 1360 2278 tracta,

104 2292 204 2351 altiores
228 2292 282 2351 sub
310 2292 403 2351 finem
431 2291 555 2367 spiritns
583 2291 687 2368 sumit,
714 2292 751 2348 ut
777 2290 915 2368 egregias
941 2290 1070 2349 virtutes
1093 2290 1300 2365 Epharmosti,
1328 2291 1359 2349 in

104 2399 145 2439 ara
162 2381 256 2441 Aiacis
278 2400 422 2441 coronam
444 2380 506 2439 iam
529 2379 713 2457 deponentis,
735 2380 841 2438 laudet
864 2383 956 2456 atque
978 2378 1133 2455 praeconis
1156 2379 1253 2438 instar
1274 2398 1359 2455 prae·

105 2470 173 2529 dicet
188 2502 222 2511 —
238 2472 335 2531 Totus
360 2473 451 2546 poeta
478 2470 509 2527 in
537 2472 636 2529 vetere
663 2470 746 2527 fama
772 2469 873 2546 regiae
902 2469 1007 2529 domus
1031 2468 1194 2528 Locrorum
1219 2472 1250 2528 et
1275 2488 1359 2544 prae-

105 2559 176 2618 claris
196 2560 327 2621 victoriis
349 2560 544 2636 Epharmosti
566 2558 755 2618 illustrandis
773 2560 918 2617 versatur.
954 2558 1035 2617 Haec
1054 2560 1156 2617 autem
1175 2559 1256 2617 laeta
1275 2576 1359 2633 prae-

107 2648 195 2707 dicatio
215 2649 246 2707 in
268 2649 371 2709 tristia
392 2652 529 2725 tempora
552 2648 623 2707 anni
642 2650 705 2707 456
725 2666 833 2723 parum
857 2648 1005 2723 quadrare
1023 2647 1151 2707 videtur.
1184 2647 1262 2706 Tum
1281 2648 1359 2707 enim
1468 2664 1469 2669 ’

107 2740 161 2811 post
183 2756 311 2816 pugnam
335 2738 373 2796 ad
397 2736 575 2814 Oenoplryta
597 2736 760 2797 Locrorum
783 2737 939 2796 civitatem
962 2736 999 2794 ab
1022 2736 1255 2795 Atheniensibus
1279 2740 1358 2797 atro-

108 2826 202 2885 cissime
223 2828 366 2887 afflictam
389 2844 452 2886 esse
476 2829 627 2885 testantur
650 2825 839 2901 Thucydides
862 2829 875 2883 1
899 2836 963 2883 108:
993 2823 1043 2885 καί
1066 2824 1142 2909 μάχῃ
1166 2822 1198 2883 ἐν
1224 2824 1358 2902 Οἰνοφύ-

110 2936 156 2986 τοις
176 2916 237 2988 τοὺς
258 2915 408 2987 Βοιωοὺς
431 2914 604 2992 νικήσαντες
627 2923 678 2993 τῆς
701 2936 731 2974 τε
754 2914 848 2993 χώρας
871 2911 1036 2993 ἐκράτησαν
1063 2922 1115 2992 τῆς
1138 2914 1280 2985 Βοιωτίας
1309 2913 1359 2974 καί

112 3004 223 3076 Φωκίδος
244 3003 295 3065 καί
320 3004 513 3084 Ταναγραίων
536 3003 569 3063 τὸ
591 3008 684 3082 τεῖχος
707 3008 853 3081 περιεῖλον
876 3001 926 3063 καί
948 3008 1077 3082 Λοκρῶν
1100 3010 1158 3062 τῶν
1179 2997 1359 3064 Ὀπουντίων

110 3087 200 3171 ἄνδρας
227 3091 356 3173 ὁμήρους
386 3094 455 3166 τοὺς
484 3093 720 3163 πλουσιωτάτους
747 3090 869 3171 ἔλαβον,
893 3097 923 3151 et
945 3093 1095 3153 Diodorus
1118 3110 1151 3149 x1
1176 3104 1223 3151 83:
1247 3090 1278 3152 ε’τι
1307 3100 1359 3171 τῆς

110 3182 225 3255 Βοιωτίας
251 3182 412 3257 ἀναζεύξας
439 3181 624 3262 ἐστράτευσεν
648 3175 867 3263 (Μυρωνίδης)
890 3179 938 3241 ἐπὶ
960 3180 1100 3261 Λοκροὺς
1123 3181 1193 3253 τοὺς
1216 3178 1329 3259 ὀνομαζ
1345 3220 1359 3226 -

113 3268 199 3345 μένους
215 3266 417 3350 Ὀπουντίους,
438 3272 562 3344 τούτους
582 3267 613 3331 δὲ
632 3269 660 3344 ἕξ
680 3270 792 3348 ἐφόδου
811 3270 1022 3350 χειρωσάμενος
1040 3268 1091 3330 καὶ
1109 3268 1207 3349 λαβὼν
1228 3268 1359 3350 ὁμήρους

112 3356 222 3439 ἐνέβαλεν
243 3363 284 3435 εἰς
306 3360 361 3440 τὴν
384 3361 569 3439 Παρνασίαν.
614 3362 716 3437 Atque
738 3380 785 3421 res
808 3360 1038 3438 diversissimas,
1070 3361 1184 3419 cladem
1207 3360 1360 3436 publicam

112 3453 134 3506 et
155 3451 289 3512 laetitiam
320 3451 529 3528 epiniciorum,
559 3450 760 3526 Luebbertus,
787 3451 832 3508 De
860 3450 989 3510 Pindaro
1020 3450 1183 3510 Locrorum
1212 3449 1358 3525 Opuntio-

111 3556 160 3596 rum
179 3541 263 3602 emico
288 3543 319 3600 et
341 3543 480 3617 patrono,
511 3541 633 3600 Bonnae
660 3542 759 3616 1883,
789 3539 882 3599 amice
911 3539 1103 3615 conciliabat3
1134 3538 1196 3615 ipse
1225 3539 1256 3597 in
1285 3539 1358 3599 Her-

113 3629 189 3686 naoni
217 3630 394 3691 sententiam
425 3629 567 3690 victorias
598 3628 791 3705 Epharmosti
824 3626 1012 3705 Olympicam
1046 3628 1091 3687 01.
1118 3631 1171 3705 78,
1199 3628 1357 3703 Pythicam

114 3714 179 3790 Pylh.
199 3722 237 3780 30
260 3746 302 3767 =
328 3718 374 3778 Ol.
395 3723 445 3796 77,
471 3721 489 3779 3
512 3721 681 3795 reportatas
704 3736 767 3777 esse
791 3709 938 3777 censentis
962 3738 1087 3795 ruerem,
1112 3718 1170 3777 nisi
1192 3718 1357 3777 auctoritas

113 3804 192 3865 scholii
211 3809 400 3869 Ambrosiam
423 3810 452 3867 A
474 3813 505 3867 et
530 3808 653 3867 traditio
677 3807 786 3867 codicis
809 3808 934 3866 Medicei
957 3807 981 3865 P
1005 3827 1051 3866 me
1074 3808 1245 3865 retinerent.
1292 3806 1357 3876 Qua

113 3892 235 3957 decanea
262 3919 296 3958 eo
324 3898 481 3977 contagio,
508 3900 544 3955 ut
575 3898 630 3957 hoc
662 3897 824 3972 epinicium
855 3915 975 3955 carmen
1007 3916 1065 3955 non
1098 3900 1167 3971 post
1198 3896 1356 3955 victoriam

113 3978 267 4061 Olympicum
290 3988 396 4066 ipsam,
420 3988 471 4046 sed
494 3986 651 4063 aliquanto
673 3986 816 4062 temporis
839 3990 908 4061 post
931 3986 1019 4044 rebus
1042 3984 1239 4044 Locrensibus
1259 3986 1355 4044 denuo

112 4072 333 4138 adcrescentibus
356 4076 555 4153 compositum
579 4079 609 4134 et
632 4078 788 4135 cantatum
811 4093 874 4133 esse
897 4074 1013 4133 ducam.

623 4221 667 4284 De
689 4219 812 4285 metris.

176 4344 314 4405 Carminis
346 4343 437 4404 huius
464 4343 580 4403 numeri
608 4344 679 4401 sunt
708 4340 887 4419 logaoedici,
919 4341 1029 4401 similes
1060 4340 1225 4401 carminmn
1256 4342 1291 4400 N.
1318 4362 1357 4401 rv.

113 4426 177 4508 lvn,
193 4433 248 4492 nisi
265 4434 346 4509 quod
363 4433 454 4492 huius
472 4432 612 4493 carminis
630 4435 746 4490 tractus
769 4423 900 4511 (ἀγωγή)
924 4431 1034 4489 lentior
1056 4433 1155 4491 factus
1179 4436 1224 4491 est
1247 4432 1356 4490 crebris

113 4517 219 4581 admissis
245 4522 424 4598 ancipitibus
452 4522 589 4599 syllabis,
617 4523 653 4578 ut
680 4540 739 4579 non
766 4521 899 4578 multum
926 4519 963 4578 ab
987 4520 1178 4595 epitritorum
1206 4520 1356 4599 gravitate

114 4604 219 4671 distaret.
245 4610 419 4671 Communia
434 4614 536 4671 autem
553 4611 662 4669 borum
680 4609 847 4669 carminum
866 4612 1030 4668 metrorum
1048 4610 1108 4669 tria
1128 4612 1206 4687 sunt,
1225 4611 1356 4685 primum

114 4698 172 4767 quod
187 4699 314 4776 plerique
334 4719 436 4760 versus
457 4721 492 4760 ex
511 4700 681 4776 tetrapodia
699 4702 730 4757 et
748 4698 939 4758 breviusculis
957 4700 1095 4758 clausula
1114 4702 1261 4776 constant,
1282 4700 1355 4758 alte-

114 4799 163 4842 mm
174 4788 247 4862 quod
259 4807 360 4849 cursus
374 4790 582 4850 trochaeorum
596 4788 721 4865 syllabis
740 4788 922 4864 ancipitibus
937 4788 968 4847 in
983 4788 1079 4864 primo
1098 4789 1172 4865 pede
1188 4780 1267 4869 (basi
1281 4788 1355 4848 Her·
