3417 5434
630 343 753 394 Neues
771 342 832 395 Vll.

77 520 116 567 45
139 503 309 569 Αἰακιδᾶν
332 504 515 589 κρεόν-των
537 506 694 571 τολοιπὸν
717 508 852 590 ἔμμεναι

138 618 226 677 θεοῦ
249 608 324 696 παρ’
353 610 513 696 εὐ-τειχέα
529 613 655 696 δόμον,
679 610 816 696 ἡρωΐαις
839 608 876 676 δὲ
898 624 1044 697 πομπαῖς

137 721 347 803 θεμισκόπον
370 720 489 783 οἰ-κεῖν
513 716 610 783 ἐόντα
632 720 839 796 πολυθύτοις

138 822 315 911 εὐόννυμον
339 824 372 901 ἐς
394 826 501 890 δίκαν.
520 828 628 907 -τρία
650 824 750 891 ferrea
773 823 952 911 διαρκέσει·

139 933 182 998 οὐ
205 933 323 1011 ψεῦδις
346 932 363 998 ὁ
387 932 512 1017 μάρτυς
535 935 710 1017 ἔργ-μασιν
733 930 905 998 ἐπιστατεῖ.

78 1059 116 1107 50
139 1046 280 1124 Αἴγινα,
303 1050 387 1105 τεῶν
410 1042 493 1116 Διός
516 1038 546 1104 τ’
568 1038 747 1123 -ἐκγόνων
770 1042 884 1125 θρασύ
906 1064 962 1126 μοι
985 1042 1053 1107 τόδ’
1082 1045 1186 1109 εἰπεῖν

141 1231 303 1304 φαενναῖς
326 1218 457 1304 ἀρεταῖς
480 1218 562 1285 δδδν
580 1222 734 1305 -κυρίαν
756 1221 867 1301 λόγων
1166 1220 1249 1287 'Ave
1269 1220 1310 1305 γ’.
1332 1240 1363 1287 ro

140 1332 286 1392 niunden.
332 1325 415 1391 ἀλλὰ
438 1326 501 1411 γὰρ
525 1326 710 1403 ἀνάπαυσις
732 1324 769 1391 ἐν

186 1431 286 1499 παντὶ
310 1437 444 1516 γλυκεῖα
467 1431 604 1521 sip-yps·
627 1436 729 1518 κόρον
752 1431 783 1497 δ’
809 1436 874 1517 ἔχει

141 1539 198 1605 καὶ
220 1540 294 1624 μέλι
317 1538 372 1605 καὶ
394 1541 434 1605 rol
457 1538 569 1625 τέρπν’
591 1582 604 1589 -
623 1536 719 1605 ἄνθε’
742 1536 946 1624 Ἀφροδίσια,

142 1656 213 1733 φυᾷ
236 1645 265 1711 δ’
293 1646 444 1724 ἕκασ-τος
466 1645 668 1732 διαφέρομεν
690 1647 806 1730 βιοτδιν
829 1650 998 1730 λαχόντες,
1329 1665 1363 1713 80

160 1828 202 1876 4¹1.
224 1820 402 1892 δεμλσκσπον
428 1820 491 1875 BD
514 1840 547 1861 -’
570 1822 731 1891 πολυδότης
754 1822 795 1886 D;
818 1823 883 1891 post
910 1822 1080 1883 πολυθύτοις
1103 1821 1277 1891 interpunxit
1300 1823 1363 1876 Ari·

81 1894 226 1961 starchus,
246 1894 312 1947 anta
332 1892 359 1956 ἐς
377 1890 462 1947 δίκαν
479 1892 576 1961 Heyne
597 1925 628 1933 —
648 1899 691 1949 49.
716 1893 834 1959 ψεύδεσι
853 1890 958 1962 μάρτυς
976 1894 1048 1950 coni.
1066 1893 1244 1948 Bornemann
1261 1894 1363 1948 Philol.

79 1984 119 2033 ιε,
141 1982 190 2034 aee,
209 1966 328 2032 ψεύδιν·
347 1964 422 2018 idem
441 1963 839 2034 ap.Bursian-Muller1892·
857 1980 897 2018 seo
916 1996 949 2004 -
968 1964 1073 2033 μα’ρτυς
1091 1965 1184 2021 B¹D:
1204 1965 1302 2033 μάντις
1321 1967 1348 2019 Β
1354 1974 1364 2001 ¹

84 2070 118 2076 -
142 2042 185 2091 50.
205 2034 276 2105 τόδ’,
297 2036 388 2103 εὑρεῖν
407 2053 506 2105 φαενν.
522 2036 592 2091 coni.
609 2035 713 2090 Steffen
732 2036 826 2103 Progr.
842 2034 1048 2105 Nicolaigymn.
1063 2036 1155 2107 Leipz.
1171 2042 1239 2090 1882
1255 2055 1282 2105 p.
1297 2054 1309 2091 ι
1331 2070 1364 2077 -

81 2117 130 2162 ol.
150 2105 238 2178 λέγων
257 2106 327 2160 coni.
341 2106 506 2161 Hcimsoeth
525 2139 559 2147 —

82 2250 121 2300 ει,
142 2250 163 2285 o.
196 2231 361 2287 Scholiasta
373 2231 449 2301 quod
467 2233 564 2285 narmt
581 2230 797 2301 Neoptolemum
814 2229 937 2301 primum
954 2232 1006 2285 sub
1025 2231 1123 2286 limine
1140 2232 1248 2303 templi,
1267 2235 1365 2303 postea

82 2322 101 2358 a
123 2303 254 2357 Menelao
272 2303 302 2356 in
321 2319 400 2357 sacro
419 2318 531 2356 nemore
549 2302 591 2371 (ἐν
609 2306 646 2375 τῷ
666 2301 783 2372 τεμένει)
802 2302 943 2373 sepultum
967 2320 1040 2371 esse,
1064 2320 1127 2357 oum
1150 2303 1311 2358 narratione
1329 2305 1365 2357 de

83 2374 200 2429 infenso
226 2374 255 2428 in
280 2373 496 2443 Neoptolemum
522 2372 616 2427 animo
641 2372 839 2444 Delphicorum
868 2374 1044 2429 sacerdotum
1073 2374 1220 2428 cohaerere
1244 2374 1365 2429 videtur.

83 2447 196 2500 Eodem
216 2448 325 2517 spectat
343 2444 419 2571 ιμοδ
437 2444 593 2499 Pausanias
611 2464 621 2497 r
640 2462 660 2512 ι,
680 2462 693 2498 ι
711 2448 808 2499 narrat
831 2445 981 2515 Delphioos
1005 2446 1165 2500 sacerdotes
1182 2445 1305 2515 primum
1322 2461 1365 2499 se·

84 2518 217 2587 pulcrum
243 2516 353 2587 Neopto
366 2516 421 2570 emi
446 2518 591 2585 tamquam
616 2515 723 2569 inimici
749 2520 778 2570 et
803 2516 933 2585 sacrilegi
958 2517 988 2570 in
1011 2516 1090 2571 nullo
1108 2517 1213 2571 honore
1231 2516 1364 2571 habuisse

83 2594 117 2641 et
142 2591 243 2659 postea
268 2588 392 2653 demum,
416 2605 479 2641 oum
504 2590 602 2641 contra
621 2586 716 2642 Gallos
742 2588 777 2640 iis
803 2586 940 2641 auxilinm
965 2588 1089 2657 tulisset,
1113 2588 1196 2642 litare
1220 2588 1365 2642 sacrificiis

84 2676 138 2713 coe
160 2660 216 2713 isse
236 2691 269 2700 -
289 2664 330 2714 46.
357 2660 472 2727 ἡρωΐαις
497 2657 528 2712 δὲ
554 2668 678 2729 πομπαῖς
702 2660 884 2720 πολυθύτοις·
911 2676 992 2713 saara
1013 2658 1206 2729 (ἐναγίσματα)
1233 2658 1365 2713 heroibus

85 2680 188 2786 mnihis
206 2730 329 2785 victimis
343 2730 421 2784 facta
435 2730 585 2801 significat,
600 2729 702 2799 quibus
716 2747 780 2783 cum
797 2730 884 2783 sacris
897 2729 1073 2784 lectisternia
1086 2732 1200 2784 heroum
1214 2730 1366 2785 coniuncta

85 2804 183 2871 erant,
207 2802 242 2856 de
267 2800 369 2870 quibus
393 2801 492 2856 schol:
519 2798 627 2870 γίνεται
646 2801 676 2855 ἐν
696 2804 817 2870 Δελφοῖς
835 2799 922 2870 ἥρωσι
940 2799 1031 2870 ξένια,
1058 2801 1089 2855 ἐν
1108 2798 1149 2865 οἶς
1167 2803 1248 2856 δοκεῖ
1265 2802 1279 2855 δ
1298 2802 1368 2863 θεὸς

85 2875 136 2929 ἐπὶ
156 2872 234 2939 ξένια
253 2876 348 2927 καλεῖν
366 2874 431 2934 τοὺς
445 2871 543 2942 ἥρωας.
572 2872 648 2926 Haeo
668 2889 748 2926 sacra
767 2876 796 2926 et
814 2871 989 2926 lectisternia
1001 2876 1035 2926 nt
1047 2872 1101 2926 rite
1114 2874 1223 2940 tierent,
1242 2874 1366 2942 Neopto-

86 2947 180 3000 lemus
205 2944 285 2998 heros
308 2944 440 3011 curabat,
464 2944 542 2997 cuius
561 2961 674 3011 nomen,
699 2960 762 2996 cum
781 2943 868 2997 Aeaci
886 2943 1013 2998 institiae
1031 2944 1195 2999 memoriam
1213 2947 1366 3009 revocaret,

85 3035 140 3087 pro
151 3016 225 3070 bono
235 3014 328 3069 omine
337 3016 501 3085 (εὐώνυμον)
512 3015 713 3069 habebatur-
724 3020 765 3069 48.
780 3012 844 3082 τρία
855 3015 931 3083 ἔπεα,
944 3014 1117 3084 proverbiali
1130 3014 1272 3070 locutione
1280 3018 1366 3086 poeta

86 3105 158 3141 usus
176 3087 274 3158 paucis
294 3102 351 3140 rem
370 3086 509 3141 declarari
526 3102 608 3155 posse
627 3086 710 3153 dicit;
729 3086 799 3139 haec
818 3088 912 3139 autem
927 3086 983 3140 tria
995 3104 1060 3153 non,
1076 3089 1107 3139 nt
1121 3086 1291 3141 scholiastae
1304 3102 1366 3157 pcr-

86 3176 187 3230 peram
206 3158 434 3227 interpretantur,
449 3158 485 3211 ad
500 3157 697 3229 praecedentia
710 3156 860 3227 pertinent,
875 3158 949 3225 quod
963 3157 1164 3226 Neoptolemus
1177 3158 1240 3213 rixa
1252 3161 1368 3228 propter

88 3247 189 3285 carnes
203 3229 328 3285 excitata
342 3229 484 3295 occiderit,
499 3228 600 3297 Delphi
614 3246 711 3283 necem
723 3227 928 3297 damnaverint,
944 3228 1004 3283 fato
1019 3232 1104 3297 atque
1119 3228 1234 3283 deornm
1248 3227 1367 3285 consilio

89 3320 167 3355 mors
186 3300 364 3370 Neoptolemi
383 3318 469 3370 prope
489 3300 624 3370 templum
638 3299 803 3369 Delphicum
823 3300 967 3353 destinata
984 3299 1077 3367 fuerit,
1097 3300 1144 3353 sed
1165 3301 1201 3353 ad
1221 3300 1367 3369 sequentia

88 3374 179 3427 verba
199 3374 231 3425 ού
249 3374 351 3437 ψεῦδις
365 3372 380 3425 ὁ
394 3371 499 3442 μάρτυς
519 3371 650 3441 ἔργμασιν
670 3371 811 3425 ἐπιστατεῖ
828 3372 895 3424 ‘non
914 3372 1034 3425 mendax
1053 3370 1171 3426 antistes
1190 3371 1368 3425 caerimoniis

89 3443 293 3515 Neoptolemus
315 3445 447 3513 praeest'.
485 3443 562 3497 Haec
585 3442 614 3496 in
638 3458 667 3496 se
691 3442 822 3496 concluse
846 3446 875 3496 et
894 3441 1025 3497 absoluta
1048 3448 1114 3495 sunt
1131 3458 1222 3511 neque
1240 3442 1369 3512 indigent

89 3515 288 3582 additamenti,
303 3514 379 3583 quod
389 3515 533 3584 Mengerus
548 3513 653 3568 adiecit
666 3516 769 3584 puncto
784 3516 849 3583 post
864 3514 1005 3568 ἐπιστατεῖ
1018 3513 1111 3568 deleto
1125 3515 1155 3567 et
1169 3514 1292 3583 enydros
1306 3531 1367 3567 cum

89 3590 208 3657 ἔργμασι
222 3586 378 3641 coniuncte.
398 3586 486 3640 Immo
500 3585 648 3655 genetivus
662 3594 731 3639 τεῶν
747 3583 815 3648 Διός
828 3582 852 3639 τ’
871 3582 993 3655 ἐκγόνων
1003 3583 1163 3655 aproximis
1173 3585 1266 3639 verbis
1280 3604 1368 3654 φαεν-

90 3668 155 3721 ναῖς
169 3659 282 3726 ἀρεταῖς
295 3657 413 3739 pendet:
434 3656 590 3727 splendidis
608 3656 760 3711 virtutihus
775 3656 963 3710 Aeacidarum
976 3660 1082 3780 Bootae
1100 3656 1204 3710 fiducia
1222 3656 1299 3709 facta
1317 3660 1369 3722 est,

91 3734 124 3783 nt
137 3734 199 3783 tam
212 3728 394 3783 honorificam
410 3728 578 3782 sententiam
593 3727 685 3783 ferret.
709 3726 858 3781 Difficilior
872 3727 909 3781 ad
924 3744 976 3796 exp
991 3726 1120 3781 ‘candum
1135 3731 1178 3781 est
1192 3726 1370 3782 accusativus

90 3801 161 3855 δδδν
180 3798 281 3868 κυρίαν
300 3797 396 3869 λόγων.
429 3798 582 3864 Quominns
602 3799 676 3853 enim
695 3816 757 3853 eum
777 3797 983 3868 appositionem
1002 3798 1092 3852 dativi
1110 3799 1222 3868 ἀρεταῖς
1241 3815 1302 3852 esse
1319 3816 1370 3869 pu-

90 3878 197 3939 temus,
216 3870 418 3941 grammaticae
438 3870 527 3940 leges,
546 3870 694 3940 quominus
714 3869 870 3924 accusativi
889 3867 967 3937 τόδε,
991 3869 1194 3923 sententiarum
1211 3887 1298 3924 nexus
1317 3870 1369 3922 im-

90 3942 255 4014 pedimento
273 3944 323 3997 est.
361 3942 429 3995 Inde
448 3941 609 4013 analogiam
629 3940 729 3995 similis
748 3940 964 3995 constructionis
983 3941 1018 3994 N.
1034 3960 1060 3993 sn
1074 3958 1101 3995 ss
1115 3945 1227 3994 secutus
1246 3940 1313 3994 όδδν
1333 3942 1370 3994 ad

93 4014 210 4069 verbum
230 4013 319 4068 εἰπεῖν
338 4010 420 4067 traho
439 4013 514 4067 idem
528 4016 612 4082 atque
627 4011 698 4067 καθ’
720 4012 788 4067 ὁδὸν
806 4012 902 4065 valere
915 4015 1007 4067 ratus:
1021 4012 1074 4065 hoo
1089 4012 1180 4065 dicere
1194 4012 1370 4066 incedentem

92 4087 169 4139 viam
189 4088 346 4155 compotem
365 4084 569 4140 sententiarum
588 4083 670 4139 domo
689 4082 880 4138 adfluentium.

165 4162 199 4209 52
215 4173 250 4210 ss.
275 4156 476 4225 digressionem
500 4156 535 4209 de
559 4156 742 4226 Neoptolemo
766 4154 921 4225 abrumpit,
945 4156 978 4207 ut
1000 4155 1037 4207 ad
1056 4152 1242 4208 Thearionem
1260 4156 1371 4222 patrem

93 4228 207 4283 victoris
233 4230 372 4295 transeat;
399 4228 526 4297 quamvis
552 4227 627 4281 enim
652 4226 728 4281 dulci
751 4244 780 4281 rc
804 4228 939 4296 perpetuo
958 4227 1083 4279 macuta
1101 4225 1249 4279 fastidium
1266 4225 1369 4296 parari.

92 4298 186 4353 Patris
211 4303 305 4354 autem
324 4300 494 4353 mentionem
512 4298 541 4352 in
561 4298 675 4381 epinicii
693 4298 745 4351 filii
763 4294 969 4351 adulescentuli
987 4296 1056 4362 lieri,
1075 4295 1148 4349 nihil
1165 4296 1230 4350 miri
1248 4300 1278 4350 et
1295 4297 1371 4365 qnod

92 4370 230 4439 quaesitis
259 4370 431 4441 argumentis
459 4386 585 4425 excusari
614 4370 727 4438 debeat,
756 4368 843 4422 habet
861 4400 896 4407 —
915 4374 957 4421 53.
986 4367 1155 4421 sententiam
1179 4367 1311 4436 repetivit
1333 4367 1370 4421 ab

93 4442 339 4498 Hom.ll.xn1sae
357 4440 472 4497 πάντων
490 4440 542 4512 μὲν
560 4440 642 4509 κόρος
661 4439 725 4507 ἐστί,
744 4442 792 4494 καλ
811 4438 903 4494 ύπνον
922 4440 968 4492 καὶ
989 4436 1135 4507 φιλότητος
1154 4470 1187 4477 -
1205 4444 1247 4492 54.
1263 4443 1322 4511 φυᾷ
1342 4439 1371 4493 iu

95 4512 233 4585 principio
253 4529 341 4567 norae
360 4513 449 4583 partis
467 4513 571 4582 posuit,
590 4512 665 4581 quod
685 4529 701 4567 a
719 4510 857 4565 facultate
876 4512 978 4564 natura
997 4508 1097 4577 cuique
1115 4510 1243 4579 ingenita
1261 4525 1371 4563 omnem

94 4588 225 4639 eventurn
253 4584 373 4654 pendere
401 4600 564 4654 persuasum
592 4583 728 4651 habebat,
757 4582 883 4637 obscuris
907 4583 1002 4635 autem
1024 4580 1193 4651 ambagibus
1221 4581 1369 4650 significat,

95 4660 126 4710 ut
144 4656 210 4711 aliis
228 4654 402 4725 hominibus,
422 4655 463 4710 sic
481 4654 567 4709 etiam
586 4654 736 4709 Thoarioni
754 4670 810 4707 non
829 4652 924 4707 omnia
943 4669 961 4705 a
978 4654 1081 4706 natura
1099 4652 1168 4707 data
1187 4668 1260 4719 esse;
1286 4652 1370 4711 dane-

95 4731 163 4799 gata
181 4730 276 4783 antem
296 4727 427 4782 siluisse
445 4726 557 4781 videtur
576 4726 699 4797 corporis
718 4728 820 4795 vegeta
834 4725 886 4793 vis,
905 4740 962 4793 qua
980 4723 1009 4777 in
1027 4722 1102 4777 ludis
1121 4723 1258 4794 gymnicis
1273 4722 1370 4778 adver-

96 4799 183 4854 sarios
198 4798 337 4865 vinceret3
352 4798 432 4852 dedit
446 4797 559 4868 quidem
575 4798 601 4853 ei
616 4798 704 4851 Parca
719 4796 882 4851 divitiarum
897 4795 1007 4865 copiam
1021 4811 1094 4864 quae
1108 4794 1249 4856 sufficeret
1262 4796 1371 4862 (καιρόν

147 4902 273 4941 Pisanus
288 4898 322 4937 ed.
337 4898 441 4939 Christ.
1127 4889 1159 4937 19
