3417 5434
635 335 766 384 ΡΥΤΗΙΔ
784 334 816 386 V.

299 496 489 580 πολύφιλον
511 492 637 561 ἑπέταν.

265 598 326 667 soi
349 601 488 689 θεόμορ’
511 601 695 688 Ἀρκεσίλα,

300 711 343 774 σύ
365 713 420 775 τοί
439 717 495 774 νίν
518 714 639 787 κλυτᾶς

300 818 420 892 αἰῶνος
442 816 549 903 ἀκρᾶν
571 818 749 902 βαθμίδων
771 818 836 881 ἄπο

300 926 365 988 σὺν
387 923 519 1011 εὐδοξίᾳ
541 927 749 1008 μετανίσσεαι

299 1029 389 1096 ἕκατι
412 1030 646 1118 χρυσαρμάτου
669 1032 855 1118 Κάστορος,

249 1153 282 1201 10
301 1137 418 1203 εὐδίαν
440 1137 477 1214 ὃς
499 1139 579 1223 μετὰ
600 1137 768 1225 χειμέριον
791 1141 918 1224 ὄμβρον
941 1139 1018 1204 τείιν

299 1247 519 1311 καταιθύσσει
540 1246 706 1332 μάκαιραν
728 1244 849 1312 ἑστίαν.

300 1458 400 1544 σοφοὶ
423 1459 464 1524 δέ
483 1484 534 1526 τοι
557 1461 694 1527 κάλλιον
973 1460 1056 1526 Ἀντ.
1080 1459 1123 1526 α’.
1171 1479 1203 1526 15

299 1566 436 1652 φέροντι
459 1566 514 1632 καί
536 1569 599 1632 τὰν
621 1568 806 1634 θεόσδοτον
828 1569 980 1652 δύναμιν.

299 1671 336 1739 σὲ
358 1673 392 1740 δ’
418 1674 597 1760 ἐρχόμενον
619 1675 656 1740 ἐν
680 1676 757 1762 δίκᾳ

342 1783 447 1858 πολὺς
470 1783 568 1867 ὄλβος
591 1781 820 1867 ἀμφινέμεται·

249 1905 281 1952 15
300 1889 338 1953 τὸ
360 1885 421 1971 μὲν
444 1889 495 1954 ὅτι
517 1891 674 1972 βασιλεὺς

299 1994 371 2060 ἐσσὶ
393 2000 539 2080 μεγαλᾶν
561 2000 702 2080 πολίων,

299 2106 364 2187 ἔχει
387 2101 544 2186 συγγενές
566 2102 598 2168 τ’

298 2209 475 2296 ὀφθαλμὸς
497 2211 706 2278 αἰδοιότατον
729 2211 842 2299 γέρας,

86 2355 298 2362 ——.---—

153 2445 179 2495 5.
199 2437 319 2510 θεόμορ’
336 2440 408 2495 coni.
422 2440 550 2496 Schmid:
569 2438 699 2511 θεόμοιρ’
716 2441 806 2496 ΒΟΙ)
824 2474 859 2481 -
878 2447 902 2496 6.
923 2463 969 2497 νιν
987 2443 1015 2496 Β
1026 2442 1125 2496 0901)
1144 2444 1173 2496 et
1191 2441 1290 2497 schol:
1310 2462 1363 2496 νυν

89 2509 143 2562 0⁵⁰
161 2544 197 2551 -
217 2517 241 2565 7.
268 2512 325 2565 ἀπὸ
344 2511 495 2584 βαθμίδων
513 2513 624 2566 inverso
643 2511 740 2566 ordine
759 2512 861 2566 maluit
879 2512 999 2568 Boeckh.
1020 2547 1053 2553 -
1074 2519 1097 2568 8.
1124 2510 1246 2584 μετανλσ.
1265 2514 1293 2567 Β
1304 2514 1364 2568 OD

88 2613 118 2661 .—
128 2589 171 2637 10.
187 2582 320 2665 εόδιανδς
333 2582 405 2664 coni.
415 2583 575 2653 Schneider,
586 2582 696 2639 εύδιύν’
711 2586 748 2646 ὡς
761 2584 831 2638 coni.
847 2584 941 2675 Bergl}
954 2617 989 2625 -
1004 2585 1054 2640 ἐὰν
1066 2586 1089 2640 0
1100 2617 1135 2625 -
1148 2583 1215 2639 κάτ’
1232 2585 1363 2639 αίθύσσει

87 2655 297 2811 κακία
312 2653 1362 2818 κατακεκόμικενααακιαι,

88 2797 315 2923 {teithi
328 2797 420 2924 &hii
437 2797 1211 2926 {rsisffliffiildsfiissffiiffiiiffiiidii
1227 2816 1363 2926 thil-⁶

92 3039 120 3047 -
137 3016 162 3081 λ.
181 3012 340 3082 πολύφιλον
364 3008 480 3082 ἑπέταν,
506 3013 637 3067 comitem
660 3013 765 3067 multos
784 3013 889 3068 amicos
916 3013 1091 3082 afferentem,
1117 3016 1150 3066 ut
1174 3013 1204 3068 in
1224 3013 1362 3069 Ovidisno

90 3082 167 3164 donec
184 3087 239 3138 eris
256 3085 339 3165 felis,
361 3085 460 3166 maltos
482 3087 638 3140 κκωενωδίε
661 3087 811 3140 amicos-
833 3091 857 3140 7.
878 3086 969 3167 ἀκρᾶν
987 3083 1138 3168 βαθμίδων
1164 3085 1233 3154 ἄπο,
1259 3085 1327 3168 inde
1345 3103 1363 3139 a

90 3155 1361 3298 lactet-stallati&rathsttzttltlttltttl'tttadalta

93 3294 176 3351 allata
200 3303 291 3366 crant,
317 3298 391 3352 nude
410 3298 500 3352 eisin
519 3301 609 3353 strata
627 3299 675 3354 via
693 3299 770 3353 urbis
790 3299 874 3353 aedes
894 3303 1036 3354 exstructa
1063 3302 1136 3367 erat3
1164 3299 1198 3355 ci.
1219 3300 1304 3354 schol.
1325 3301 1363 3354 sd

91 3382 113 3419 v.
132 3384 182 3424 121:
207 3368 318 3438 λέγεται
336 3367 367 3424 δὲ
387 3371 436 3424 καί
459 3370 491 3424 ιδ
517 3370 594 3439 ίερδν
619 3379 675 3426 τῶν
700 3371 881 3439 Διοσκούρων
908 3371 938 3426 ἐν
965 3368 1057 3443 ἐκείνῃ
1080 3379 1113 3442 τῇ
1138 3369 1255 3446 πλατείᾳ
1280 3367 1361 3427 εἶναι.

93 3435 179 3493 litiam
197 3441 229 3494 in
247 3440 368 3494 nummis
387 3440 558 3509 Cyrenarum
577 3441 723 3512 silphium,
749 3459 822 3511 qnae
844 3441 945 3513 planta
964 3442 1116 3512 Cyrenaico
1140 3442 1170 3496 in
1193 3459 1261 3514 agro
1281 3443 1361 3497 uber-

93 3507 154 3564 rime
177 3512 362 3579 nascebatur,
388 3529 452 3566 cnm
477 3513 568 3567 stellis
593 3514 791 3568 Dioscurorum
814 3514 994 3568 coniunctum
1013 3517 1114 3568 exstat.
1152 3514 1362 3585 Peropportune

94 3585 180 3636 autem
198 3583 368 3638 felicitatem
380 3583 518 3639 Arcesilai
536 3585 671 3639 beneficio
686 3585 810 3639 Castoris
824 3585 931 3640 factam
946 3585 1023 3654 dicit,
1038 3589 1070 3640 ut
1084 3585 1133 3654 qui
1147 3589 1176 3639 et
1190 3587 1362 3655 equestrium

93 3656 267 3709 certaminum
290 3672 403 3724 praeses
427 3655 466 3709 sit
487 3659 516 3709 et
539 3673 667 3710 serenum
690 3657 800 3711 caelum
822 3661 888 3726 post
911 3656 1039 3711 turbidas
1067 3657 1205 3727 procellas
1229 3657 1362 3712 reducere

94 3725 227 3794 nodatum
246 3727 281 3781 oi.
296 3727 362 3781 Hor.
377 3727 406 3781 O.
421 3746 431 3779 1
447 3743 479 3796 ιν,
494 3744 527 3784 aa.
556 3728 642 3782 Recte
661 3729 736 3782 enim
755 3729 792 3781 ad
806 3729 904 3783 turbas
918 3728 1025 3798 civiles,
1044 3729 1146 3797 quihus
1162 3729 1360 3799 Demophilum

94 3811 195 3865 quoque
221 3797 252 3851 in
280 3798 397 3852 exilium
424 3801 518 3852 actum
546 3815 607 3852 esse
636 3817 720 3870 supra
746 3800 776 3853 P.
796 3819 824 3853 ιν
843 3816 883 3855 ιω
898 3817 932 3855 ss.
953 3799 1148 3871 cognovimns,
1172 3800 1229 3853 ism
1253 3803 1361 3853 veteres

95 3866 253 3924 scholiastae
279 3869 372 3923 locum
396 3870 576 3925 rettulerunt:
605 3879 688 3925 τοῦτο
713 3869 746 3925 δέ
770 3889 870 3941 φησιν,
899 3869 941 3926 ὅτι
967 3869 1128 3926 ἐστασίαστο
1156 3871 1190 3924 τδι
1217 3873 1281 3940 περί
1310 3873 1362 3940 τὴν

95 3940 218 4010 Κυρήνην
235 3941 387 4011 πράγματα
405 3947 443 4014 τῷ
458 3941 619 4016 Ἀρκεσιλάῳ
637 3941 700 3996 κατ’
723 3943 813 3996 ἐκεῖνο
831 3951 940 4011 καιροῦ.
970 3942 1051 4008 Quod
1066 3944 1102 3996 ad
1117 3944 1285 3996 structuram
1300 3959 1360 3996 ver·
1425 3959 1428 3966 ’

93 4005 183 4064 horum
201 4014 313 4079 attinet,
333 4012 511 4067 accusativus
530 4012 597 4068 τεὰν
617 4011 710 4068 ἑστίαν
729 4014 833 4084 pendet
847 4031 865 4068 a
879 4015 1087 4084 praepositione
1106 4013 1178 4068 κατὰ
1192 4013 1271 4068 verbi
1285 4031 1360 4067 com-

94 4083 170 4146 positi
187 4084 380 4153 καταιθύσσει,
397 4086 431 4137 ut
448 4085 521 4139 P.1v
534 4101 561 4139 aa
577 4083 716 4155 πλόκαμοι
734 4095 824 4140 νῶτον
842 4089 1043 4154 καταίθυσσον,
1064 4084 1242 4140 accusativus
1262 4083 1360 4139 εύδίαν

94 4156 178 4208 autem
199 4171 258 4209 rem
282 4155 436 4226 significat,
463 4173 535 4225 quae
559 4173 594 4210 ex
612 4157 727 4212 Castore
749 4157 844 4211 iocum
863 4157 1001 4212 Arcesilai
1023 4156 1202 4211 illuminante
1220 4156 1360 4211 efficiatur

96 4253 123 4260 —
139 4231 178 4282 13.
204 4225 373 4282 θεόσδοτον·
399 4243 417 4281 a
440 4227 493 4282 deo
512 4227 623 4297 datum;
649 4228 724 4282 idem
742 4245 845 4283 nomen
867 4230 900 4282 fr.
920 4245 946 4283 ss
965 4227 1039 4282 redit
1058 4232 1086 4283 et
1104 4228 1162 4282 iam
1181 4227 1218 4281 ab
1236 4227 1361 4282 Hesiodo

97 4309 150 4366 opp.
163 4314 202 4352 sao
220 4302 388 4369 usmpatnm
406 4301 457 4365 est,
472 4299 509 4353 ad
523 4299 686 4369 analogiam
701 4299 849 4370 compositi
864 4298 1022 4364 διόσ-δοτος
1037 4299 1109 4353 falso
1124 4299 1196 4353 illud
1209 4298 1361 4353 formatum

96 4395 123 4404 κ
140 4375 170 4423 15
188 4389 223 4426 ss.
248 4371 424 4425 fortunatum
448 4370 519 4424 dicit
535 4371 724 4441 Arcesilaum,
748 4372 823 4439 quod
843 4374 873 4424 st
890 4372 970 4441 regia
992 4373 1134 4442 potestate
1153 4374 1268 4424 ornatus
1287 4372 1325 4424 sit
1344 4389 1361 4424 a

97 4440 235 4496 maioribus
265 4441 437 4496 hereditario
463 4441 524 4496 iure
553 4445 683 4513 accepta,
713 4446 742 4495 et
765 4459 840 4498 nnnc
866 4443 902 4496 ob
928 4443 1077 4496 victoriam
1105 4441 1221 4512 Delphis
1249 4451 1361 4513 partam

98 4511 282 4568 comissatione
300 4513 433 4568 iuvenum
452 4513 662 4568 celebretur-
681 4521 724 4570 18.
748 4513 909 4584 ὀφθαλμός·
933 4531 990 4568 non
1009 4517 1052 4568 est
1071 4531 1120 4567 cur
1139 4531 1201 4566 cum
1213 4513 1360 4639 plerisque

97 4581 236 4638 editoribus
256 4584 409 4654 ὀφθαλμὸν
426 4585 617 4654 metaphorice
632 4586 727 4640 lumen
740 4585 870 4640 fortunae
885 4586 1093 4656 interpreteris3
1113 4585 1197 4638 immo
1229 4586 1361 4656 φθαλμὸς

99 4657 132 4705 est
146 4655 232 4726 ipsius
251 4655 399 4723 Arcesilai,
417 4656 466 4725 qui
484 4656 565 4710 vultu
584 4659 754 4728 gravitatem
769 4659 798 4710 et
811 4657 991 4712 maiestatem
1008 4657 1104 4727 regiae
1123 4657 1153 4709 di
1196 4655 1273 4711 'tatis
1312 4675 1360 4712 rae

97 4739 120 4776 sc
139 4727 255 4796 ferebat,
280 4744 366 4794 qnam
384 4727 512 4782 innatam
530 4729 680 4799 (συγγενές)
699 4733 729 4783 et
746 4745 764 4782 a
782 4728 935 4783 maioribus
955 4733 1101 4799 acceptam
1120 4729 1157 4782 ha
1179 4727 1253 4784 ebat.
1290 4677 1360 4784 ham

99 4799 221 4852 contrario
240 4798 370 4868 exemplo
393 4799 518 4854 illustrat
536 4801 632 4855 Cicero
656 4801 685 4854 in
705 4801 781 4855 Verr.
803 4820 831 4854 iv
852 4817 890 4856 ss:
916 4819 945 4856 os
967 4803 1085 4856 hominis
1109 4803 1292 4873 oratoremque
1310 4804 1361 4857 im·
