3417 5434
631 371 763 423 PYTHIA
781 373 828 426 IX.
1302 369 1366 434 207

123 531 291 617 θρέψατο
313 534 416 599 παῖδα
435 533 610 620 Κυράναν·
634 533 656 598 ά
677 530 738 620 μέν
761 533 838 600 οὔθ’
867 536 968 600 ἱστῶν
990 536 1222 621 παλιμβάμους
1245 535 1314 620 ἐφί-

941 647 1040 726 λησεν
1063 642 1174 727 ὁδούς,

126 750 217 814 οὔτε
243 751 389 814 δείπνων
412 750 563 834 οἰκοριᾶν
585 746 658 833 μεθ’
688 746 822 833 ἑταιρᾶν
844 747 994 835 τέρψιας,
1334 766 1367 813 35

68 875 103 920 -ιο
125 855 209 922 ἀλλ’
240 856 437 921 ἀκόντεσσίν
459 879 493 921 τε
516 854 667 942 χαλκέρις

122 963 301 1051 φασγάνῳ
324 987 360 1027 τε
382 961 575 1050 μαρναμένα
598 962 744 1045 κεράιζον
767 962 906 1049 ἀγρίους

123 1077 263 1156 θῆρας,
288 1066 308 1154 ἦ
331 1071 459 1136 πολλάν
481 1093 516 1135 τε
538 1068 594 1134 καὶ
617 1069 757 1154 ἡσύχιον
1333 1088 1368 1134 ιο

124 1175 260 1262 βουσὶν
283 1180 420 1264 εἰρήναν
442 1177 623 1265 παρέχοισα
644 1176 823 1266 πατρῴαις,
846 1179 906 1243 τὸν
929 1175 965 1244 δὲ
989 1181 1168 1262 σύγκοιτον
1186 1179 1314 1261 γλυκὺν

124 1294 271 1368 παῦρον
294 1285 348 1351 ἐπὶ
372 1287 551 1373 γλεφάροις

72 1411 107 1456 25
127 1393 251 1458 ὕπνον
275 1393 491 1460 ἀναλίσκοισα
514 1392 657 1480 ῥέποντα
677 1394 762 1480 πρὸς
784 1391 842 1458 ἀῶ.

126 1612 206 1692 κίχε
232 1633 291 1674 νιν
313 1611 425 1673 λέοντί
444 1606 518 1673 ποτ’
544 1607 793 1697 εὐρυφαρέτρας
1160 1611 1240 1691 Στρ.
1264 1605 1308 1691 β’.
1332 1625 1366 1670 45

125 1715 267 1804 ὀβρίμςο
291 1717 422 1802 μούναν
443 1716 643 1780 παλαίοισαν

128 1824 215 1910 άτερ
243 1821 365 1907 ἐγχέων
389 1820 542 1908 ἑκάεργος
560 1820 740 1889 Ἀπόλλων.

128 1930 259 1995 αὐτίκα
283 1928 314 1994 d’
341 1929 376 1994 έκ
399 1929 552 2016 μεγάρων
574 1933 727 2016 Χείρωνα
749 1927 951 2015 προσέννεπε
975 1937 1086 2016 φωνᾷ·

73 2054 108 2100 so
129 2039 273 2121 Σεμνὸν
296 2038 435 2122 άντρον,
462 2038 642 2124 Φιλυρίὸα,
669 2038 842 2123 προλιπὼν
864 2036 978 2122 θυμὸν
1001 2036 1159 2118 γυναικὸς
1182 2034 1237 2100 καὶ
1259 2060 1313 2122 με-
1333 2053 1366 2100 50

938 2144 1044 2227 γάλαν
1068 2143 1211 2209 δύνασιν

148 2343 195 2392 19.
217 2335 344 2393 δείπνων
362 2339 389 2392 Β
399 2335 453 2394 Di:
473 2340 591 2392 δεῖπνον
607 2338 652 2392 D·
671 2340 701 2392 et
717 2356 744 2392 v.
758 2337 777 2391 l.
793 2337 888 2402 schol..
908 2341 1010 2392 δείνων
1029 2335 1099 2392 coni
1114 2336 1209 2408 Bergk
1224 2369 1256 2377 -
1273 2338 1366 2392 οἰκου-

76 2417 140 2476 ριᾶν
160 2409 309 2500 (οἰκοριᾶν
326 2409 446 2477 Μοεολι.,
466 2409 609 2484 οίιιοορχᾶν
632 2408 796 2478 Schroeder)
819 2406 888 2479 μεθ’
910 2408 1025 2476 έταιρᾶν
1043 2406 1161 2479 τέρψιας
1186 2409 1283 2465 cedde
1306 2409 1365 2478 τέρ-

74 2493 145 2544 ψιας
176 2481 240 2536 ota
283 2481 386 2550 έιαράν
414 2482 560 2551 οἰκουρίαν
589 2498 623 2535 ex
646 2479 759 2535 scholiis
783 2479 882 2534 elicuit
906 2479 1000 2549 Bergk
1024 2511 1055 2520 -
1081 2485 1123 2533 22.
1148 2479 1226 2551 άσυχ.
1246 2480 1313 2534 BD
1332 2511 1365 2520 -

79 2559 119 2606 24.
144 2557 230 2622 γλεφ.
255 2554 292 2609 V:
321 2555 398 2626 βλεφ.
419 2554 446 2606 Β
458 2554 489 2608 D
507 2585 539 2592 -
555 2551 667 2607 ύπνον.
684 2559 837 2620 ..παῦρον
862 2552 892 2620 V,
916 2549 1007 2606 ύπνον
1032 2550 1078 2605 ἐπὶ
1103 2549 1253 2621 γλεφάροις
1274 2550 1363 2621 παῦρ’

77 2624 268 2679 ἀναλίσκοισα
295 2623 367 2679 coni.
393 2623 501 2696 Bergh3
530 2623 708 2693 άλδήσιουσα
737 2641 787 2694 pro
815 2621 998 2677 ἀναλίσκοισα
1027 2621 1098 2677 coni.
1124 2623 1161 2676 Μ.
1188 2621 1303 2676 Schmid
1332 2653 1365 2662 -

78 2699 121 2750 λλ.
141 2694 203 2768 ύβρ.
222 2696 295 2764 ΒΙ),
315 2695 393 2768 ὀμβρ,
408 2697 441 2763 Ρ,
460 2695 494 2751 of.
511 2695 542 2750 O.
558 2713 611 2751 lvi
631 2728 664 2737 -
685 2701 727 2751 29.
747 2695 778 2750 ἐκ
797 2693 926 2766 μεγάρων
945 2693 1039 2751 codd:
1064 2691 1094 2749 dl
1119 2703 1269 2764 σμαραχάιν
1293 2694 1364 2748 coni.

151 2843 194 2892 18.
223 2836 419 2910 παλιμβάμους
442 2836 526 2900 ὁδούς
543 2837 669 2906 Heynius
693 2837 727 2892 de
750 2837 831 2892 radio
849 2838 1052 2908 interpretatur
1070 2852 1119 2908 per
1139 2837 1260 2889 tramam
1278 2838 1363 2890 eunte

80 2910 108 2960 et
123 2909 273 2977 redeunte,
292 2908 449 2963 Boeckhius
468 2909 503 2964 de
521 2909 685 2963 mulieribus
703 2909 801 2979 iugum
819 2909 972 2964 textorium
991 2907 1190 2963 ambientibus.
1226 2906 1364 2962 Boeckhii

79 2978 344 3050 interpretationem
362 2979 508 3034 illustrant
531 2980 652 3036 scholia:
678 2979 887 3054 παλιμβάμους·
908 2981 972 3036 ἀντί
990 2989 1039 3035 τοῦ
1059 2978 1313 3050 παλιμποριύτονς,
1334 2979 1364 3033 αἱ

81 3050 132 3118 γὰρ
151 3051 244 3120 ὀρθαὶ
262 3050 437 3121 ύφαίνουσαι
453 3052 679 3122 προπορεύονται
696 3053 745 3106 καὶ
763 3052 848 3107 πάλιν
863 3053 913 3107 τὸν
928 3052 1015 3107 αὑτὸν
1028 3051 1198 3121 πορεύονται
1212 3047 1300 3105 τύπον
1314 3053 1362 3105 καλ

85 3121 310 3194 ὑποστρέφουσιν
330 3155 363 3163 -
384 3128 424 3178 19.
451 3122 621 3178 scholiastae
640 3123 785 3178 cumatius
804 3133 861 3178 τῶν
879 3121 1002 3178 δείπνων
1021 3123 1071 3186 τὰς
1088 3121 1207 3192 τέρψιας
1225 3122 1289 3176 sins
1307 3131 1364 3177 τῶν

84 3191 202 3261 ἑταίρων
219 3203 278 3250 τῶν
296 3203 345 3249 τοῦ
365 3194 445 3250 οίιιου
464 3197 655 3261 decantaveris
673 3193 723 3258 τὰς
741 3193 859 3264 τέρψιας
876 3195 1104 3266 interpretentur,
1124 3194 1216 3265 ipsam
1234 3193 1363 3249 codicum

81 3262 232 3321 lectionem
256 3267 434 3336 confirmant,
459 3267 508 3321 sed
530 3283 631 3338 parum
650 3266 794 3321 commode
813 3270 870 3321 tres
889 3283 946 3335 res,
966 3266 1068 3336 quibus
1086 3265 1210 3335 virgines
1230 3265 1363 3334 aequales

85 3334 213 3408 (ἑταῖραι)
241 3337 429 3408 delectentur,
449 3338 584 3406 Cyrenam
611 3340 789 3408 aspernatam
816 3355 877 3393 esse
904 3341 1077 3406 statuerunt,
1105 3354 1175 3407 opus
1202 3337 1364 3405 textorium,

82 3407 275 3464 conviviorum
293 3409 408 3480 gaudia,
427 3410 526 3464 domus
545 3409 828 3464 administrationem.
855 3410 928 3481 Apte
948 3409 1022 3464 euim
1042 3408 1151 3478 Cyrene
1171 3407 1363 3464 conviviorum

84 3493 137 3531 una
155 3496 221 3534 cum
240 3481 386 3535 sodalibus
405 3482 519 3535 domum
538 3480 761 3535 custodientibus
783 3481 977 3536 obeundorum
999 3480 1106 3552 gaudia
1128 3480 1269 3550 respuisse
1294 3481 1362 3534 dici-

83 3550 132 3603 tur.
171 3551 328 3607 Offensioni
352 3569 419 3607 sane
441 3555 485 3607 est
508 3552 599 3607 forma
622 3553 769 3621 οἰκουριᾶν
791 3571 848 3607 non
872 3557 931 3607 tam
952 3569 1053 3621 genere
1078 3551 1214 3606 feminino
1234 3555 1294 3623 (αν
1312 3569 1363 3634 pro

85 3626 141 3681 -o'wl
166 3641 256 3692 quam
278 3628 407 3695 correpta
430 3624 606 3695 diphthongo
635 3641 680 3678 ου·
703 3623 798 3679 nescio
821 3627 918 3679 tamen
943 3641 979 3678 an
999 3625 1069 3678 haec
1088 3623 1226 3694 correptio
1245 3623 1362 3678 Aeohca

86 3689 204 3751 dialecto
229 3699 259 3750 et
281 3695 364 3750 analo
388 3695 416 3749 'a
440 3694 596 3765 duplicium
621 3696 773 3750 formarum
798 3705 902 3766 μοῦνος
927 3699 957 3750 et
981 3693 1077 3768 μόνος,
1104 3704 1205 3764 κοῦρος
1224 3697 1253 3748 et
1271 3693 1361 3763 κόρος,

86 3771 180 3830 νοῦσος
199 3769 229 3821 et
249 3765 337 3832 νόσος,
357 3714 440 3834 οῗρος
457 3769 487 3821 et
506 3766 569 3836 ὄρος
587 3767 657 3821 satis
677 3767 791 3822 defendi
807 3767 884 3838 possi
911 3799 946 3808 -
961 3775 1003 3823 20.
1023 3766 1161 3838 χαλκέοις·
1182 3765 1285 3834 aeneis,
1305 3784 1361 3820 non

86 3832 187 3907 ferreis,
198 3838 236 3892 ad
247 3855 348 3892 aerum
357 3837 473 3893 heroum
483 3837 711 3909 significandum,
726 3839 761 3893 cf.
776 3839 828 3895 0.1
843 3856 876 3895 rs.
890 3859 919 3894 ιν
929 3855 963 3894 ιι.
982 3838 1037 3892 Ν.ι
1051 3855 1084 3894 τι.
1099 3858 1116 3891 x
1132 3855 1155 3892 ar
1168 3869 1201 3879 -
1211 3843 1255 3893 25.
1269 3835 1361 3892 ύπνον

87 3900 203 3970 ρ’έιιοντα
226 3909 298 3978 πρὸς
320 3911 374 3964 det·
397 3910 433 3965 cf.
452 3909 517 3966 Eur.
536 3909 619 3965 Rhes.
639 3927 678 3966 555
701 3908 801 3972 ὕπνος·
827 3909 940 3974 ἅδιστος
962 3909 1015 3980 γὰρ
1041 3909 1091 3982 ἔβα
1117 3907 1268 3982 βλεφάροις
1290 3909 1362 3977 πρὸς

87 3976 163 4046 ἀοῦς,
188 3997 262 4050 quse
285 3998 351 4052 pars
370 3981 461 4036 somni
480 3998 542 4035 cum
561 3981 725 4036 dulcissima
743 3982 793 4050 sit,
812 3983 934 4036 maxime
952 3981 1134 4036 venatoribus
1153 3980 1289 4048 fugienda
1308 3983 1359 4035 est.

87 4045 170 4104 Recta
185 4052 235 4106 via
251 4056 333 4106 retus
351 4053 540 4123 paraphrasta
557 4053 702 4107 aberravit
716 4054 916 4124 interpretans:
936 4061 1018 4107 τοῦτο
1033 4051 1065 4106 δέ
1079 4069 1166 4122 φησιν
1181 4053 1217 4115 ὡς
1231 4051 1281 4114 τὰς
1295 4052 1359 4105 νύκ-

88 4137 133 4182 τας
150 4119 215 4188 ὅλας
228 4125 293 4193 περὶ
307 4123 342 4178 τὰ
356 4123 507 4193 κυνηγέσια
521 4123 676 4194 γινομένης,
696 4125 766 4193 πρὸς
780 4125 888 4193 ὄρθρον
902 4123 933 4178 dl
948 4121 1156 4194 κοιιαζομένης·
1177 4122 1263 4176 immo
1277 4139 1359 4177 mane

89 4193 216 4262 surgebat
229 4195 320 4249 somni
334 4195 482 4250 dulcedine
497 4200 592 4266 spreta
611 4227 645 4236 —
665 4202 707 4250 26.
727 4196 851 4249 futuram
871 4195 1012 4250 dominam
1031 4199 1123 4249 terrae
1142 4194 1254 4248 leonum
1269 4195 1360 4248 nutri-

90 4260 125 4314 cis
143 4265 185 4320 ιοί.
205 4267 236 4322 P.
255 4285 273 4320 ν
291 4272 328 4334 5⁸)
345 4285 442 4337 pugna
460 4285 522 4322 cum
542 4268 623 4321 leone
643 4268 773 4334 decebat3
797 4284 883 4336 quam
907 4270 1002 4321 autem
1028 4283 1153 4337 pugnam
1172 4265 1311 4320 Pindarus
1331 4269 1360 4320 et

90 4329 272 4392 Callimachus
286 4338 330 4406 hy.
345 4357 367 4390 ιτ
385 4356 418 4393 ει.
437 4357 469 4390 ιιι
487 4355 526 4393 sos
545 4339 683 4408 Cyrenam
701 4357 764 4392 cum
783 4337 864 4393 leone
883 4337 912 4391 in
931 4337 1009 4392 Pelio
1026 4341 1120 4392 monte
1136 4337 1360 4392 committentem

92 4401 164 4484 lacit,
182 4425 246 4463 eam
263 4409 294 4463 in
312 4409 403 4478 Libya
424 4409 532 4464 factam
550 4410 601 4465 alii
619 4413 718 4481 postea
736 4411 933 4478 narraverunt,
957 4425 1014 4478 qua
1033 4410 1068 4463 de
1086 4425 1116 4462 re
1135 4407 1200 4462 vide
1219 4409 1358 4463 uberrime

91 4471 273 4546 dlsputantem
292 4480 471 4550 Sludniczka,
490 4481 582 4537 Herm.
598 4501 632 4551 as,
651 4502 660 4536 1
677 4500 711 4535 ss.
732 4513 766 4520 —
785 4487 827 4535 28.
847 4480 912 4550 drap
933 4479 1034 4550 ἐγχέων
1053 4479 1216 4550 epexegesis
1236 4495 1296 4534 esse
1317 4480 1358 4533 vi·

91 4543 164 4602 detur
181 4550 301 4607 nominis
320 4551 441 4622 μούναν;
461 4553 496 4607 cf.
511 4553 544 4609 N.
560 4573 592 4607 111
610 4572 634 4608 ιι
652 4585 685 4594 -
702 4558 744 4607 29.
765 4551 794 4606 έιι
813 4551 954 4622 μεγάρων·
974 4569 1008 4605 ex
1027 4551 1140 4622 regione
1156 4553 1221 4605 ante
1236 4551 1358 4620 domum,

93 4631 156 4682 qnae
173 4624 249 4678 notio
269 4641 303 4677 ex
321 4623 510 4678 locutionibus
530 4625 560 4680 ἐκ
579 4627 682 4692 δεξιᾶς,
701 4624 731 4679 ἐκ
749 4632 799 4677 τοῦ
820 4623 979 4694 ἔμπροσθεν
998 4628 1067 4678 nata
1086 4626 1136 4689 est,
1157 4621 1212 4676 nisi
1228 4621 1258 4676 έιι
1275 4623 1358 4693 μεγά-

92 4692 1358 4838 russasistestaptitstatuisset‘lutabat-rtet

94 4828 271 4902 alloquentem
289 4837 359 4892 lacit
377 4839 535 4893 Boeckhius
554 4873 587 4880 -
607 4847 648 4896 30.
670 4837 814 4909 Φιλυρίὸα,
832 4838 966 4908 Philyrae
984 4839 1034 4910 fili,
1054 4839 1088 4894 cf.
1109 4837 1137 4893 P.
1152 4857 1183 4890 ιιι
1203 4855 1214 4893 1
1235 4870 1268 4878 —
