3417 5434
605 329 762 380 obruere
782 332 815 383 x.
1309 330 1349 393 to

80 499 157 557 idem
181 501 298 574 tempus
326 497 414 556 factis
442 499 586 576 cognatas
612 516 660 556 res
687 500 817 557 tractare
845 500 877 557 et
904 498 1052 557 similibus
1080 498 1281 558 locutionibus
1304 500 1351 558 uti

77 588 107 646 in
128 587 239 663 libello,
263 587 324 645 Zur
347 586 545 665 Chronologie
569 586 777 646 Pindarischer
800 587 1047 666 Siegesgestnge,
1071 608 1098 664 p.
1118 600 1152 646 42
1172 607 1219 666 ss,
1242 589 1349 665 proba-

78 678 172 735 vimus
193 680 222 734 et
243 676 325 735 infra
347 676 482 735 carmina
503 676 535 734 P.
550 695 583 734 1x
601 679 633 735 et
650 676 674 735 L
689 696 725 733 111
747 680 956 753 comparantes
979 676 1158 738 evincemus.
1203 678 1350 737 Brevibus

77 767 169 842 igitur
188 765 355 824 intervallis
378 766 541 825 interiectis
564 768 685 841 poetam
707 766 839 842 primum
857 767 944 825 ludos
964 763 1136 843 Olympicus
1160 767 1197 825 ab
1220 766 1349 827 Hercule

77 856 226 913 institutos
249 846 369 936 (Ox),
392 856 498 915 deinde
522 874 629 933 agrum
652 854 846 931 Olympicum
867 856 905 914 ab
928 854 1057 915 Hercule
1081 856 1210 915 oleastro
1233 857 1349 933 Hyper-

76 945 161 1003 boreo
189 944 337 1003 consitum
365 936 415 1026 (Ο.
438 938 501 1025 111),
532 945 571 1002 ad
600 946 784 1020 postremum
814 942 959 1005 Oenomai
989 949 1019 1004 et
1050 944 1169 1022 Pelopis
1199 948 1350 1005 certamen

77 1035 151 1091 ludis
170 1032 333 1109 Olympicis
355 1034 511 1109 praevium
531 1026 580 1115 (O.
599 1026 625 1114 r)
645 1034 827 1093 carminibus
851 1034 1017 1093 illustrasse
1042 1034 1126 1094 duco.
1158 1035 1223 1094 Hoc
1247 1038 1349 1095 autem

76 1129 206 1182 nostrum
230 1142 359 1200 carmen,
383 1124 464 1199 quod
492 1122 529 1181 ab
552 1123 763 1199 exsuperantia
785 1124 911 1183 iuvenili
934 1126 965 1182 et
987 1123 1144 1183 ieiunitate
1169 1125 1350 1184 senescentis

77 1214 144 1270 artis
173 1232 268 1289 aequo
297 1213 458 1272 intervallo
488 1212 585 1291 abest,
616 1212 725 1271 Thebis
749 1232 767 1270 a
790 1216 881 1289 poeta
909 1213 1034 1273 missum
1058 1232 1120 1273 esse
1144 1234 1180 1273 ex
1202 1232 1292 1274 versu
1315 1225 1349 1273 85

78 1306 202 1378 apparet.

157 1392 194 1449 In
215 1390 349 1466 proemio
373 1394 464 1467 poeta
488 1410 518 1449 se
545 1393 703 1467 tamquam
726 1410 762 1449 ex
784 1390 933 1451 oblivione
958 1410 992 1450 ac
1015 1393 1137 1451 veterno
1161 1392 1284 1471 excitat,
1313 1396 1349 1451 ut

79 1500 186 1539 carmen
217 1480 269 1539 diu
298 1479 481 1556 promissum
510 1480 632 1539 tandem
662 1480 824 1557 aliquando
856 1499 925 1539 cum
955 1481 1074 1539 foenore
1102 1481 1206 1540 mittat
1229 1474 1348 1563 (1-12)

81 1569 232 1645 urbemque
263 1570 429 1629 Locrorum
461 1571 492 1628 et
521 1568 736 1647 Agesidamum
765 1570 909 1629 victorem
941 1588 1003 1628 una
1035 1589 1104 1630 cum
1136 1570 1232 1648 alipta
1263 1571 1348 1631 Iolao

80 1659 209 1717 laudibus
232 1662 319 1719 ornet
342 1651 486 1740 (la—23).
527 1658 564 1716 In
585 1658 746 1734 principali
768 1662 854 1734 parte
879 1659 1018 1717 carminis
1042 1652 1188 1740 (al—77),
1212 1679 1281 1719 cum
1304 1660 1348 1719 fa-

80 1748 143 1807 bula
163 1752 226 1806 tam
248 1749 375 1827 longum
398 1767 518 1808 carmen
536 1766 635 1807 carere
654 1768 714 1808 non
732 1751 841 1827 posset,
861 1768 957 1824 neque
976 1748 1156 1808 domesticae
1174 1768 1221 1809 res
1240 1750 1347 1810 Locro-

82 1858 140 1895 rum
160 1837 429 1914 Epizephyriorum
450 1837 586 1896 fabulam
609 1838 845 1915 suppeditarent,
870 1836 1042 1914 Olympicos
1065 1838 1161 1915 ludoS,
1183 1839 1215 1897 in
1239 1838 1349 1915 quibus

82 1927 264 2005 Agesidamus
282 1927 416 2003 palmam
435 1927 531 1986 multo
551 1946 619 1985 cum
637 1926 738 1986 labore
757 1929 916 2003 meruerat,
932 1927 969 1985 ab
983 1927 1111 1987 Hercule
1131 1928 1266 1987 conditos
1284 1947 1348 1988 esse

82 2020 180 2074 narrat
224 2017 327 2091 Atque
355 2016 487 2092 primum
514 2016 601 2075 ludos
629 2036 664 2074 ex
691 2016 815 2093 praeda,
844 2034 905 2092 qua
933 2016 983 2075 ille
1007 2016 1127 2095 Auges,
1154 2018 1247 2094 impio
1277 2038 1346 2095 rege

81 2105 215 2182 Pisarum,
237 2105 356 2165 devicto
378 2105 495 2181 potitus
518 2108 604 2182 esset,
625 2105 783 2165 institutos
802 2123 865 2164 esse
884 2105 975 2164 refert
994 2098 1139 2187 (al—59).
1176 2106 1262 2184 Exin,
1282 2108 1347 2182 qui-

81 2214 140 2253 nam
155 2195 258 2270 primis
276 2195 339 2253 illis
357 2194 437 2253 ludis
456 2195 487 2253 in
506 2194 633 2273 siugulis
657 2195 854 2254 certaminum
877 2194 1036 2272 generibus
1058 2196 1192 2271 praemia
1213 2196 1347 2273 tulerint,

82 2289 106 2341 et
126 2303 201 2359 quae
223 2284 442 2345 sollemnitates
469 2284 634 2343 certamina
661 2284 716 2343 sub
743 2302 901 2360 vesperum
930 2286 1050 2343 secutae
1078 2284 1151 2362 sint,
1180 2284 1276 2343 facete
1299 2304 1347 2344 ex-

81 2375 155 2447 ponit
175 2366 322 2455 (60-77).
362 2374 435 2433 Inde
461 2374 492 2431 in
517 2375 649 2433 extrema
674 2375 760 2449 parte
785 2373 926 2433 carminis
952 2392 1020 2433 eum
1046 2374 1153 2432 adres
1176 2377 1347 2450 praesentes

81 2462 213 2539 rediisset,
232 2467 327 2521 semet
348 2462 449 2538 ipsum
472 2466 504 2522 et
526 2462 650 2523 chorum
671 2467 708 2521 ut
731 2463 858 2539 epinicio
883 2462 1012 2522 carmine
1037 2463 1074 2521 ad
1097 2482 1233 2522 normam
1255 2463 1347 2540 prisc-

82 2571 154 2609 orum
175 2552 300 2611 illorum
319 2551 461 2611 ludorum
479 2552 644 2628 composito
663 2552 794 2628 primum
811 2551 893 2611 Iovis
911 2572 1021 2611 numen
1039 2552 1227 2627 praedicaret
1244 2552 1346 2612 cobor-

82 2644 151 2698 tatus
177 2641 314 2701 versibus
341 2659 406 2700 sero
434 2640 545 2719 missis,
576 2642 627 2701 sed
654 2644 755 2701 tamen
782 2646 868 2719 grate
892 2641 1170 2717 supervenientibus
1193 2641 1345 2703 civitatem

82 2730 229 2789 Locrorum
236 2730 478 2789 florentissimam
488 2732 519 2789 et
530 2750 657 2806 puerum
666 2731 810 2790 victorem
821 2730 1056 2806 pulcherrimum
1067 2730 1174 2789 laudat
1183 2723 1345 2811 (rs—105).

154 2820 272 2878 Fabula
299 2838 377 2896 quae
404 2820 461 2879 hoc
488 2819 619 2878 carmine
646 2821 677 2878 et
704 2820 793 2879 tertio
818 2819 975 2896 Olympico
1004 2820 1133 2879 carmine
1158 2820 1193 2879 de
1216 2820 1345 2879 Hercule

82 2907 174 2968 Dorice
204 2909 356 2969 conditore
386 2908 526 2968 ludomm
550 2907 775 2985 Olympicorum
805 2908 941 2985 exposita
964 2911 1021 2986 est,
1046 2928 1226 2987 magnopere
1250 2909 1287 2967 ab
1311 2928 1346 2968 ea

82 2996 228 3076 discrepat,
256 3018 349 3074 quam
378 2997 544 3057 sacerdotes
571 2998 639 3056 Elei
666 2998 701 3057 de
724 2998 815 3057 Idaeo
838 2998 968 3057 Hercule
992 3000 1114 3057 auctore
1137 2995 1346 3075 Olympiorum

83 3087 230 3146 narrabant
252 3080 294 3168 (r.
314 3087 402 3146 Paus.
422 3105 477 3145 vur
498 3099 522 3163 7,
542 3097 566 3145 6.
592 3087 688 3147 Strab.
703 3106 758 3145 vm
776 3108 805 3164 p.
819 3098 880 3146 355.
904 3086 1025 3147 Diodor.
1045 3106 1079 3145 111
1100 3099 1141 3163 74,
1160 3100 1185 3147 4.
1204 3106 1223 3145 v
1243 3099 1285 3165 64,
1306 3081 1345 3168 o).

82 3172 193 3235 Videtur
215 3181 319 3235 autem
341 3176 490 3235 Pindarus
509 3179 641 3235 veterem
659 3177 771 3235 famam
790 3176 974 3255 immutasse,
993 3179 1030 3235 ut
1047 3176 1176 3255 gloriam
1199 3177 1346 3236 antistitis

83 3262 190 3325 Doricae
208 3266 312 3343 stirpis
331 3264 529 3341 amplificaret
547 3267 578 3324 et
596 3266 771 3326 memoriam
788 3266 904 3325 Dorum
923 3265 955 3324 in
973 3285 1081 3344 agrum
1099 3266 1243 3325 Pisanum
1262 3266 1345 3326 inva-

84 3352 200 3413 dentium
223 3374 292 3415 cum
316 3353 507 3414 institutione
526 3354 668 3414 ludorum
687 3353 911 3431 Olympicorum
931 3355 1133 3433 coniungeret.
1170 3354 1249 3415 Hinc
1267 3356 1345 3413 illud

85 3460 185 3519 quoque
204 3445 381 3522 explicatur,
401 3444 481 3520 qnod
494 3443 618 3522 Augeae
637 3446 668 3503 et
681 3444 914 3503 Molionidarum
932 3462 1039 3504 causas
1058 3444 1180 3504 miscuit
1198 3446 1229 3503 et
1245 3445 1345 3503 varias

84 3529 248 3593 incursiones
271 3553 307 3593 ex
330 3533 455 3594 diversis
477 3533 651 3611 regionibus
673 3534 705 3591 in
723 3533 842 3593 Elidem
860 3533 898 3592 ab
917 3532 1046 3593 Hercule
1066 3534 1162 3593 factas
1182 3534 1345 3593 infamem

85 3620 158 3679 unius
171 3623 342 3699 splendidae
357 3622 554 3699 expeditionis
568 3622 721 3699 conflavit,
736 3643 764 3682 v.
774 3622 933 3700 Luebbert,
943 3623 987 3683 De
999 3622 1180 3682 Pindearm.
1190 3621 1307 3700 Olymp.
1316 3643 1344 3700 x,

86 3707 165 3770 Kiliae
185 3715 280 3791 1881,
305 3710 464 3789 Originum
486 3711 660 3771 Eliacarum
683 3712 784 3789 capita
807 3713 925 3790 selecta,
948 3712 1140 3771 Meletemata
1163 3712 1198 3770 de
1222 3712 1345 3770 Pindari

86 3801 230 3861 uminum
251 3801 362 3879 quibus
378 3799 536 3876 Olympiae
555 3801 685 3879 origines
699 3802 782 3861 canit
795 3802 937 3880 fontibus,
952 3802 1074 3861 Bonnae
1091 3803 1184 3879 1882,
1200 3801 1344 3860 Wilamo·

86 3887 150 3967 witz,
169 3892 240 3951 Eur.
258 3892 381 3950 Herakl.
401 3910 411 3947 1
430 3902 490 3950 ί271.

609 4026 653 4092 De
676 4028 798 4094 metris.

157 4157 299 4218 Carminis
326 4158 418 4217 huius
445 4158 563 4217 numeri
590 4161 662 4217 sunt
689 4159 838 4237 paeonici,
867 4159 1024 4235 dactylicis
1052 4162 1082 4218 et
1109 4158 1289 4236 logaoedicis
1313 4162 1344 4218 et

87 4244 195 4317 epitritis
217 4248 261 4307 ita
284 4247 380 4324 mixti,
403 4250 441 4305 ut
463 4250 494 4306 et
517 4247 692 4307 colometria
715 4251 746 4307 et
767 4249 879 4325 pedum
905 4248 1011 4309 divisio
1035 4248 1249 4307 incertissimae
1274 4250 1342 4309 sint.

89 4329 139 4391 lan
154 4340 264 4396 veteres
283 4338 422 4397 metricos
442 4337 591 4413 quomodo
610 4338 676 4397 cola
694 4337 784 4396 huius
804 4337 943 4397 carminis
962 4338 1121 4397 dividenda
1140 4339 1239 4395 essent
1257 4337 1342 4396 dubi-

89 4427 286 4501 taceremne
304 4427 342 4484 ad
360 4446 388 4486 v.
403 4437 437 4483 24
457 4428 620 4504 testantur,
640 4426 691 4484 sed
709 4427 798 4503 plane
817 4428 935 4487 futtiles
954 4427 1081 4485 istorum
1099 4425 1231 4485 rationes
1249 4427 1342 4485 fuisse

87 4525 140 4569 sun
152 4515 321 4575 colometria
335 4514 470 4574 codicum
488 4518 554 4574 tum
573 4516 676 4591 inepta
694 4517 854 4593 explicatio
872 4517 1049 4576 scholiastae
1068 4515 1184 4574 metrici
1199 4518 1340 4593 arguunt

89 4595 193 4662 Maxime
219 4609 324 4663 autem
347 4604 500 4663 offensioni
528 4609 601 4662 sunt
623 4605 738 4681 epitriti
766 4607 855 4683 pedes
878 4607 964 4665 iuxta
987 4605 1173 4664 ditrochaeos
1196 4623 1287 4680 puros
1311 4608 1341 4663 et

88 4704 193 4757 paeones
209 4693 313 4770 positi,
332 4693 477 4769 siquidem
495 4693 585 4751 huius
604 4694 757 4754 societatis
775 4696 836 4755 alia
855 4697 990 4771 exempla
1009 4694 1078 4755 novi
1102 4694 1194 4754 nulla.
1236 4695 1341 4770 Neque

41 4791 42 4794 ’
90 4792 145 4836 uum
169 4788 245 4842 recte
269 4782 404 4841 uersibus
427 4785 477 4841 str.
496 4795 522 4841 4.
542 4804 586 4859 ep.
607 4796 631 4844 1.
650 4797 666 4842 2
685 4784 844 4845 iambicam
866 4785 976 4863 basim,
1004 4784 1138 4845 versibus
1162 4804 1207 4859 ep.
1227 4796 1251 4843 3.
1271 4796 1296 4845 4.
1317 4796 1340 4845 5.
