3417 5434
619 363 845 416 FRAGMENTA.
1308 362 1372 425 387

92 529 173 590 coni.
206 529 326 606 Reiske,
359 531 428 590 fort.
459 522 607 611 άσταθὴς)
637 528 710 590 κατὰ
742 529 913 608 Πίνδαρον,
945 525 1015 589 eddi
1048 529 1174 609 δίδυμον
1206 526 1373 609 στρέφουσα

91 618 256 695 πηδάλιον,
274 615 345 677 ἀλλὰ
368 611 478 697 μᾶλλον
497 617 651 696 Εὐνομίας
673 617 723 678 καί
742 622 879 691 Πενδοῦς
901 617 1014 696 ἀδελφὴ
1032 618 1083 678 καί
1101 620 1296 699 Προμηθείας
1313 624 1373 678 θυ-

89 707 203 786 γάτηρ,
231 704 271 778 ὡς
298 712 466 788 γενεαλογεῖ
482 700 608 786 Ἀλκμάν
627 741 670 748 -
693 709 781 769 Peus,
802 728 845 767 vu
864 721 908 785 26,
927 719 956 767 8:
980 705 1036 789 ἐγὼ
1058 705 1112 786 μὲν
1137 699 1193 768 οὖν
1211 708 1372 788 Πινδάρου

89 795 130 854 τά
154 818 184 855 τε
206 793 279 856 άλλα
300 797 442 874 πείθομαι
464 805 499 880 τῇ
523 791 601 881 ᾠδῇ,
628 795 678 856 καί
706 799 855 877 Μοιρῶν
883 819 917 856 τε
941 789 1036 856 εἶναι
1058 797 1142 876 μίαν
1166 796 1230 875 τὴν
1256 797 1372 877 Τύχην

89 883 154 946 καί
178 882 266 966 ὑπὲρ
289 884 349 958 τὰς
372 883 528 963 ἀδελφάς
551 909 582 945 τι
605 885 751 966 ἰσχύειν.

258 1664 494 1749 Ἀλλοτρίοισιν
517 1665 561 1749 μὴ
584 1668 794 1751 προφαίνειν,
816 1668 866 1740 τίς
890 1662 1023 1749 φέρεται

257 1773 383 1854 μόχθος
404 1772 517 1855 άμμιν.
552 1773 650 1836 τοῦτό
674 1769 714 1854 γε’
733 1795 785 1836 τοι
807 1770 925 1856 ίερέο·

255 1883 367 1943 καλῶν
389 1874 450 1960 μὲν
473 1874 522 1942 ὧν
543 1878 664 1962 μοῖράν
686 1901 721 1942 τε
743 1888 894 1963 τερπνῶν
917 1876 949 1953 ἐς
971 1876 1073 1960 μέσον
1096 1878 1158 1961 χρὴ
1181 1875 1280 1942 παντί
1303 1883 1372 1966 λαῷ

259 1984 442 2049 δεικνύναι·
466 1987 497 2049 εί
518 1983 558 2049 δι’
577 2008 627 2061 τις
650 1983 859 2068 ἀνθρώποισι
883 1985 1063 2061 θεόσδοτος
1085 1986 1146 2048 άτα
1235 1994 1237 1997 ’

224 2091 442 2176 σπροστύχῃ,
466 2091 589 2156 ταύταν
613 2093 719 2156 σκότει
743 2091 902 2176 κρύπτειν
925 2093 1040 2156 ἔοικεν.

702 2845 740 2906 Ὠ
763 2839 894 2923 τέκνον,

256 2951 395 3014 ποντίου
418 2950 525 3034 θηρὸς
546 2951 703 3033 πετραίου
727 2947 828 3034 χρωτὶ
851 2949 991 3033 μάλιστα
1014 2951 1094 3012 νόον

255 3055 456 3141 προσφέρων
478 3055 790 3132 πάσαιςπολίεσσιυ
814 3056 932 3139 ὁμίλει·

256 3173 301 3250 τῷ
325 3165 481 3246 παρεόντι
505 3161 532 3226 δ
562 3162 754 3246 ἐπαινήσαις
777 3159 861 3227 ἑκὼν

222 3286 237 3333 5
257 3268 366 3334 ἄλλοτ’
393 3269 508 3335 ἀλλοῖα
532 3272 659 3355 φρόνει.

662 3421 705 3478 44
730 3411 810 3498 [καλ

255 3625 430 3710 Ὠγυχίους
454 3625 484 3691 δ’
513 3623 609 3712 εὗρεν
633 3627 717 3692 ὅπου
740 3627 916 3710 νάσθησαν
940 3624 973 3702 ἐς
996 3627 1085 3693 αι’πύ.

167 3819 210 3876 Fr.
231 3827 272 3875 λλ.
307 3820 382 3876 scob.
397 3819 492 3876 Floril.
508 3839 551 3872 cix
566 3837 591 3876 1:
610 3818 756 3887 Πινδάρου
775 3817 882 3889 ύμνοιιἸ
903 3816 1115 3887 ἀλλοτρίοισι
1132 3823 1188 3874 κτλ.
1217 3818 1372 3886 Praecepta

93 3911 157 3948 esse
177 3891 340 3962 Amphiarai
359 3891 544 3962 Amphilocho
564 3891 621 3946 filio
643 3892 711 3945 data
730 3891 873 3960 perspexit
892 3890 984 3960 Bergk
1004 3923 1036 3930 -
1058 3897 1080 3944 1.
1101 3889 1164 3945 fort.
1183 3887 1323 3959 πρόφαιν’
1348 3888 1377 3942 εί

93 3986 136 4026 τις
163 3997 195 4004 -
222 3970 246 4019 4.
273 3965 450 4033 ἀνθρώποισι
478 3963 630 4018 Hermann:
659 3963 823 4030 ἀνθρώποις
851 3962 931 4016 codd.
957 3993 992 4002 —
1019 3959 1172 4024 διόσδοτος
1200 3961 1391 4030 Stephanum

93 4033 269 4098 ἀθεόσδοτος
292 4035 371 4090 codd.
392 4067 425 4075 -
445 4041 469 4088 5.
494 4035 645 4105 προστύχοι
667 4053 692 4088 v.
712 4033 731 4087 l.
751 4066 784 4073 -
808 4031 901 4087 σκότει
924 4033 995 4086 coni.
1015 4032 1145 4089 Grotius:
1164 4029 1263 4087 σκόπει
1281 4032 1372 4100 οοδδ.,

94 4105 184 4162 σκότει
202 4105 396 4162 Schneidewin
416 4139 449 4146 -
468 4106 529 4160 Huc
548 4106 580 4161 fr.
602 4123 706 4160 rec-raa
724 4103 869 4159 revocarit
887 4103 1088 4159 Schneidewin.

167 4162 212 4233 ih.
232 4185 274 4232 43.
303 4178 403 4234 Athen.
419 4198 457 4232 σοι
475 4177 562 4233 51³0:
582 4175 706 4240 τοιοῦτός
726 4176 783 4230 ἐστι
801 4177 849 4229 καὶ
868 4174 883 4229 δ
901 4185 1049 4243 παραινῶν
1064 4172 1217 4248 Ἀμφιλόχῳ
1235 4180 1273 4246 τῷ
1292 4170 1375 4227 παιδί

94 4251 123 4320 (i.
139 4267 163 4305 e.
178 4249 389 4319 Amphiaraus)·
409 4244 430 4303 ὦ
449 4247 571 4304 τέκνον
590 4252 645 4302 κτλ.
674 4248 747 4304 Plut.
763 4248 798 4302 de
813 4246 907 4302 solent.
921 4247 1005 4301 anim.
1021 4264 1060 4302 er:
1079 4256 1135 4301 τῶν
1154 4245 1186 4300 δὲ
1206 4243 1374 4300 πολυπόδων

93 4331 143 4392 τῆς
158 4319 243 4392 χρόας
257 4321 308 4390 τὴν
323 4320 440 4390 ἄμειψιν
455 4320 470 4374 δ
484 4339 512 4374 τε
527 4318 669 4390 Πίνδαρος
684 4315 851 4392 περιβόητον
865 4315 1018 4388 πεποίηκεν
1034 4319 1131 4373 είπίον·
1149 4314 1303 4372 Ποντίου
1317 4321 1374 4371 κτλ.

96 4393 176 4446 Idem
195 4391 301 4456 Quaeet
318 4395 376 4446 nat.
398 4409 429 4446 re.
458 4391 565 4446 Lucian
583 4392 618 4445 de
637 4391 700 4446 salt.
716 4408 749 4446 οι.
778 4390 948 4462 Fragmenta
966 4407 992 4444 ιε
1011 4392 1040 4444 et
1057 4407 1084 4445 ιι
1103 4389 1229 4444 eiusdem
1248 4405 1309 4442 eene
1328 4405 1373 4442 ar-

95 4463 225 4537 gumenti
242 4463 374 4532 probavit
392 4464 446 4517 Ber
465 4464 531 4516 k-
546 4463 698 4516 Pindarum
712 4461 834 4531 vestigia
848 4461 950 4531 legisse
964 4460 1122 4516 Boeclrhiue
1140 4459 1283 4513 intellexit
1302 4458 1375 4529 epici

94 4535 227 4590 carminis
255 4535 374 4590 fortasse
398 4535 456 4588 The
478 4533 565 4601 aidis,
592 4534 670 4588 cuiue
689 4535 755 4588 Ath.
774 4553 813 4587 vn
831 4550 894 4588 err·
912 4533 1036 4586 servavit
1058 4533 1110 4586 hoe
1129 4547 1239 4586 vercae:
1265 4530 1374 4584 Πουλύ-

94 4605 184 4670 ποδός
202 4626 258 4676 μοι,
277 4606 384 4676 τέκνον,
405 4605 475 4676 ἔχων
493 4603 569 4674 νόον,
586 4602 725 4676 Ἀμφίλοχ’
744 4603 822 4674 ἤρας,
840 4607 844 4674 Ι
860 4611 949 4658 τοῖσιν
971 4601 1137 4674 ἐφαρμόζου,
1155 4611 1211 4656 τῶν
1231 4620 1280 4656 κεν
1301 4601 1374 4655 κατὰ

96 4681 188 4750 δῆμον
208 4676 286 4748 ἵκηαι
305 4709 338 4719 -
358 4685 382 4731 4.
401 4677 432 4732 τὸ
451 4677 558 4745 παρεὸν
577 4675 604 4730 δ’
627 4675 780 4746 ἐπαινήσας
797 4693 823 4732 v.
843 4675 862 4730 l.
882 4693 926 4756 ap.
946 4674 1047 4729 Athen.

167 4749 210 4804 rr.
231 4754 273 4804 44.
303 4749 395 4804 Schol.
410 4749 480 4804 Stat.
496 4747 582 4804 Theb.
597 4763 673 4816 11853
693 4747 722 4801 in
741 4747 922 4802 restituendis
941 4747 1034 4800 verbis
1053 4745 1191 4816 corruptis
1210 4748 1240 4799 et
1257 4742 1374 4800 difficile

97 4820 234 4876 sanandis
252 4820 404 4876 Webermn
423 4823 534 4875 secutus
554 4837 622 4876 eum.
1306 4831 1311 4840 ·
1348 4862 1352 4867 .
