3417 5434
417 323 439 378 I.
466 324 516 374 DE
535 321 729 374 CODICIBUS
748 322 1000 385 SUBSIDIISQUE
1019 323 1181 376 camora
1369 322 1436 376 XIII

146 484 396 550 Teubnerianae
419 484 507 550 foras
531 483 645 548 editae.
682 481 791 568 Atque
815 505 890 549 cum
911 483 966 548 diu
984 505 1086 568 paene
1105 484 1313 549 temerarium
1331 484 1438 550 visum

146 597 236 658 esset
264 597 343 676 post
364 590 523 657 Boeckhii
552 613 645 656 curas
668 588 802 655 Pindari
830 590 930 655 verba
957 590 1076 656 iterum
1105 591 1279 656 sollicitare
1307 596 1340 656 et
1364 614 1436 657 con-

146 699 285 763 iecturis
311 704 451 783 tentare,
474 697 607 783 Bergkii
626 696 750 784 ingenii
769 697 857 762 felici
876 719 1028 762 successu
1047 698 1103 762 1111
1121 720 1250 783 quoque
1268 699 1330 764 viri
1348 700 1437 764 docti

145 806 282 871 adducti
307 810 400 891 sunt,
422 810 459 870 ut
483 806 638 870 obscuros
661 805 764 889 locos,
788 804 844 888 qui
866 803 954 868 haud
971 805 1068 890 pauci
1086 806 1264 890 restabant,
1288 807 1436 871 acumine

146 913 343 978 emendandi
369 912 481 998 potius
509 935 606 997 quam
634 912 781 976 artificiis
804 911 1086 996 interpretationis
1111 911 1260 998 expedire
1284 935 1436 978 conaren-

146 1027 211 1084 tur.
259 1018 374 1105 Neque
406 1020 530 1084 frustra
562 1018 760 1084 emendando
794 1017 934 1082 Pindaro
967 1041 1099 1104 operam
1131 1042 1267 1084 narasse
1298 1020 1434 1085 dixerim

147 1126 400 1192 Mauritium
444 1125 651 1210 Schmidt,
701 1124 838 1190 Pindars
881 1124 1156 1212 Siegesgesiinge,
1200 1124 1301 1191 denae
1342 1128 1436 1212 1869,

147 1233 366 1299 Johannem
398 1233 514 1319 Bury,
546 1233 613 1298 The
647 1232 793 1298 Nemean
826 1233 903 1297 odes
937 1232 974 1296 of
1002 1230 1139 1316 Pindar,
1169 1231 1306 1297 London
1338 1235 1434 1318 1890,

147 1341 372 1406 Eduardum
400 1341 603 1426 Boehmer,
632 1339 767 1404 Pindars
796 1339 957 1405 sicilische
986 1337 1091 1424 Oden,
1119 1339 1212 1403 Bonn
1242 1341 1342 1426 1891,
1370 1339 1435 1404 Sa-

148 1448 314 1512 muelem
343 1447 486 1534 Nabar,
511 1447 629 1512 Mnem.
653 1447 694 1513 N.
714 1447 750 1513 F.
770 1448 986 1531 11124-44,
1012 1446 1223 1511 Henricum
1247 1469 1319 1511 van
1341 1447 1435 1512 Her-

146 1555 315 1638 werden,
349 1553 520 1620 Pindarica
550 1556 585 1618 in
617 1577 691 1620 ann.
719 1556 758 1620 cl.
785 1554 865 1639 phil.
894 1554 998 1640 suppl.
1021 1571 1085 1617 xm
1111 1555 1218 1619 1-32
1251 1560 1284 1620 et
1317 1553 1433 1619 Studia

147 1662 264 1756 critica
288 1668 321 1727 et
344 1661 510 1748 epicritica
531 1663 566 1726 in
588 1661 778 1746 Pindarum,
806 1661 892 1726 Trai.
915 1663 956 1726 ad
978 1660 1081 1725 Rhen.
1103 1662 1202 1745 1884,
1230 1661 1432 1747 Hugonem

147 1769 331 1854 lurenka,
363 1769 475 1834 Novae
502 1769 657 1835 lectiones
686 1767 876 1834 Pindaricae
902 1768 938 1832 in
965 1765 1057 1832 Stud.
1086 1766 1224 1832 Vindob.
1253 1768 1316 1832 vol.
1340 1785 1378 1832 rx
1405 1781 1432 1832 a.

150 1877 254 1962 1893,
288 1877 370 1941 11111
403 1898 484 1962 quos
517 1898 575 1940 suo
607 1875 679 1940 loco
711 1874 745 1940 in
778 1875 1020 1940 commentariis
1047 1874 1233 1940 nominabo.
1280 1874 1433 1958 Inprimis

146 1981 404 2048 Herwerdenum
434 1982 545 2068 laude,
570 1981 674 2047 1111111
695 1980 864 2067 ingeniose
887 1986 1083 2066 tentantem,
1109 1981 1268 2046 nonnulla
1294 1981 1433 2047 feliciter

146 2094 388 2173 personantem.
434 2089 516 2155 Mihi
548 2089 612 2175 ipsi
643 2110 746 2174 pauca
778 2088 906 2154 iteratis
940 2088 1027 2153 curis
1063 2088 1246 2154 emaculare
1283 2089 1432 2176 contigit,

145 2196 257 2282 plura,
281 2218 363 2281 quae
387 2198 603 2262 tentaminum
625 2219 723 2280 quam
746 2196 1010 2261 emendationum
1028 2195 1159 2260 nomine
1178 2195 1328 2282 digniora
1346 2196 1432 2282 duxi,

146 2303 182 2366 in
215 2305 459 2370 commentariis
492 2303 614 2370 criticis
651 2304 838 2369 delitescere
876 2326 974 2387 quam
1006 2303 1040 2367 in
1075 2307 1168 2368 textu
1204 2302 1287 2368 falsa
1325 2304 1432 2389 specie

147 2410 320 2496 splendere
343 2412 451 2476 malui.
489 2409 552 2477 Sed
574 2411 628 2477 hic
652 2433 780 2496 quoque
804 2410 926 2476 chartis
949 2410 1078 2495 peperci
1096 2433 1200 2494 neque
1220 2432 1331 2476 omnes
1351 2433 1432 2495 quas

145 2539 306 2583 noveram
338 2525 371 2583 et
401 2520 436 2585 in
468 2519 597 2584 chartas
630 2519 710 2582 mihi
743 2518 944 2582 conieceram
975 2516 1177 2581 coniecturas
1209 2517 1244 2581 in
1274 2521 1432 2603 apparatu

146 2623 264 2688 critico
289 2626 465 2690 enotandas
494 2630 527 2690 11
552 2625 797 2711 perscribendas
826 2623 1020 2688 existimavi.
1061 2624 1194 2688 Etenim
1216 2645 1283 2689 non
1305 2630 1432 2690 tantam

146 2731 256 2796 labem
284 2730 416 2796 Pindari
450 2731 556 2798 oratio
588 2732 726 2797 traxisse
759 2730 839 2796 mihi
872 2731 1056 2815 videbatur,
1088 2735 1125 2795 ut
1155 2730 1331 2796 audacibus
1358 2753 1432 2796 con·
1495 2763 1502 2771 ·

145 2838 282 2903 iacturis
310 2862 384 2914 cum
414 2839 551 2904 aliorum
579 2839 723 2906 virorum
751 2839 921 2903 doctorum
949 2844 1019 2903 tum
1046 2837 1224 2924 Hartungii
1252 2842 1285 2903 et
1313 2837 1432 2904 Borne

145 2947 259 3010 manni
285 2946 510 3032 obtemperare
531 2947 581 3012 fas
605 2968 676 3011 1111
699 2946 862 3026 ducerem,
886 2967 990 3030 neque
1013 2947 1134 3010 multos
1153 2945 1223 3010 fore
1243 2967 1361 3031 spero,··
1376 2947 1431 3033 qui

146 3076 232 3118 vana
251 3057 285 3118 et
303 3054 435 3122 inutilia
453 3054 634 3120 tentamina
653 3077 672 3118 a
690 3077 741 3118 me
761 3053 892 3118 silentio
910 3053 1139 3138 praetermissa
1158 3075 1228 3118 1111
1247 3059 1433 3140 querantur,

145 3162 210 3226 nisi
238 3161 325 3226 forte
354 3163 541 3228 etiamnunc
567 3161 662 3227 multi
686 3166 776 3247 sunt,
803 3161 860 3247 qui
882 3161 973 3226 lusus
996 3160 1120 3246 ingenii
1143 3159 1276 3225 inutiles
1298 3161 1431 3226 immor-

147 3270 272 3334 talitati
296 3270 478 3336 consecrari
502 3269 611 3335 velint.

236 3378 290 3442 En
332 3379 487 3461 rationes,
529 3399 609 3460 quas
651 3377 684 3441 in
726 3375 875 3460 epiniciis
916 3375 1047 3440 Pindari
1089 3376 1360 3461 recognoscendis
1398 3381 1431 3440 11

147 3484 262 3550 critico
301 3489 460 3570 apparatu
495 3483 695 3548 instruendis
732 3488 863 3549 secutus
901 3505 981 3548 11111.
1041 3481 1246 3548 Carminibus
1283 3481 1430 3567 epiniciis

145 3593 285 3679 integris
319 3591 559 3676 deperditorum
596 3591 775 3656 carminum
812 3591 997 3676 fragmenta
1029 3590 1146 3674 adieci,
1182 3589 1316 3676 Bergkii
1349 3589 1432 3654 ordi-

146 3724 222 3766 nem
258 3721 475 3784 numerosque
508 3703 652 3782 secutus,
688 3720 729 3763 ne
761 3699 796 3762 in
828 3697 966 3763 citandis
998 3696 1244 3783 pretiosissimis
1285 3696 1430 3781 reliquiis

146 3809 263 3873 turbae
297 3811 511 3872 moverentur.
562 3806 717 3871 Eiusdem
749 3805 810 3870 viri
843 3807 883 3870 de
914 3804 1047 3869 Pindari
1072 3802 1269 3868 carminibus
1300 3803 1431 3868 immor-

148 3917 260 3982 taliter
283 3913 391 3980 men'ti
415 3913 597 3998 exemplum
621 3913 802 3978 aemulatus
821 3911 960 3998 singulis
978 3912 1171 3998 fragmentis
1188 3910 1278 3975 locos
1297 3910 1430 3993 subieci,

148 4024 230 4088 unde
264 4045 302 4087 ea
333 4021 437 4108 petita
464 4021 544 4106 sint,
576 4026 610 4086 et
641 4019 831 4106 potissimas
858 4019 1015 4084 lectiones
1042 4019 1149 4084 varias
1176 4041 1216 4082 ex
1242 4017 1336 4082 libris
1362 4016 1428 4081 11111

148 4131 288 4194 enotavi.

236 4234 387 4300 Editioni
414 4235 594 4300 carminum
622 4239 656 4300 et
683 4235 942 4320 fragmentorum
964 4232 1143 4299 indiculum
1164 4232 1335 4299 nominum
1357 4254 1430 4318 pro-

148 4343 295 4428 priorum
331 4364 502 4427 rerumque
538 4341 800 4407 memorabilium
837 4341 1033 4406 subiecimus
1066 4339 1115 4404 ita
1146 4342 1355 4425 adornatum,
1392 4344 1429 4404 ut

149 4451 248 4516 etiam
286 4473 336 4515 res
373 4449 407 4514 in
444 4447 684 4515 commentariis
722 4448 897 4535 exegeticis
933 4448 1114 4512 illustratas
1147 4452 1181 4512 et
1212 4448 1428 4534 proprietates

149 4557 343 4622 elocutionis
366 4556 556 4622 Pindaricae
580 4556 857 4641 complecteretur.
902 4554 1039 4619 Plenum
1063 4537 1173 4620 autem
1194 4554 1334 4619 indicem
1359 4576 1429 4618 ora-

150 4665 249 4731 tionis
277 4664 466 4730 Pindaricae
494 4664 609 4730 addere
635 4663 814 4749 noluimus,
843 4685 885 4727 ne
916 4662 952 4726 in
981 4662 1120 4728 nimium
1153 4661 1312 4728 ambitum
1345 4660 1428 4726 liber

151 4777 360 4862 accresceret,
396 4794 434 4838 eo
471 4773 575 4862 magis
613 4776 722 4838 autem
752 4770 815 4838 hcc
851 4771 964 4840 labore
999 4793 1051 4838 me
1088 4770 1295 4860 supersedere
1331 4791 1428 4856 posse
