3417 5434
473 343 522 396 111.
549 343 598 394 DE
616 342 725 394 LUDIS
744 343 790 392 ET
808 343 988 396 EPINIClIS.
1235 341 1375 396 LXXXlll

85 507 174 569 sorte
202 505 290 569 inter
317 509 385 570 tres
413 505 551 570 victores
579 505 696 570 horum
724 504 822 569 trium
852 504 979 588 parium
1008 509 1041 569 et
1069 504 1246 590 ephedrum
1276 506 1374 570 ducta

86 611 149 674 duo
173 610 268 695 paria
292 611 596 696 committebantur,
619 611 748 676 demum
771 611 835 675 duo
858 611 997 676 victores
1019 612 1156 676 duorum
1178 611 1295 676 horum
1321 635 1377 696 pu-

86 717 171 781 rinm
215 719 255 782 de
297 739 419 783 corona
460 717 638 783 certabant.
698 717 908 783 Reiciendam
949 717 1051 802 igitur
1087 722 1179 802 patet
1216 718 1376 782 rationem

87 823 343 890 Boeclrhianam.

176 930 268 997 Satis
305 932 371 996 iarn
409 952 447 996 ex
484 930 542 1018 iis,
583 955 664 1018 quae
702 932 798 997 modo
836 932 988 1018 exposui,
1029 937 1164 1017 apparet
1199 932 1273 1017 plus
1310 955 1375 997 uno

87 1039 184 1102 modo
220 1039 291 1104 fieri
324 1038 483 1123 potuisse,
521 1043 558 1103 ut
593 1060 676 1104 unus
714 1044 853 1123 quatuor
886 1039 1088 1104 adversarios
1119 1039 1273 1104 luctando
1307 1039 1377 1104 vin-

87 1149 181 1209 ceret
237 1145 282 1210 Et
308 1150 346 1208 ut
375 1145 500 1208 duobus
529 1145 685 1231 exemplis
713 1144 893 1210 Pindaricis
922 1146 985 1210 duo
1017 1169 1055 1210 ex
1084 1146 1303 1211 monumentis
1327 1168 1377 1210 ac-

87 1252 218 1335 cedant,
247 1251 346 1316 titulo
370 1249 540 1336 Olympico
568 1275 597 1315 n.
623 1253 686 1317 130
708 1251 820 1338 (Arch.
845 1252 923 1317 Zeit.
950 1251 1051 1338 1878)
1078 1252 1248 1336 Philippus
1272 1251 1375 1317 Arcas

87 1358 293 1444 pugilatator
328 1357 491 1442 laudatur,
530 1358 616 1442 quod
647 1357 807 1444 τέσσαρας
839 1358 956 1446 εὐθείᾳ
987 1359 1109 1436 παῖδας
1140 1363 1248 1424 ἔκλινε
1279 1359 1377 1444 μάχῃ,

88 1470 119 1528 et
155 1463 312 1529 similiter
343 1485 374 1528 n.
406 1465 467 1529 128
501 1463 660 1528 Xenocles
692 1464 843 1530 luctator.
898 1464 1071 1530 Praeterea
1101 1465 1183 1530 illud
1215 1465 1375 1550 apparuit,
1460 1481 1466 1492 ‘

89 1571 231 1636 multum
255 1570 289 1635 in
313 1569 592 1636 vicissitudinibus
615 1572 829 1636 certaminum
853 1577 975 1638 sortem
994 1573 1144 1658 valuisse,
1166 1577 1200 1638 et
1219 1573 1271 1638 cui
1290 1573 1376 1657 qnis-

88 1700 148 1763 que
182 1677 445 1742 committeretur
477 1681 509 1742 et
542 1699 694 1761 peremne
725 1679 886 1744 inveniret
918 1679 1137 1745 adversarium
1169 1703 1212 1744 an
1241 1678 1374 1764 ephedri

89 1785 270 1850 feliciorem
298 1783 518 1848 conditionem
546 1784 725 1849 sortiretur.
773 1783 836 1851 Sed
864 1774 942 1850 nuni
968 1786 1053 1851 hanc
1081 1786 1124 1851 ob
1147 1809 1278 1852 causam
1301 1785 1376 1849 Pin-

90 1893 185 1956 darus
212 1890 253 1956 N.
273 1908 309 1954 v1
329 1892 368 1955 71
399 1889 518 1955 lestina
546 1895 634 1954 sorte
657 1888 782 1979 (κλάρῳ
805 1891 976 1980 speraret)
999 1893 1067 1957 suis
1091 1893 1264 1958 clientibus
1287 1913 1376 1956 coro

90 2023 163 2063 nam
190 2003 339 2082 ereptam
361 2019 432 2062 esse
456 2002 589 2081 questus
614 1998 670 2081 sit,
695 2019 752 2062 suo
776 1998 849 2063 loco
873 1999 1140 2064 examinabimus.

176 2105 232 2170 Ad
260 2107 462 2190 postremum
489 2105 528 2169 de
556 2105 752 2169 certantium
774 2127 910 2170 numero
935 2105 1134 2190 quinquertii
1156 2107 1252 2171 nobis
1276 2106 1374 2172 disse—

90 2215 227 2279 rendum
263 2215 323 2277 est.
376 2210 484 2276 Huius
521 2211 607 2276 enim
645 2212 830 2277 certaminis
863 2213 1036 2298 peculiaris
1068 2214 1226 2298 quaedam
1258 2218 1376 2278 natura

90 2321 163 2404 luit,
188 2318 346 2405 quoniam
368 2317 403 2382 in
426 2339 465 2382 eo
488 2318 587 2402 lucta,
610 2340 691 2403 quae
716 2319 796 2383 duos
821 2319 1023 2386 adversarios
1049 2321 1156 2386 solum
1180 2320 1376 2403 admitteret,

92 2451 162 2492 cum
188 2427 264 2491 aliis
290 2425 477 2511 generibus,
505 2446 586 2509 quae
614 2428 652 2489 ut
676 2448 805 2490 cursum
835 2431 869 2492 et
891 2427 1123 2492 iaculationem
1145 2427 1254 2512 plures
1277 2426 1376 2492 simul

91 2535 169 2598 inire
200 2537 352 2618 possent,
383 2531 555 2597 coniuncta
583 2536 661 2596 crat.
711 2531 820 2616 Atque
847 2532 900 2598 hic
929 2535 1058 2617 quidem
1085 2534 1160 2599 inde
1182 2533 1278 2597 nobis
1305 2555 1377 2619 pro

91 2639 301 2705 ficiscendum
329 2643 393 2722 est,
421 2638 507 2722 quod
535 2639 682 2722 quamvis
710 2640 781 2704 fieri
808 2640 966 2725 potuerit,
993 2645 1030 2705 ut
1062 2640 1135 2724 quis
1164 2640 1314 2705 omnibus
1342 2641 1377 2703 in

92 2747 232 2830 quinque
252 2745 401 2830 partibus
416 2745 559 2810 vinceret
567 2742 601 2831 ¹),
621 2749 730 2810 tamen
744 2769 803 2812 usu
820 2747 979 2832 veniebat,
998 2752 1035 2812 ut
1050 2748 1107 2831 qui
1121 2748 1161 2811 ad
1174 2753 1376 2831 postremum

92 2854 195 2918 victor
221 2873 343 2918 corona
371 2851 562 2936 ornabatur,
590 2851 624 2917 in
653 2875 718 2918 una
741 2854 883 2919 alterave
910 2859 1003 2940 parte
1027 2854 1099 2919 aliis
1123 2854 1257 2919 inferior
1279 2853 1377 2940 (ὕπα-

94 2962 185 3046 κρος)
214 2959 404 3024 discessisse
430 2959 636 3024 iudicaretur.
684 2960 774 3026 Adeo
802 2984 879 3026 vero
908 2962 971 3026 hoc
998 2961 1069 3026 fieri
1093 2962 1232 3045 solebat,
1260 2961 1377 3045 utqui

92 3068 227 3132 summis
250 3067 287 3130 in
311 3065 484 3153 generibus
508 3065 588 3129 artis
613 3067 822 3152 agonisticae,
846 3089 943 3133 cursu
963 3073 996 3132 et
1019 3069 1118 3153 lucta,
1139 3068 1289 3153 princeps
1311 3089 1378 3132 non

92 3178 190 3260 esset,
217 3174 276 3238 sed
303 3173 339 3237 in
367 3173 482 3238 ceteris
511 3172 683 3258 generibus
712 3173 785 3238 aliis
813 3175 1036 3259 antecelleret,
1063 3174 1250 3251 πένταθλος
1278 3175 1377 3260 vulgo

93 3278 294 3367 diceretur.²)
347 3279 417 3355 Quo
450 3302 524 3345 cum
557 3281 701 3365 accedat,
734 3281 821 3364 quod
852 3302 920 3346 non
952 3303 1064 3347 omnes
1098 3282 1138 3345 ad
1169 3281 1293 3346 luctam
1325 3281 1379 3344 ad-

93 3389 208 3452 missos
237 3408 308 3452 esse
336 3386 496 3452 Herodoti
518 3403 557 3450 lx
580 3389 622 3453 33
650 3392 683 3451 et
711 3386 938 3473 Xenophontis
966 3387 1050 3452 Hell.
1070 3404 1120 3452 vn
1144 3391 1180 3472 4,
1197 3389 1240 3451 29
1268 3409 1379 3452 narra-

94 3495 178 3560 tione
217 3495 365 3579 constat,
400 3499 563 3559 certamen
601 3493 799 3578 quinquertii
834 3494 937 3558 rideri
969 3500 1079 3578 potest
1110 3495 1158 3559 ita
1188 3493 1378 3560 institutum

94 3601 205 3686 fuisse,
236 3605 274 3664 ut
301 3621 455 3664 numerus
483 3600 678 3666 certantium
706 3601 857 3687 deinceps
885 3603 1093 3668 minueretur.
1140 3601 1263 3677 Quodsi
1290 3603 1380 3667 lucta

95 3709 169 3794 duo,
202 3707 294 3772 disco
327 3711 395 3770 tres
429 3707 612 3790 certabant,
645 3729 684 3772 ex
714 3708 819 3772 tribus
848 3709 904 3792 qui
932 3709 1104 3775 minimum
1132 3708 1221 3772 disco
1250 3708 1380 3774 valebat

95 3815 271 3880 certamine
299 3811 487 3878 luctaminis
511 3813 749 3878 excludebatur.
795 3813 867 3880 Iam
890 3815 919 3879 si
942 3818 1053 3881 eadem
1076 3814 1161 3879 ratio
1185 3813 1221 3878 in
1243 3812 1379 3897 reliquis

95 3922 243 4005 partibus
272 3919 471 4004 quinquertii
500 3920 616 4003 valuit,
644 3921 684 3985 ad
712 3921 832 3986 saltum
862 3944 989 4008 omnes,
1016 3924 1056 3987 ad
1084 3943 1214 3987 cursum
1238 3919 1379 4005 quinque

182 4083 211 4148 1)
236 4077 382 4132 Accidisse
404 4076 469 4146 hoc,
495 4077 543 4132 sed
567 4095 630 4133 raro
653 4081 776 4133 testatur
794 4080 932 4134 Aristides
953 4079 1073 4133 Panath.
1093 4097 1120 4148 p.
1136 4083 1188 4131 318
1208 4077 1305 4147 Dind,
1330 4078 1379 4132 ubi

96 4154 244 4220 postquam
269 4153 396 4204 veterum
415 4148 628 4203 Atheniensium
653 4151 831 4206 concordiam
855 4155 884 4205 et
901 4151 1098 4206 fortitudinem
1116 4149 1258 4218 laudavit,
1283 4150 1379 4204 addit:

97 4221 154 4290 ἐμοὶ
177 4221 231 4292 μὲν
255 4218 307 4274 οὖν
331 4217 398 4274 cett
422 4219 578 4275 πένταθλοι
602 4224 734 4276 δοκοῦσιν
758 4223 785 4277 oi
807 4222 902 4278 πάντα
925 4232 1057 4285 νικῶντες
1079 4230 1212 4275 τοσοῦτον
1230 4228 1290 4284 τοῖς
1308 4229 1380 4274 πᾶσι

96 4302 213 4360 κρατεῖν.
254 4291 361 4345 Eodem
384 4291 459 4345 redit
482 4308 536 4346 vox
559 4293 752 4363 Xenophontis
776 4294 973 4362 Hell.1v7,5
996 4290 1215 4361 πυνθανόμενος
1238 4292 1254 4344 d
1276 4291 1379 4362 Ἀγησί-

96 4369 171 4426 πολις
188 4373 246 4417 τῶν
261 4372 443 4432 στρατιωτῶν,
463 4361 542 4434 μέχρι
560 4362 611 4433 μὲν
630 4373 679 4418 πολ
696 4364 766 4434 πρὸς
784 4365 816 4419 τὸ
833 4374 924 4436 τεῖχος
943 4365 1047 4436 ἤγαγεν
1067 4365 1081 4418 ὁ
1098 4361 1279 4434 Ἀγησίπολις,
1296 4363 1380 4452 μέχρι

97 4434 124 4488 dt
147 4443 199 4489 ποῖ
218 4434 272 4504 τὴν
290 4435 384 4504 χώραν
403 4433 534 4504 ἐδῄωσεν,
559 4433 650 4504 ὥσπερ
668 4434 827 4499 πένταθλος
850 4439 943 4508 πάντῃ
962 4436 1008 4490 ἐπὶ
1030 4435 1062 4490 τὸ
1085 4434 1171 4489 πλέον
1194 4435 1380 4507 ὑπερβαλλειν

97 4506 232 4574 ἐπειρᾶτο,
271 4505 369 4558 Potuit
391 4489 500 4559 scilicet
523 4505 687 4576 pentathlns
710 4509 876 4562 nouaclum
895 4525 950 4561 uno
969 4509 1019 4562 sed
1037 4506 1179 4577 pluribus,
1203 4506 1379 4576 quinetiam

97 4578 224 4632 omnibus
279 4576 393 4630 neribus
412 4578 576 4631 certaminis
595 4577 739 4634 excellere.

182 4653 210 4718 2)
261 4665 294 4702 oc
313 4646 483 4702 vocabulum
501 4649 531 4702 in
553 4649 732 4719 proverbium
753 4650 858 4706 abiisse
878 4652 961 4706 docet
978 4649 1056 4705 locus
1076 4650 1121 4704 Ps.
1140 4649 1267 4704 Platonis
1286 4649 1379 4703 Ernst.

98 4739 122 4789 p.
135 4721 222 4775 lathi
242 4723 272 4774 et
290 4735 446 4790 cognomen
462 4718 686 4790 Ἐρατοσθένους
703 4721 866 4778 πεντάθλου
886 4741 930 4793 ap.
950 4722 1066 4777 Suidam
1085 4739 1107 4774 s.
1122 4739 1147 4776 v.
1165 4719 1381 4790 Ἐρατοσθένης,

100 4793 204 4862 dequo
223 4794 430 4847 commentatus
449 4807 512 4845 oum
531 4791 641 4848 Platon.
657 4793 735 4849 stud.
755 4814 782 4865 p.
798 4799 840 4850 56.

1132 4884 1167 4936 f.

451 5103 467 5134 x
