3417 5434
609 413 741 463 aarum
759 412 805 464 w.
1281 410 1342 473 147

62 582 141 638 ortos
165 577 386 654 profiterentur
408 583 439 638 et
460 580 663 658 Euphemum,
690 600 780 657 quem
802 584 956 641 auctorem
979 581 1076 659 gentis
1099 582 1247 660 ferebant,
1272 584 1344 642 olim

62 669 192 727 Taenari
217 669 252 726 in
276 688 349 747 agro
372 669 607 729 Lacedaemonio
631 689 717 728 suam
740 670 838 730 sedem
861 670 1000 730 habuisse
1019 671 1179 749 crederent,
1203 672 1278 731 duas
1296 692 1344 733 res

61 758 225 835 genealogi
250 757 406 833 Cyrenaici
429 759 474 817 ita
496 759 784 836 contaminaverunt,
807 762 844 818 ut
866 760 1054 835 Euphemum
1078 780 1173 821 unum
1196 782 1232 821 ex
1249 763 1344 841 Argo-

61 849 172 923 nautis,
193 866 275 923 quos
288 848 438 907 Pindarus
456 850 519 924 ipse
537 849 570 909 P.
585 868 617 907 1v
632 860 665 908 69
680 850 798 925 Minyas
817 848 900 926 dixit,
920 850 1011 909 fuisse
1031 853 1062 909 et
1080 850 1144 909 eius
1162 852 1343 930 progeniem,

61 955 151 1011 quam
175 956 216 995 ex
241 937 345 1012 Minya
367 938 480 996 femina
499 937 605 997 Lemni
627 939 744 997 insulae
762 938 923 1017 genuisset,
942 939 1072 1014 primum
1091 940 1344 1000 Lacedaemonem

61 1031 90 1083 et
115 1026 228 1085 deinde
258 1026 387 1085 Theram
413 1028 529 1087 venisse
555 1028 766 1087 fabularentur
793 1020 843 1109 (cf.
869 1028 976 1087 Herod.
1000 1046 1032 1087 1v
1057 1040 1116 1089 145.
1142 1022 1216 1111 147).
1262 1030 1344 1090 Haec

61 1114 128 1172 fieta
150 1119 184 1173 et
210 1116 422 1175 commenticia
442 1135 505 1177 esse
529 1120 559 1176 et
581 1118 711 1196 Minyas,
742 1117 919 1193 priusquam
941 1118 1168 1177 Lacedaemonii
1196 1120 1343 1179 coloniam

62 1205 191 1263 Theram
212 1205 402 1283 deducerent,
425 1207 556 1265 insulam
575 1207 703 1266 Theram
721 1207 853 1265 tenuisse
872 1208 940 1283 post
959 1206 1100 1267 Odofredi
1118 1209 1240 1267 Mulleri
1259 1228 1344 1287 saga-

63 1295 218 1353 cissimum
248 1294 285 1354 de
312 1295 423 1371 Minyis
449 1296 560 1354 librum
582 1296 662 1356 inter
684 1315 786 1356 omnes
809 1299 935 1355 constat.
982 1296 1040 1355 Sed
1063 1317 1122 1355 non
1145 1298 1177 1356 id
1199 1299 1255 1358 hoc
1278 1299 1343 1359 loco

64 1383 236 1461 quaeritur,
264 1384 316 1442 sed
345 1385 419 1460 qnid
449 1384 594 1461 Cyrenaei
624 1386 803 1445 crediderint
833 1388 864 1444 et
892 1386 1041 1444 Pindarus
1064 1386 1102 1444 ab
1127 1386 1165 1446 iis
1188 1392 1344 1464 accepturu

64 1472 214 1532 habuerit.
244 1473 301 1531 His
320 1476 408 1551 certe,
427 1494 495 1534 curn
515 1494 533 1531 a
550 1475 661 1550 Minyis
680 1478 711 1534 et
728 1475 884 1551 Euphemo
904 1475 1049 1552 originem
1068 1477 1218 1555 ducerent,
1240 1477 1343 1536 fabula

65 1563 313 1640 Argonautarum
337 1566 368 1621 et
389 1567 476 1623 retus
499 1564 671 1640 Minyarum
693 1565 775 1622 fama
797 1564 1137 1643 gratissimaefuerunt.
1158 1566 1344 1626 —Praeter

65 1652 288 1728 Argonautieas
306 1671 354 1711 res
367 1653 542 1730 Damophili
559 1653 715 1713 cuiusdam
729 1653 874 1729 Cyrenaei
891 1672 1012 1713 causam
1025 1654 1095 1713 huic
1111 1655 1237 1731 epinicia
1252 1661 1343 1732 poeta

65 1741 201 1800 intexuit.
241 1742 347 1801 Nostri
369 1743 448 1802 enim
466 1742 612 1802 Arcesilai
633 1762 768 1822 regnum,
791 1744 828 1801 ut
850 1743 912 1801 iam
934 1743 1081 1803 maiorum
1106 1746 1178 1823 eius,
1195 1746 1342 1805 Arcesila-

67 1850 147 1889 erum
171 1849 204 1888 11.
231 1833 264 1889 et
286 1849 330 1889 rn.
354 1822 396 1911 (v.
419 1832 528 1892 Herod.
552 1824 757 1913 19169169),
781 1832 920 1892 civilibus
943 1833 1139 1893 seditionibus
1162 1854 1342 1912 magnopere

65 1922 205 1979 rexahrm
228 1920 300 1996 fnit,
323 1940 392 1979 cum
410 1924 442 1980 et
458 1921 559 1999 regiae
578 1922 683 1980 domus
701 1921 829 1999 gentiles
847 1922 927 1981 inter
945 1942 974 1981 se
994 1923 1179 2001 dissiderent,
1199 1927 1230 1983 et
1247 1924 1342 2000 plebis

67 2009 209 2069 factiones
233 2009 336 2087 regiae
359 2011 518 2086 potestatis
542 2011 609 2070 iura
631 2014 662 2070 et
679 2010 838 2089 privilegia
855 2012 1075 2089 impugnarent.
1112 2014 1159 2071 Ex
1176 2013 1214 2071 iis
1232 2017 1343 2092 autem,

68 2098 115 2171 qui
142 2099 230 2157 civili
257 2098 395 2157 tumultu
421 2118 555 2176 represso
583 2102 614 2158 in
642 2100 764 2159 exilium
787 2100 884 2160 exacti
907 2104 1005 2180 erant,
1028 2103 1120 2161 etiam
1144 2103 1343 2179 Damophilus

71 2188 133 2263 luit,
157 2188 195 2246 de
220 2207 282 2264 quo
306 2188 420 2248 scholia
442 2189 480 2247 ad
502 2189 535 2248 P.
554 2200 656 2248 1v467
676 2190 749 2249 haec
771 2190 931 2249 adnotant:
954 2188 986 2250 ἕν
1010 2196 1071 2263 τοῖς
1094 2182 1150 2251 οὖν
1174 2192 1344 2264 στασιώταις

71 2268 105 2351 ἦν
122 2275 173 2335 καὶ
192 2273 432 2355 Δημόφιλος,·ὃς
450 2276 500 2337 καὶ
518 2276 608 2349 αὐτὸς
628 2275 789 2350 ἀνάστατος
811 2276 913 2358 γέγονε
935 2288 987 2358 τῆς
1011 2280 1152 2359 πατρίδος
1176 2279 1225 2341 καὶ
1248 2305 1343 2362 φυγα-

74 2364 186 2436 δευθεὶς
209 2363 323 2445 ἔρχεται
344 2367 387 2438 εἰς
412 2366 515 2447 Θήβας
537 2366 586 2427 καὶ
609 2365 691 2439 ἀξιοῖ
709 2366 762 2427 τὸν
784 2367 949 2447 Πίνδαρον.
985 2369 1134 2430 Pindarus
1156 2371 1253 2450 igitur
1275 2392 1343 2431 cum

72 2454 133 2513 hnic
162 2456 348 2532 Damophilo
381 2457 542 2517 admodum
575 2458 691 2517 faveret
720 2461 750 2517 et
781 2458 912 2534 hospitio
942 2478 1012 2518 enm
1042 2460 1150 2519 Thebis
1180 2462 1344 2538 excepisset

72 2536 108 2620 (r.
130 2538 211 2626 999),
243 2546 411 2605 narrationi
440 2547 572 2622 prolixae
603 2547 639 2605 de
669 2547 855 2623 expeditione
884 2548 1129 2625 Argonautarum
1159 2569 1260 2625 preces
1290 2570 1343 2625 pro

73 2634 162 2691 salute
184 2633 317 2709 hospitis
340 2637 371 2694 et
393 2636 481 2695 amici
505 2635 644 2713 subiecit,
668 2656 765 2713 neque
789 2655 807 2695 a
829 2656 899 2696 vero
924 2637 1060 2696 aberrare
1084 2638 1157 2697 mihi
1180 2640 1295 2717 videor,
1319 2640 1344 2697 si

73 2721 231 2781 Pindarum
253 2725 311 2783 hoc
333 2724 513 2801 Damophilo
537 2726 703 2785 carminum
726 2745 848 2785 suorum
868 2726 1109 2787 chorodidasealc
1127 2728 1177 2787 vel
1195 2729 1343 2805 rhapsodo

73 2812 114 2868 nti
134 2813 267 2873 voluisse
289 2805 331 2895 (v.
350 2824 411 2873 994,
430 2806 499 2897 999)
521 2815 724 2875 coniecturam
746 2816 832 2875 facio.

151 2902 228 2962 Post
241 2903 330 2962 breve
344 2904 539 2984 prooemium,
555 2924 615 2981 quo
629 2905 732 2964 Musas
746 2908 836 2982 poeta
850 2908 886 2962 ut
900 2909 1014 2965 stantes
1027 2907 1172 2967 Arcesilai
1186 2908 1343 2968 victoriam

75 2988 189 3066 Delphis
202 2996 326 3069 partam
339 2993 512 3069 praedicent
525 2994 700 3054 cohortatur
710 2986 819 3075 (1—3),
834 2994 872 3053 ab
888 2996 1017 3073 oraculo,
1032 2998 1112 3073 quod
1121 2997 1233 3072 Pythia
1243 2998 1343 3076 Batto,

76 3098 176 3153 proavo
194 3081 329 3161 victoris,
353 3082 483 3159 dederat,
506 3102 635 3161 exorsus,
658 3084 729 3143 huic
747 3084 869 3143 oraculo
889 3084 1065 3144 vaticinium
1087 3086 1208 3145 Medeae
1228 3086 1343 3165 intexit,

79 3188 130 3242 quo
148 3170 252 3231 divina
266 3171 320 3229 illa
333 3172 446 3230 femina
460 3172 616 3250 Pheraeos,
632 3172 713 3249 quod
726 3173 830 3233 fatalis
843 3174 940 3251 gleba,
955 3193 1046 3250 quam
1060 3176 1234 3252 Euphemus
1249 3175 1344 3254 Argo·

76 3262 162 3317 nauta
188 3262 227 3319 ab
255 3278 424 3337 possessore
452 3261 566 3337 Libyae
590 3262 666 3322 dono
691 3267 861 3339 acceperat,
889 3282 981 3339 prope
1005 3264 1133 3323 'lberam
1156 3265 1285 3323 insulam
1309 3286 1344 3324 ex

78 3348 139 3405 nari
160 3349 191 3407 in
214 3370 297 3409 mare
321 3350 493 3428 decidisset,
517 3350 630 3427 Libyae
654 3352 816 3427 aliquando
839 3352 1007 3412 conditores
1030 3354 1148 3413 futuros
1172 3373 1235 3413 esse
1258 3374 1343 3431 prae-

78 3434 189 3497 dixerat
227 3440 293 3499 Hac
315 3442 402 3516 parte
424 3440 546 3499 fabulae
565 3440 788 3519 Argonautieae
811 3445 935 3499 narrata
953 3434 1080 3523 (9—53),
1104 3445 1194 3519 poeta
1218 3444 1256 3502 ad
1279 3464 1344 3503 ora-

79 3524 168 3586 culum
185 3529 332 3605 Pythium
350 3528 428 3588 redit
442 3530 688 3607 Arcesilaumque
705 3531 850 3590 rictorem
870 3530 970 3590 debita
988 3531 1077 3591 laude
1098 3535 1185 3592 ornat
1200 3524 1343 3615 (54-99).

80 3614 168 3691 Atque
189 3618 223 3677 in
245 3618 303 3677 hac
325 3638 357 3679 re
379 3622 470 3695 poeta
492 3620 653 3679 consistere
676 3622 707 3679 et
730 3620 857 3697 epinicio
880 3619 969 3679 finem
991 3621 1143 3698 imponere
1164 3623 1273 3700 potuit,
1294 3623 1345 3682 sed

80 3720 137 3762 cum
158 3708 255 3786 magis
278 3708 395 3785 epicam
417 3709 608 3785 rhapsodiam
631 3729 723 3785 quam
750 3709 877 3785 lyricum
901 3728 1020 3769 carmen
1042 3730 1174 3789 pangere
1197 3712 1255 3770 sibi
1277 3732 1344 3787 pro-

80 3794 216 3864 posuisset
244 3799 275 3857 et
302 3796 470 3874 Cyrenaeos
497 3798 609 3857 fabulis
636 3797 882 3877 Argonautarum
913 3800 1049 3875 inprimis
1078 3801 1208 3878 gaudere
1236 3804 1344 3879 nosset,

83 3885 141 3953 post
160 3884 280 3947 brevem
303 3888 614 3947 commemorationem
636 3888 780 3947 victoriae
804 3888 950 3948 Arcesilai
975 3889 1012 3947 ad
1030 3890 1224 3967 Argonautas
1246 3891 1344 3969 rediit,

81 3975 110 4027 ut
128 3976 222 4034 totam
244 3976 380 4034 fabulam
402 3976 470 4036 inde
494 3995 513 4034 a
535 3976 681 4053 principio
705 3981 890 4038 contexeret:
919 3978 1056 4037 Iasonem
1079 3998 1097 4036 a
1121 3978 1248 4038 Chirone
1272 3980 1343 4038 edu-

83 4062 169 4122 catum
194 4066 227 4124 in
255 4066 386 4141 patriam
412 4066 507 4125 redire
535 4069 567 4125 et
593 4070 744 4142 sceptrum
771 4068 889 4146 regium
917 4086 935 4125 a
962 4067 1046 4127 Pelia
1078 4070 1229 4146 repetere,
1260 4068 1343 4147 Argo

83 4164 174 4212 narem
197 4155 236 4213 ab
258 4155 379 4234 iasone,
407 4157 443 4214 ut
464 4155 568 4214 Phrixi
591 4155 722 4214 animam
745 4158 776 4215 et
800 4175 924 4216 aureum
947 4157 1044 4216 vellus
1068 4158 1235 4235 reduceret,
1259 4158 1345 4217 ador·-

85 4240 138 4296 nari
154 4244 359 4321 militibusque
379 4244 534 4321 compleri,
552 4245 745 4324 Argonautas
759 4246 818 4305 iter
830 4266 884 4324 per
898 4246 1114 4324 Symplegadas
1128 4247 1158 4304 in
1174 4246 1344 4307 Colchidem

86 4328 180 4391 terram
207 4334 371 4411 suscipere,
401 4334 538 4394 Iasonem
562 4354 580 4393 a
602 4335 707 4394 Medea
730 4335 869 4394 adiutum
892 4336 1089 4395 certaminum
1113 4336 1150 4395 ab
1173 4336 1252 4395 Aeta
1275 4357 1342 4413 pro-

86 4418 233 4486 positorum
263 4423 399 4499 pericula
427 4423 556 4483 feliciter
585 4443 739 4503 peragere,
769 4425 906 4484 Medeam
935 4425 1051 4484 Iasonis
1080 4444 1203 4485 uxorem
1233 4426 1345 4485 factam

87 4511 183 4575 patrem
210 4515 242 4572 et
268 4513 399 4588 patriam
428 4512 546 4590 fugere,
577 4513 705 4590 denique
727 4515 920 4592 Argonautas
949 4534 1003 4591 per
1026 4514 1190 4593 Oceanum,
1219 4515 1345 4573 rubrum

88 4610 159 4675 nare,
179 4602 327 4661 Lemnum
349 4602 479 4660 insulam
503 4602 623 4661 domum
646 4603 741 4662 redire
761 4596 922 4686 (το-957).
958 4603 1040 4663 Haeo
1064 4606 1165 4663 autem
1188 4604 1232 4663 ita
1255 4608 1345 4680 poeta

88 4692 209 4769 namus,
231 4693 269 4749 ut
292 4711 351 4751 non
375 4709 476 4750 omnes
498 4694 599 4768 partes
618 4693 683 4767 pari
702 4693 874 4768 prolixitate
894 4696 1061 4772 exponeret,
1081 4693 1132 4752 sed
1151 4713 1229 4770 quae
1248 4695 1345 4772 magis

90 4771 120 4828 td
136 4776 301 4857 Minyarnm
324 4780 499 4857 Iasonisque
522 4781 626 4841 laudes
649 4782 845 4861 pertinerent,
874 4783 1037 4861 copiosius,
1066 4784 1185 4859 reliqua
1208 4803 1344 4860 compen-

90 4857 155 4924 diosa
171 4871 306 4930 oratione
324 4870 455 4930 referret.
492 4871 597 4947 Neque
617 4874 784 4947 temporum
808 4866 944 4932 ordinem
965 4873 1078 4949 ubique
1097 4876 1187 4949 poeta
1205 4875 1336 4933 servavit

1081 4972 1133 5027 10*

1337 4922 1344 4953 l
