3417 5434
310 325 353 388 56
780 320 930 372 emnam
948 317 1115 371 EPINICIA.

399 485 501 574 φαντὶ
524 484 556 550 δ’
583 485 774 565 ἀνθρώπων
796 479 935 547 παλαιαὶ
1550 493 1600 541 loo

312 613 345 660 σο
400 596 526 680 ῥήσιες,
550 593 642 656 οὔπω
667 591 720 656 ὅτε
743 592 852 674 χθόνα
876 587 1032 653 δατέοντο
1057 587 1142 664 Ζεύς
1164 610 1198 652 τε
1220 585 1275 650 καὶ
1299 585 1480 666 ἀθάνατοι,

399 697 611 786 φανερὰν-ἔν
634 696 766 779 πελάγει
785 693 899 761 Ῥόδον
922 698 1022 780 ἔμμεν
1044 697 1184 780 ποντίῳ,

400 809 559 893 ἁλμυροῖς
582 804 614 870 δ’
641 803 677 870 ἔν
699 803 858 888 βένθεσιν
880 812 985 868 νᾶσον
1007 803 1205 887 κεκρύφθαι.
1276 846 1282 855 .
1548 815 1600 862 roo

1356 1001 1406 1061 Στ
1430 1048 1436 1059 .
1460 994 1505 1060 δ’.

403 1092 563 1169 άπεόντος
586 1088 618 1155 δ’
643 1092 735 1167 οὔτις
758 1087 901 1167 ἔνδειξεν
925 1087 1024 1173 λάχος
1044 1086 1184 1152 Ἀελίου·
1407 1021 1428 1081 ρ

401 1205 459 1265 καί
479 1199 522 1285 ῥά
546 1223 601 1265 νιν
624 1199 732 1283 χώρας
755 1195 949 1282 ἀκλάρωτον
973 1197 1084 1278 λίπον,

314 1325 348 1373 60
403 1307 507 1390 ἁγνὸν
530 1309 621 1371 θεόν.

402 1411 586 1499 μνασθέντι
610 1409 645 1478 δὲ
672 1413 755 1488 Ζεὺς
778 1409 823 1494 άμ
845 1409 953 1475 πάλον
976 1408 1093 1493 μέλλεν
1111 1408 1222 1493 θέμεν.
1257 1407 1340 1473 ἀλλά
1363 1431 1420 1472 νιν
1442 1407 1505 1472 οὐκ
1547 1423 1601 1470 11ο

952 1523 1076 1600 εἴασεν,
1100 1514 1168 1582 ἐπεὶ
1190 1521 1309 1591 πολιᾶς

401 1623 473 1694 εἶπέ
494 1625 558 1692 τιν’
583 1627 683 1702 αὐτὸς
706 1625 789 1711 ὁρᾶν
812 1626 911 1690 ἔνδον
933 1625 1106 1700 θαλάσσας
1128 1619 1313 1707 αὐξομέναν
1335 1623 1481 1688 πεδόθεν

402 1738 612 1820 πολύβοσκον
636 1745 734 1815 γαῖαν
757 1731 968 1817 ἀνθρώποισι
991 1729 1046 1796 καὶ
1069 1731 1219 1816 εὔφρονα
1242 1731 1366 1814 μήλοις.
1547 1749 1602 1794 115

1351 1925 1437 1991 Ἀντ.
1461 1927 1481 1989 δ
1487 1924 1505 1990 ’.

402 2021 571 2087 ἐκέλευσεν
594 2017 626 2083 δ’
652 2019 771 2084 αὐτίκα
794 2016 1014 2102 χρυσάμπυκα
1037 2012 1098 2100 μὲν
1123 2016 1267 2100 Λάχεσιν

315 2145 348 2192 65
405 2140 515 2213 χεῖρας
539 2127 701 2208 άντεῖνοιι,
724 2131 815 2190 θεῶν
839 2121 871 2187 δ’
897 2122 997 2207 ὅρκον
1020 2122 1123 2207 μέγαν
1544 2139 1602 2186 1ου

403 2237 447 2319 cl
470 2233 661 2318 παρφάμεν,

406 2343 488 2406 άλλέι
519 2343 653 2426 Κρόνου
683 2342 748 2404 σὺν
776 2336 872 2403 παιδὶ
901 2346 1033 2419 νεῦσαι,
1063 2339 1211 2428 φριεννὸν
1241 2337 1275 2414 ἔς
1303 2335 1425 2423 αἰθέρα
1452 2361 1508 2401 νιν

958 2451 1171 2529 πεμφθεῖσαν
1193 2442 1231 2532 ἑᾷ
1255 2448 1384 2530 κεφαλᾷ

315 2540 527 2549 —--—..-——-

387 2647 428 2696 56.
451 2639 568 2711 ἔμμεναι
586 2641 613 2695 Α
633 2671 666 2681 -
687 2645 729 2694 57.
750 2638 896 2709 ἁλμοροισι
914 2638 1004 2693 BOD
1022 2671 1056 2679 —-
1076 2644 1118 2693 58.
1139 2636 1255 2707 ἔνριφεν
1273 2636 1346 2692 coni.
1365 2636 1463 2691 Naber
1481 2638 1512 2692 et
1529 2637 1603 2692 Her·

313 2713 426 2768 werden
442 2745 474 2753 -
491 2718 533 2766 όθ.
549 2715 656 2782 χλωρᾶς
671 2713 696 2764 Α
713 2743 747 2752 -
762 2715 859 2765 λεῖπον
872 2712 900 2765 Α
915 2743 949 2750 -
964 2714 1007 2764 61.
1027 2707 1067 2780 δεμ
1079 2710 1170 2765 πάλον
1184 2709 1311 2765 Boeckh:
1330 2709 1461 2779 ἄμπαλον
1476 2710 1603 2764 ABGD

313 2803 348 2826 ·—
368 2791 411 2839 67.
430 2783 540 2853 φαενδν
561 2784 628 2852 0¹⁰,
647 2781 742 2852 φανὸν
760 2783 904 2836 Hermann
923 2814 957 2822 -

316 2929 363 2996 sit,
375 2926 502 2995 sequenti
518 2924 616 2979 subula
631 2901 797 2993 illuetiatur,
807 2941 864 2994 qua
879 2922 971 2979 Solem
986 2942 1051 2978 suos
1064 2924 1137 2978 filios
1152 2941 1262 2978 summa
1276 2923 1417 3017 sapientia
1432 2923 1602 2980 instruxisse

316 2998 388 3053 dicit
405 3017 431 3053 v.
448 3015 481 3052 rc.
510 2999 638 3051 Ceterum
657 3014 690 3051 ex
709 3014 754 3065 eo,
775 2997 851 3064 φοοδ
874 2995 988 3050 Polemo
1012 2995 1041 3049 in
1065 2995 1179 3050 scholiis
1204 2996 1279 3064 apud
1299 2995 1383 3049 thios
1402 2995 1517 3066 signum
1534 2996 1602 3050 Dio-

316 3069 406 3139 nysii,
426 3069 502 3138 apud
521 3068 690 3136 Erythraeos
709 3067 800 3122 basim
826 3067 935 3121 Dianae
961 3066 1111 3192 alligaffm
1137 3067 1223 3121 fuisse
1249 3066 1357 3137 prodit,
1375 3066 1545 3122 Eustathius
1562 3069 1603 3122 ad

318 3139 447 3210 Dionysii
462 3137 567 3210 perieg.
582 3155 622 3194 εοε
636 3144 809 3194 commentus
829 3142 880 3206 est,
900 3138 976 3207 apud
995 3137 1056 3193 ltho
1077 3137 1119 3193 ios
1134 3155 1245 3207 quoquo
1259 3138 1363 3192 multas
1379 3141 1491 3192 statuas
1505 3139 1602 3205 firissc,

320 3228 447 3281 quaene
466 3211 642 3281 aufugerent,
661 3209 823 3278 alligandae
842 3209 954 3264 fuerint.

393 3290 434 3338 54.
465 3281 540 3337 saltu
560 3281 630 3336 satis
650 3281 751 3336 audaci
770 3285 855 3352 poeta
879 3281 981 3334 transit
1000 3282 1037 3335 οδ
1055 3281 1170 3336 tertiam
1188 3280 1316 3335 fabulam
1334 3281 1370 3334 de
1389 3281 1455 3334 Sole
1473 3282 1605 3336 Rhodum

322 3354 443 3409 insulam
465 3354 579 3424 sortito;
599 3355 654 3407 duo
670 3357 764 3407 eutem
779 3353 849 3408 hacc
864 3351 962 3406 sabula
976 3370 1039 3406 cum
1054 3353 1163 3407 duabus
1178 3353 1318 3422 prioribus
1333 3352 1495 3407 communia
1508 3353 1605 3418 habct,

323 3427 399 3496 φοοδ
418 3429 447 3480 et
466 3442 562 3480 omnes
582 3426 618 3479 ud
636 3425 767 3479 Rhodum
785 3423 909 3478 insulam
926 3424 1069 3493 pertinent
1087 3427 1116 3478 et
1134 3425 1210 3494 φοοδ
1229 3424 1258 3478 in
1277 3423 1408 3478 omnibus
1427 3423 1538 3492 aliquid
1557 3427 1603 3480 dc-

319 3499 418 3552 lictum
445 3501 474 3551 et
497 3499 644 3567 peccatum
670 3500 721 3552 est.
759 3495 958 3550 Oeconomiam
983 3512 1049 3550 vero
1075 3495 1206 3550 carminis
1232 3495 1274 3550 ita
1297 3497 1383 3564 poeta
1408 3495 1548 3563 instituit,
1572 3502 1605 3551 ut

320 3567 420 3624 tabula
439 3569 502 3639 ipse
521 3586 538 3623 a
556 3585 630 3622 nova
648 3567 781 3637 pericopa
802 3571 837 3636 (v.
852 3570 889 3636 σε)
910 3565 1055 3636 inciperet,
1074 3567 1246 3622 introductio
1263 3571 1359 3621 autem
1377 3566 1437 3620 eius
1452 3567 1482 3621 in
1496 3569 1604 3622 calcem

321 3639 515 3694 antecedentis
543 3638 692 3709 pericopae
719 3639 884 3704 reiceretur3
911 3654 984 3706 quae
1011 3637 1085 3693 ratio
1110 3638 1211 3692 similis
1236 3641 1281 3694 est
1303 3637 1435 3692 carminis
1454 3639 1485 3694 P.
1500 3659 1509 3691 r
1523 3657 1551 3693 oc
1570 3673 1602 3680 —

324 3713 445 3766 παλαιαὶ
465 3707 569 3779 βήσιες·
590 3728 624 3764 ex
642 3709 800 3765 rumoribus
819 3727 870 3779 per
884 3727 933 3764 ora
947 3709 1092 3764 hominum
1106 3710 1211 3780 sparsis
1225 3711 1295 3764 hacc
1310 3726 1340 3764 se
1354 3710 1506 3779 sumpsisse
1519 3715 1607 3780 poeta

323 3786 460 3850 testatur,
479 3781 612 3851 quoniam
632 3799 650 3836 a
667 3782 809 3836 veteribus
828 3781 921 3852 poetis
939 3781 998 3835 tale
1019 3799 1158 3850 nusquam
1182 3782 1319 3836 traditum
1341 3781 1460 3835 incenit
1498 3781 1606 3838 Schol:

321 3853 379 3924 πρὸ
399 3853 547 3922 Πινδάρου
566 3851 597 3907 δὲ
616 3861 699 3908 τοῦτο
718 3855 768 3923 οὐχ
788 3851 923 3921 ἱστόρητο.
952 3853 993 3907 Dc
1012 3853 1090 3907 cultu
1110 3853 1183 3908 Solis
1201 3854 1277 3934 apud
1295 3852 1420 3906 Rhodios
1438 3852 1504 3907 vide
1523 3854 1606 3924 Rapp

319 3925 348 3980 in
365 3924 501 3980 Roscheri
516 3925 570 3979 lex.
585 3925 673 3992 myth.
687 3944 697 3977 r
712 3943 764 3980 socr
780 3944 799 3980 ε.
815 3957 849 3966 -
865 3930 908 3979 58.
924 3923 1059 3990 ἔνδειξεν·
1075 3927 1254 3993 commonuit,
1269 3927 1301 3977 ut
1315 3923 1441 3977 absentis
1456 3924 1529 3978 Solis
1545 3942 1605 3979 sors

320 4014 410 4051 urnae
426 3997 577 4050 iniceretur
590 4027 624 4038 -
644 4002 686 4051 59.
706 3994 869 4065 ἀκλάρωτον
883 3993 977 4051 λίπον·
997 3995 1060 4050 huis
1074 3995 1189 4050 fabulae
1203 3995 1325 4065 vestigia
1339 3994 1436 4065 legens
1451 3996 1605 4052 Schillerus

318 4071 418 4123 noster
432 4068 462 4121 in
476 4066 663 4137 pulcherrimo
679 4067 801 4122 carmine
822 4067 885 4122 ‘Die
900 4067 1039 4137 Theilung
1053 4068 1103 4121 der
1117 4068 1201 4121 Erde’
1222 4072 1337 4138 poetam
1351 4067 1435 4121 sortis
1450 4067 1603 4122 immunem

317 4140 449 4194 relictum
468 4156 529 4194 esse
548 4141 721 4193 commentus
741 4144 785 4193 est
808 4171 842 4179 —
866 4145 908 4194 60.
932 4138 1021 4208 ἁγνὸν
1042 4137 1114 4194 θεόν
1138 4139 1221 4200 dicit.
1240 4138 1315 4208 quod
1335 4137 1413 4192 clara
1431 4138 1495 4193 luce
1514 4139 1603 4208 fulget

317 4215 346 4265 et
375 4211 486 4281 impura
514 4210 608 4264 omnia
633 4213 741 4264 remota
765 4211 864 4278 habet,
888 4210 963 4264 unde
986 4213 1084 4264 auctor
1107 4210 1192 4280 Orph.
1211 4210 1305 4279 hymn.
1321 4227 1341 4276 s,
1358 4227 1383 4266 rs
1401 4227 1466 4264 eum
1489 4211 1605 4266 invocat

318 4283 442 4351 άιθοιλὴς
456 4279 573 4352 δμίαντε
592 4315 626 4322 —
647 4288 680 4335 62
695 4301 715 4336 s.
735 4281 786 4344 hos
806 4299 903 4335 versus
923 4281 1075 4351 respiciens
1093 4281 1169 4336 ludit
1186 4281 1338 4351 Antipater
1355 4281 1526 4338 AP.1xrrs:
1545 4293 1604 4345 πῶς

321 4353 403 4420 είπως
422 4351 477 4408 τίνι
496 4357 600 4422 μᾶλλον
620 4351 780 4422 δφείλομοιις
800 4351 829 4416 ὃς
847 4351 899 4422 μὲν
918 4352 1024 4418 ἔδειξεν
1043 4353 1072 4418 ἐξ
1091 4350 1166 4420 ἁλός,
1184 4351 1308 4423 (Ἥλιος),
1328 4350 1358 4416 ὃς
1377 4351 1405 4407 δ’
1424 4351 1479 4422 ἤδη
1499 4350 1603 4422 ρ’όσατο

316 4425 460 4495 δυομένην
475 4424 598 4494 (Νέρων)
616 4457 649 4464 -
670 4431 712 4484 θλ.
731 4425 868 4495 Λάχεσιν·
888 4424 1027 4478 extribus
1046 4423 1142 4478 Parcis
1161 4424 1214 4478 hoo
1233 4424 1304 4493 loco,
1323 4441 1379 4492 quo
1399 4424 1434 4478 de
1459 4425 1602 4479 sortiendo

317 4495 411 4567 (λάχος
426 4515 450 4552 v.
465 4501 501 4564 os)
517 4495 619 4564 agitur,
636 4495 781 4564 Lachesin,
796 4498 828 4550 ut
842 4513 915 4564 queo
931 4495 1053 4551 sortibus
1068 4495 1183 4566 praesit,
1198 4495 1287 4566 eligit.
1302 4528 1336 4536 -
1352 4500 1395 4550 65.
1414 4494 1501 4564 ὅρκον
1515 4497 1604 4567 μέγαν

317 4567 460 4639 intellegit
473 4567 667 4621 iusiurandum
682 4567 804 4636 deorum,
821 4567 900 4622 cuius
914 4567 1064 4621 formulam
1078 4585 1142 4622 cum
1156 4568 1293 4622 Homerus
1307 4566 1339 4621 Il.
1353 4586 1389 4620 xv
1403 4584 1438 4621 as.
1455 4567 1507 4622 Od.
1522 4588 1539 4622 v
1554 4586 1602 4634 sss,

318 4643 378 4693 tum
403 4643 501 4694 auctor
525 4637 621 4707 hymni
635 4639 687 4708 Ap.
702 4638 761 4694 Del.
777 4657 802 4694 ss
818 4639 912 4694 affert:
932 4638 996 4692 ίοτω
1020 4647 1074 4694 νῦν
1096 4638 1163 4693 τάδε
1190 4642 1265 4693 Γαῖα
1290 4640 1338 4693 καὶ
1363 4640 1495 4707 Οὐρανὸς
1520 4641 1603 4707 stole

320 4709 454 4779 ὕπερθεν,
472 4713 476 4778 l
492 4711 540 4763 καὶ
558 4710 591 4763 τδ
609 4707 809 4782 κατειβόμενον
828 4709 937 4780 Στυγὸς
955 4707 1040 4779 ὕδωρ,
1059 4709 1120 4765 ’ὅστε
1139 4709 1265 4781 μέγιστος
1280 4714 1284 4778 Ι
1301 4709 1382 4778 ὅρκος
1397 4708 1560 4774 δεινότατός
1572 4730 1601 4766 τε

318 4781 395 4836 πόλει
410 4780 566 4851 μακάρεσσι
580 4785 690 4836 θεοῖσιν
704 4815 739 4822 -
754 4788 795 4837 67.
811 4786 1005 4853 πεμφθεῖσαν·
1026 4781 1083 4835 vim
1101 4781 1189 4836 futuri
1208 4782 1300 4837 exacti
1319 4782 1415 4852 habet,
1430 4784 1464 4837 ut
1478 4800 1523 4854 ap.
1539 4784 1602 4838 Em.
