3417 5434
626 1261 769 1314 OATMH.
789 1257 835 1314 1¹¹.

327 1425 594 1510 ΘΗΡΩΝΙ
627 1421 1139 1508 ΑΚΡΑΓΑΝΤΙΝΩι

589 1619 651 1670 ΕΙΣ
671 1614 866 1677 ΘΕΟΞΕΝΙΑ.

539 1907 541 1910 ’
639 1919 816 1990 Strophae.

469 2028 950 2098 ..Ξυ.ῂ;ω.ωᾼ

177 3371 322 3432 Pindarus
346 3392 415 3432 eum
439 3393 474 3432 ex
497 3372 602 3449 tribus,
627 3371 736 3448 quibus
756 3372 860 3430 laudes
880 3370 1000 3446 epinicii
1020 3369 1160 3430 carminis
1181 3368 1368 3447 deberentur,

104 3458 149 3517 deo
169 3460 254 3521 heroe
277 3463 351 3540 viro,
375 3462 530 3538 ultimum,
554 3461 721 3520 Theronem
743 3460 900 3537 victorem,
924 3460 1076 3536 superiore
1099 3460 1157 3519 oda
1179 3460 1369 3537 illustrasset,

103 3546 272 3609 beneodan]
295 3552 434 3628 heroum,
461 3550 599 3610 Herculis
623 3553 654 3609 et
676 3549 907 3626 Dioscurorum,
930 3548 1072 3608 laudibus
1095 3549 1287 3610 consecravit.
1333 3550 1369 3608 In

104 3639 238 3708 prooemio
266 3639 361 3718 igitur
392 3659 411 3699 a
443 3639 534 3699 sacris
562 3639 815 3717 Tyndaridarum,
851 3638 960 3715 quibus
989 3638 1085 3698 Thero
1120 3639 1245 3715 eiusque
1280 3639 1369 3699 amici

105 3727 222 3786 coronati
241 3728 413 3808 intererant,
432 3728 632 3805 proficiscitur
648 3721 772 3810 (1-13).
803 3727 920 3787 Corona
938 3748 1007 3787 vero
1024 3727 1171 3806 oleagina,
1191 3747 1252 3804 qua
1271 3728 1368 3788 Thero

104 3811 185 3874 vietor
209 3817 364 3878 redimitus
393 3821 470 3896 erat,
499 3837 603 3877 ansam
635 3817 662 3876 ei
691 3817 815 3893 praebet
841 3817 983 3876 narrandi
1010 3816 1146 3875 fabulam
1174 3816 1210 3875 de
1238 3817 1368 3877 oleastro

105 3901 135 3958 ab
162 3903 285 3966 Hercule
318 3927 353 3967 en
386 3926 458 3986 agro
491 3907 753 3984 Hyperboreorum
786 3906 817 3964 in
849 3924 954 3965 nemus
987 3905 1179 3981 Olympicum
1220 3907 1368 3965 translato

106 3981 232 4075 ils-34).
278 3995 339 4055 Sub
367 3995 456 4055 finem
483 3997 561 4055 redit
589 3996 627 4054 ad
653 3995 815 4056 Dioscuros
843 3996 960 4073 heroeS,
989 3995 1098 4070 quibus
1129 3995 1273 4054 Hercules
1302 3995 1368 4054 vita

106 4077 231 4143 decedens
260 4104 362 4145 curam
391 4087 530 4146 ludorum
561 4085 761 4162 mandaverit,
791 4089 822 4144 et
845 4085 1012 4144 Theronem
1041 4103 1155 4162 regem,
1187 4084 1239 4160 qui
1269 4084 1368 4143 curuli

106 4167 215 4255 pictoria
229 4173 384 4251 Olympios
398 4177 552 4251 reportate
567 4194 717 4234 summum
731 4174 888 4252 fastigium
901 4174 1051 4232 humanae
1063 4173 1217 4232 felicitatis
1231 4173 1369 4250 attigerit

108 4255 226 4344 tlt-45)
239 4265 336 4323 —De
351 4268 484 4342 tempore
499 4264 639 4323 carminis
654 4283 690 4322 ex
704 4283 747 4342 ec,
762 4263 843 4340 quod
857 4266 947 4339 poeta
960 4263 992 4320 in
1005 4260 1122 4320 ultimis
1136 4260 1271 4321 versibus
1285 4273 1319 4321 42
1330 4281 1367 4322 ss.

108 4344 184 4407 simili
209 4353 381 4429 gradatione
410 4356 501 4429 atque
528 4353 560 4411 in
588 4354 741 4429 praeclaro
765 4352 917 4429 prooemio
940 4351 1030 4427 primi
1052 4351 1192 4410 carminis
1217 4349 1367 4427 Olympici

108 4451 167 4494 usus
186 4445 235 4518 est,
254 4441 409 4521 BergkiuS,
430 4443 595 4502 Hermanni
617 4461 717 4518 opusc.
732 4461 751 4502 v
767 4453 800 4500 67
820 4442 990 4518 opinionem
1011 4443 1142 4517 secutus,
1163 4440 1219 4500 hoc
1248 4459 1367 4499 carmen

109 4527 164 4594 lost
181 4525 236 4586 0.1
255 4531 398 4607 scriptum
419 4550 482 4591 esse
501 4531 656 4609 conclusit,
676 4531 815 4607 equidem
833 4531 909 4589 nibil
928 4530 1068 4608 colligere
1088 4529 1192 4588 ausim.
1227 4529 1270 4588 Ut
1288 4529 1368 4587 enim

113 4607 136 4666 in
151 4622 280 4694 promptu
299 4621 344 4679 est
362 4621 508 4696 suspicari
526 4623 647 4696 poetam
665 4620 799 4680 versibus
819 4619 946 4679 exilibus
965 4619 1056 4678 huius
1075 4618 1214 4678 carminis
1238 4618 1366 4695 splendi-

110 4697 206 4777 diorem
226 4707 310 4767 illum
332 4711 432 4770 locum
455 4709 643 4770 auditoribus
671 4710 703 4768 in
730 4712 860 4768 mentem
887 4728 1026 4768 revocare
1054 4707 1198 4785 voluisse,
1226 4706 1270 4766 ita
1298 4727 1366 4767 cou-

111 4787 215 4854 lmrium
240 4817 355 4874 quoque
383 4799 501 4857 defendi
531 4802 645 4878 potest,
672 4803 708 4857 ut
739 4799 877 4874 primum
899 4800 1021 4874 poetam
1044 4797 1252 4876 gradationem
1274 4797 1364 4857 istam
