<?xml version="1.0" encoding="UTF-8"?>
<!DOCTYPE html PUBLIC "-//W3C//DTD XHTML 1.0 Transitional//EN"
    "http://www.w3.org/TR/xhtml1/DTD/xhtml1-transitional.dtd">
<html xmlns="http://www.w3.org/1999/xhtml" xml:lang="en" lang="en">
 <head>
  <title>
</title>
<meta http-equiv="Content-Type" content="text/html;charset=utf-8" />
  <meta name='ocr-system' content='tesseract 3.04.00' />
  <meta name='ocr-capabilities' content='ocr_page ocr_carea ocr_par ocr_line ocrx_word'/>
</head>
<body>
  <div class='ocr_page' id='page_1' title='image "./pindaricarminap01chrigoog_0066.png"; bbox 0 0 3417 5434; ppageno 0'>
   <div class='ocr_carea' id='block_1_1' title="bbox 283 315 1067 371">
    <p class='ocr_par' dir='ltr' id='par_1_1' title="bbox 283 315 1067 371">
     <span class='ocr_line' id='line_1_1' title="bbox 283 315 1067 371; baseline 0.003 -3"><span class='ocrx_word' id='word_1_1' title='bbox 283 315 331 368; x_wconf 88' lang='lat' dir='ltr'>LX</span> <span class='ocrx_word' id='word_1_2' title='bbox 789 318 1067 371; x_wconf 73' lang='lat' dir='ltr'>Paonnaonnna</span> 
     </span>
    </p>
   </div>
   <div class='ocr_carea' id='block_1_2' title="bbox 280 477 1573 888">
    <p class='ocr_par' dir='ltr' id='par_1_2' title="bbox 280 477 1573 888">
     <span class='ocr_line' id='line_1_2' title="bbox 283 477 1572 565; baseline 0.003 -23"><span class='ocrx_word' id='word_1_3' title='bbox 283 482 366 563; x_wconf 82' lang='lat' dir='ltr'>rant,</span> <span class='ocrx_word' id='word_1_4' title='bbox 390 477 533 563; x_wconf 77' lang='lat' dir='ltr'>syllabas</span> <span class='ocrx_word' id='word_1_5' title='bbox 557 479 716 564; x_wconf 88' lang='lat' dir='ltr'>ancipites</span> <span class='ocrx_word' id='word_1_6' title='bbox 738 479 775 542; x_wconf 92' lang='lat' dir='ltr'>in</span> <span class='ocrx_word' id='word_1_7' title='bbox 797 483 934 562; x_wconf 88' lang='lat' dir='ltr'>paterna</span> <span class='ocrx_word' id='word_1_8' title='bbox 955 479 1027 544; x_wconf 89' lang='lat' dir='ltr'>iura</span> <span class='ocrx_word' id='word_1_9' title='bbox 1049 500 1117 544; x_wconf 91' lang='lat' dir='ltr'>non</span> <span class='ocrx_word' id='word_1_10' title='bbox 1139 480 1309 564; x_wconf 89' lang='lat' dir='ltr'>recipiunt.</span> <span class='ocrx_word' id='word_1_11' title='bbox 1350 479 1572 565; x_wconf 74' lang='lat' dir='ltr'><strong>Equestribus</strong></span> 
     </span>
     <span class='ocr_line' id='line_1_3' title="bbox 282 584 1573 672; baseline 0.003 -22"><span class='ocrx_word' id='word_1_12' title='bbox 282 585 429 652; x_wconf 80' lang='lat' dir='ltr'>uictoriis</span> <span class='ocrx_word' id='word_1_13' title='bbox 454 585 654 651; x_wconf 80' lang='lat' dir='ltr'>celebrandis</span> <span class='ocrx_word' id='word_1_14' title='bbox 677 586 796 650; x_wconf 90' lang='lat' dir='ltr'>idonea</span> <span class='ocrx_word' id='word_1_15' title='bbox 818 585 972 651; x_wconf 86' lang='lat' dir='ltr'>dicuntur</span> <span class='ocrx_word' id='word_1_16' title='bbox 994 584 1064 651; x_wconf 92' lang='lat'>0.1</span> <span class='ocrx_word' id='word_1_17' title='bbox 1084 587 1159 672; x_wconf 83' lang='lat'>104,</span> <span class='ocrx_word' id='word_1_18' title='bbox 1182 586 1267 650; x_wconf 92' lang='lat' dir='ltr'>unde</span> <span class='ocrx_word' id='word_1_19' title='bbox 1288 587 1399 653; x_wconf 90' lang='lat' dir='ltr'>nescio</span> <span class='ocrx_word' id='word_1_20' title='bbox 1423 611 1466 653; x_wconf 88' lang='lat' dir='ltr'>an</span> <span class='ocrx_word' id='word_1_21' title='bbox 1487 610 1573 654; x_wconf 91' lang='lat' dir='ltr'>non-</span> 
     </span>
     <span class='ocr_line' id='line_1_4' title="bbox 280 691 1572 784; baseline 0.003 -27"><span class='ocrx_word' id='word_1_22' title='bbox 280 693 364 758; x_wconf 91' lang='lat' dir='ltr'>nihil</span> <span class='ocrx_word' id='word_1_23' title='bbox 397 693 516 758; x_wconf 89' lang='lat' dir='ltr'>coloris</span> <span class='ocrx_word' id='word_1_24' title='bbox 549 714 588 757; x_wconf 85' lang='lat' dir='ltr'>ex</span> <span class='ocrx_word' id='word_1_25' title='bbox 619 691 754 780; x_wconf 87' lang='lat' dir='ltr'>Phrygii</span> <span class='ocrx_word' id='word_1_26' title='bbox 787 693 933 759; x_wconf 88' lang='lat' dir='ltr'>tibicinis</span> <span class='ocrx_word' id='word_1_27' title='bbox 962 691 1094 779; x_wconf 86' lang='lat' dir='ltr'>Olympi</span> <span class='ocrx_word' id='word_1_28' title='bbox 1126 693 1230 759; x_wconf 86' lang='lat' dir='ltr'>curuli</span> <span class='ocrx_word' id='word_1_29' title='bbox 1262 716 1361 760; x_wconf 92' lang='lat' dir='ltr'>nomo</span> <span class='ocrx_word' id='word_1_30' title='bbox 1388 693 1572 784; x_wconf 76' lang='grc' dir='ltr'><strong><em>(ἁρματείῳ</em></strong></span> 
     </span>
     <span class='ocr_line' id='line_1_5' title="bbox 284 798 1572 888; baseline 0.003 -23"><span class='ocrx_word' id='word_1_31' title='bbox 284 803 385 888; x_wconf 79' lang='grc' dir='ltr'><strong><em>νόμῳ,</em></strong></span> <span class='ocrx_word' id='word_1_32' title='bbox 408 823 437 865; x_wconf 81' lang='lat' dir='ltr'>y.</span> <span class='ocrx_word' id='word_1_33' title='bbox 455 799 540 865; x_wconf 89' lang='lat' dir='ltr'>Plut.</span> <span class='ocrx_word' id='word_1_34' title='bbox 559 801 598 864; x_wconf 94' lang='lat' dir='ltr'>de</span> <span class='ocrx_word' id='word_1_35' title='bbox 617 823 698 865; x_wconf 92' lang='lat' dir='ltr'>mus.</span> <span class='ocrx_word' id='word_1_36' title='bbox 719 798 754 887; x_wconf 85' lang='lat'>9)</span> <span class='ocrx_word' id='word_1_37' title='bbox 783 805 816 865; x_wconf 91' lang='lat' dir='ltr'>et</span> <span class='ocrx_word' id='word_1_38' title='bbox 845 822 885 864; x_wconf 80' lang='lat' dir='ltr'>ex</span> <span class='ocrx_word' id='word_1_39' title='bbox 906 801 1047 866; x_wconf 80' lang='lat' dir='ltr'>vetustis</span> <span class='ocrx_word' id='word_1_40' title='bbox 1075 801 1179 866; x_wconf 92' lang='lat' dir='ltr'>modis</span> <span class='ocrx_word' id='word_1_41' title='bbox 1207 801 1421 886; x_wconf 89' lang='lat' dir='ltr'>pyrrichiacis</span> <span class='ocrx_word' id='word_1_42' title='bbox 1447 802 1572 887; x_wconf 79' lang='grc' dir='ltr'><em>μέλους</em></span> 
     </span>
    </p>
   </div>
   <div class='ocr_carea' id='block_1_3' title="bbox 282 905 1702 1102">
    <p class='ocr_par' dir='ltr' id='par_1_3' title="bbox 282 905 1702 1102">
     <span class='ocr_line' id='line_1_6' title="bbox 283 905 1702 995; baseline 0.002 -23"><span class='ocrx_word' id='word_1_43' title='bbox 283 910 489 993; x_wconf 84' lang='grc' dir='ltr'><strong><em>Καστορείου</em></strong></span> <span class='ocrx_word' id='word_1_44' title='bbox 504 905 549 995; x_wconf 83' lang='lat' dir='ltr'>(y.</span> <span class='ocrx_word' id='word_1_45' title='bbox 568 906 603 971; x_wconf 87' lang='lat' dir='ltr'>P.</span> <span class='ocrx_word' id='word_1_46' title='bbox 622 924 648 970; x_wconf 91' lang='lat'>11</span> <span class='ocrx_word' id='word_1_47' title='bbox 667 905 724 994; x_wconf 81' lang='lat'>69)</span> <span class='ocrx_word' id='word_1_48' title='bbox 743 908 911 972; x_wconf 76' lang='lat' dir='ltr'><strong>traxerint.</strong></span> <span class='ocrx_word' id='word_1_49' title='bbox 943 907 1096 974; x_wconf 87' lang='lat' dir='ltr'>Aeolicos</span> <span class='ocrx_word' id='word_1_50' title='bbox 1115 908 1240 993; x_wconf 93' lang='lat' dir='ltr'>modos,</span> <span class='ocrx_word' id='word_1_51' title='bbox 1258 929 1396 992; x_wconf 90' lang='lat' dir='ltr'>quorum</span> <span class='ocrx_word' id='word_1_52' title='bbox 1415 909 1570 976; x_wconf 73' lang='lat' dir='ltr'>alacritas</span> <span class='ocrx_word' id='word_1_53' title='bbox 1701 972 1702 995; x_wconf 61' lang='lat'>,</span> 
     </span>
     <span class='ocr_line' id='line_1_7' title="bbox 282 998 1702 1102; baseline 0.005 -24"><span class='ocrx_word' id='word_1_54' title='bbox 282 1036 356 1079; x_wconf 91' lang='lat' dir='ltr'>cum</span> <span class='ocrx_word' id='word_1_55' title='bbox 389 1014 515 1099; x_wconf 90' lang='lat' dir='ltr'>impetu</span> <span class='ocrx_word' id='word_1_56' title='bbox 547 1015 664 1079; x_wconf 91' lang='lat' dir='ltr'>horum</span> <span class='ocrx_word' id='word_1_57' title='bbox 697 1015 877 1080; x_wconf 81' lang='lat' dir='ltr'>carminum</span> <span class='ocrx_word' id='word_1_58' title='bbox 909 1015 1049 1080; x_wconf 86' lang='lat' dir='ltr'>maxime</span> <span class='ocrx_word' id='word_1_59' title='bbox 1081 1015 1262 1100; x_wconf 78' lang='lat' dir='ltr'>conspirat,</span> <span class='ocrx_word' id='word_1_60' title='bbox 1293 1015 1441 1082; x_wconf 89' lang='lat' dir='ltr'>disertim</span> <span class='ocrx_word' id='word_1_61' title='bbox 1470 1021 1572 1102; x_wconf 90' lang='lat' dir='ltr'>poeta</span> <span class='ocrx_word' id='word_1_62' title='bbox 1701 998 1702 1085; x_wconf 66' lang='lat' dir='ltr'>i</span> 
     </span>
    </p>
   </div>
   <div class='ocr_carea' id='block_1_4' title="bbox 283 1119 881 1187">
    <p class='ocr_par' dir='ltr' id='par_1_4' title="bbox 283 1119 881 1187">
     <span class='ocr_line' id='line_1_8' title="bbox 283 1119 881 1187; baseline -0.002 0"><span class='ocrx_word' id='word_1_63' title='bbox 283 1126 517 1187; x_wconf 89' lang='lat' dir='ltr'>commemorat</span> <span class='ocrx_word' id='word_1_64' title='bbox 539 1119 575 1186; x_wconf 92' lang='lat'>0.</span> <span class='ocrx_word' id='word_1_65' title='bbox 595 1140 607 1185; x_wconf 94' lang='lat'>1</span> <span class='ocrx_word' id='word_1_66' title='bbox 627 1122 699 1187; x_wconf 85' lang='lat'>105.</span> <span class='ocrx_word' id='word_1_67' title='bbox 728 1121 763 1186; x_wconf 93' lang='lat' dir='ltr'>P.</span> <span class='ocrx_word' id='word_1_68' title='bbox 782 1139 807 1186; x_wconf 91' lang='lat'>11</span> <span class='ocrx_word' id='word_1_69' title='bbox 827 1123 881 1187; x_wconf 78' lang='lat'>69.</span> 
     </span>
    </p>
   </div>
   <div class='ocr_carea' id='block_1_5' title="bbox 280 1227 1702 1425">
    <p class='ocr_par' dir='ltr' id='par_1_5' title="bbox 280 1200 1702 1425">
     <span class='ocr_line' id='line_1_9' title="bbox 370 1227 1571 1316; baseline -0.002 -22"><span class='ocrx_word' id='word_1_70' title='bbox 370 1227 693 1314; x_wconf 88' lang='lat' dir='ltr'>Monostrophica</span> <span class='ocrx_word' id='word_1_71' title='bbox 716 1230 887 1294; x_wconf 90' lang='lat' dir='ltr'>carmina</span> <span class='ocrx_word' id='word_1_72' title='bbox 910 1236 987 1296; x_wconf 92' lang='lat' dir='ltr'>sunt</span> <span class='ocrx_word' id='word_1_73' title='bbox 1010 1230 1318 1315; x_wconf 80' lang='lat' dir='ltr'>dactyloepitritica</span> <span class='ocrx_word' id='word_1_74' title='bbox 1336 1231 1371 1296; x_wconf 93' lang='grc' dir='ltr'>Ρ.</span> <span class='ocrx_word' id='word_1_75' title='bbox 1386 1249 1444 1296; x_wconf 86' lang='lat' dir='ltr'>xn.</span> <span class='ocrx_word' id='word_1_76' title='bbox 1463 1230 1505 1296; x_wconf 92' lang='lat' dir='ltr'>N.</span> <span class='ocrx_word' id='word_1_77' title='bbox 1521 1250 1571 1316; x_wconf 75' lang='lat' dir='ltr'>nr,</span> 
     </span>
     <span class='ocr_line' id='line_1_10' title="bbox 280 1335 1702 1425; baseline 0 -25"><span class='ocrx_word' id='word_1_78' title='bbox 280 1337 470 1424; x_wconf 90' lang='lat' dir='ltr'>logaoedioa</span> <span class='ocrx_word' id='word_1_79' title='bbox 488 1335 607 1401; x_wconf 85' lang='lat' dir='ltr'>0.x1v.</span> <span class='ocrx_word' id='word_1_80' title='bbox 632 1336 667 1402; x_wconf 92' lang='lat' dir='ltr'>P.</span> <span class='ocrx_word' id='word_1_81' title='bbox 681 1354 726 1400; x_wconf 77' lang='lat' dir='ltr'>vn</span> <span class='ocrx_word' id='word_1_82' title='bbox 750 1335 843 1402; x_wconf 88' lang='lat' dir='ltr'>N.11.</span> <span class='ocrx_word' id='word_1_83' title='bbox 863 1355 908 1402; x_wconf 79' lang='grc' dir='ltr'>Ν.</span> <span class='ocrx_word' id='word_1_84' title='bbox 932 1338 955 1402; x_wconf 94' lang='lat' dir='ltr'>l.</span> <span class='ocrx_word' id='word_1_85' title='bbox 971 1355 1042 1421; x_wconf 84' lang='lat' dir='ltr'>vm,</span> <span class='ocrx_word' id='word_1_86' title='bbox 1066 1338 1150 1402; x_wconf 90' lang='lat' dir='ltr'>unde</span> <span class='ocrx_word' id='word_1_87' title='bbox 1170 1343 1306 1423; x_wconf 90' lang='lat' dir='ltr'>apparet</span> <span class='ocrx_word' id='word_1_88' title='bbox 1323 1339 1408 1404; x_wconf 92' lang='lat' dir='ltr'>hanc</span> <span class='ocrx_word' id='word_1_89' title='bbox 1426 1337 1570 1404; x_wconf 86' lang='lat' dir='ltr'>formam</span> <span class='ocrx_word' id='word_1_90' title='bbox 1701 1380 1702 1425; x_wconf 49' lang='grc' dir='ltr'><strong><em>ρ</em></strong></span> 
     </span>
    </p>
   </div>
   <div class='ocr_carea' id='block_1_6' title="bbox 280 1442 1569 1530">
    <p class='ocr_par' dir='ltr' id='par_1_6' title="bbox 280 1442 1569 1530">
     <span class='ocr_line' id='line_1_11' title="bbox 280 1442 1569 1530; baseline 0.003 -22"><span class='ocrx_word' id='word_1_91' title='bbox 280 1465 385 1529; x_wconf 89' lang='lat' dir='ltr'>neque</span> <span class='ocrx_word' id='word_1_92' title='bbox 410 1467 449 1508; x_wconf 83' lang='lat' dir='ltr'>ex</span> <span class='ocrx_word' id='word_1_93' title='bbox 468 1442 652 1508; x_wconf 83' lang='lat' dir='ltr'>discrimine</span> <span class='ocrx_word' id='word_1_94' title='bbox 671 1442 869 1510; x_wconf 88' lang='lat' dir='ltr'>Doricorum</span> <span class='ocrx_word' id='word_1_95' title='bbox 887 1449 920 1509; x_wconf 92' lang='lat' dir='ltr'>et</span> <span class='ocrx_word' id='word_1_96' title='bbox 938 1444 1147 1510; x_wconf 88' lang='lat' dir='ltr'>Aeolicorum</span> <span class='ocrx_word' id='word_1_97' title='bbox 1167 1447 1338 1511; x_wconf 90' lang='lat' dir='ltr'>modorum</span> <span class='ocrx_word' id='word_1_98' title='bbox 1356 1468 1469 1530; x_wconf 87' lang='lat' dir='ltr'>neque,</span> <span class='ocrx_word' id='word_1_99' title='bbox 1493 1469 1569 1512; x_wconf 87' lang='lat' dir='ltr'>eum</span> 
     </span>
    </p>
   </div>
   <div class='ocr_carea' id='block_1_7' title="bbox 237 1551 1702 1743">
    <p class='ocr_par' dir='ltr' id='par_1_7' title="bbox 237 1551 1702 1759">
     <span class='ocr_line' id='line_1_12' title="bbox 281 1551 1702 1643; baseline 0.002 -28"><span class='ocrx_word' id='word_1_100' title='bbox 281 1551 391 1615; x_wconf 89' lang='lat' dir='ltr'>omnia</span> <span class='ocrx_word' id='word_1_101' title='bbox 427 1551 527 1616; x_wconf 91' lang='lat' dir='ltr'>choro</span> <span class='ocrx_word' id='word_1_102' title='bbox 565 1551 725 1615; x_wconf 89' lang='lat' dir='ltr'>cantanda</span> <span class='ocrx_word' id='word_1_103' title='bbox 762 1551 923 1615; x_wconf 84' lang='lat' dir='ltr'>destinata</span> <span class='ocrx_word' id='word_1_104' title='bbox 959 1551 1041 1636; x_wconf 91' lang='lat' dir='ltr'>sint,</span> <span class='ocrx_word' id='word_1_105' title='bbox 1076 1573 1116 1616; x_wconf 85' lang='lat' dir='ltr'>ex</span> <span class='ocrx_word' id='word_1_106' title='bbox 1151 1551 1337 1618; x_wconf 86' lang='lat' dir='ltr'>imitatione</span> <span class='ocrx_word' id='word_1_107' title='bbox 1373 1551 1570 1618; x_wconf 85' lang='lat' dir='ltr'>Lesbiorum</span> <span class='ocrx_word' id='word_1_108' title='bbox 1701 1608 1702 1643; x_wconf 75' lang='lat'>,</span> 
     </span>
     <span class='ocr_line' id='line_1_13' title="bbox 237 1656 1569 1743; baseline 0.002 -21"><span class='ocrx_word' id='word_1_109' title='bbox 237 1695 238 1700; x_wconf 21' lang='grc' dir='ltr'><strong>κ</strong></span> <span class='ocrx_word' id='word_1_110' title='bbox 278 1661 450 1743; x_wconf 90' lang='lat' dir='ltr'>poetarum</span> <span class='ocrx_word' id='word_1_111' title='bbox 474 1656 696 1743; x_wconf 86' lang='lat' dir='ltr'>explicandam</span> <span class='ocrx_word' id='word_1_112' title='bbox 720 1680 799 1723; x_wconf 88' lang='lat' dir='ltr'>esse.</span> <span class='ocrx_word' id='word_1_113' title='bbox 843 1657 907 1723; x_wconf 85' lang='lat' dir='ltr'>Sed</span> <span class='ocrx_word' id='word_1_114' title='bbox 930 1680 1100 1724; x_wconf 88' lang='lat' dir='ltr'>commune</span> <span class='ocrx_word' id='word_1_115' title='bbox 1124 1659 1271 1724; x_wconf 89' lang='lat' dir='ltr'>omniurn</span> <span class='ocrx_word' id='word_1_116' title='bbox 1292 1660 1409 1724; x_wconf 90' lang='lat' dir='ltr'>harum</span> <span class='ocrx_word' id='word_1_117' title='bbox 1430 1660 1569 1726; x_wconf 89' lang='lat' dir='ltr'>odarum</span> 
     </span>
    </p>
   </div>
   <div class='ocr_carea' id='block_1_8' title="bbox 280 1763 1569 1958">
    <p class='ocr_par' dir='ltr' id='par_1_8' title="bbox 280 1763 1569 1958">
     <span class='ocr_line' id='line_1_14' title="bbox 280 1763 1569 1853; baseline 0.003 -24"><span class='ocrx_word' id='word_1_118' title='bbox 280 1763 619 1849; x_wconf 87' lang='lat' dir='ltr'>monostrophicarum</span> <span class='ocrx_word' id='word_1_119' title='bbox 642 1765 704 1830; x_wconf 92' lang='lat' dir='ltr'>hoc</span> <span class='ocrx_word' id='word_1_120' title='bbox 728 1770 791 1850; x_wconf 86' lang='lat' dir='ltr'>est,</span> <span class='ocrx_word' id='word_1_121' title='bbox 821 1767 909 1850; x_wconf 90' lang='lat' dir='ltr'>quod</span> <span class='ocrx_word' id='word_1_122' title='bbox 931 1788 1069 1851; x_wconf 87' lang='lat' dir='ltr'>pompae</span> <span class='ocrx_word' id='word_1_123' title='bbox 1092 1771 1126 1830; x_wconf 90' lang='lat' dir='ltr'>et</span> <span class='ocrx_word' id='word_1_124' title='bbox 1148 1767 1248 1831; x_wconf 92' lang='lat' dir='ltr'>choro</span> <span class='ocrx_word' id='word_1_125' title='bbox 1273 1766 1435 1853; x_wconf 85' lang='lat' dir='ltr'>gradienti</span> <span class='ocrx_word' id='word_1_126' title='bbox 1458 1767 1569 1833; x_wconf 83' lang='lat' dir='ltr'>factae</span> 
     </span>
     <span class='ocr_line' id='line_1_15' title="bbox 281 1870 1293 1958; baseline 0.001 -22"><span class='ocrx_word' id='word_1_127' title='bbox 281 1876 365 1936; x_wconf 89' lang='lat' dir='ltr'>sunt.</span> <span class='ocrx_word' id='word_1_128' title='bbox 406 1870 579 1936; x_wconf 90' lang='lat' dir='ltr'>Praeterea</span> <span class='ocrx_word' id='word_1_129' title='bbox 601 1873 906 1958; x_wconf 91' lang='lat' dir='ltr'>monostrophicum</span> <span class='ocrx_word' id='word_1_130' title='bbox 929 1877 979 1938; x_wconf 91' lang='lat' dir='ltr'>est</span> <span class='ocrx_word' id='word_1_131' title='bbox 1002 1876 1138 1939; x_wconf 78' lang='grc' dir='ltr'><strong><em>σκόλιον</em></strong></span> <span class='ocrx_word' id='word_1_132' title='bbox 1160 1873 1198 1938; x_wconf 80' lang='lat' dir='ltr'>fr.</span> <span class='ocrx_word' id='word_1_133' title='bbox 1220 1874 1293 1938; x_wconf 71' lang='lat'><strong>122.</strong></span> 
     </span>
    </p>
   </div>
   <div class='ocr_carea' id='block_1_9' title="bbox 279 1960 1702 2279">
    <p class='ocr_par' dir='ltr' id='par_1_9' title="bbox 279 1960 1702 2279">
     <span class='ocr_line' id='line_1_16' title="bbox 368 1960 1702 2066; baseline 0.004 -24"><span class='ocrx_word' id='word_1_134' title='bbox 368 1977 550 2044; x_wconf 81' lang='lat' dir='ltr'>Triadica</span> <span class='ocrx_word' id='word_1_135' title='bbox 569 1977 740 2044; x_wconf 89' lang='lat' dir='ltr'>carmina</span> <span class='ocrx_word' id='word_1_136' title='bbox 756 2002 795 2044; x_wconf 89' lang='lat' dir='ltr'>ex</span> <span class='ocrx_word' id='word_1_137' title='bbox 810 1981 946 2066; x_wconf 89' lang='lat' dir='ltr'>stropha</span> <span class='ocrx_word' id='word_1_138' title='bbox 960 1980 1167 2066; x_wconf 86' lang='lat' dir='ltr'>antistropha</span> <span class='ocrx_word' id='word_1_139' title='bbox 1180 1981 1284 2066; x_wconf 92' lang='lat' dir='ltr'>epodo</span> <span class='ocrx_word' id='word_1_140' title='bbox 1298 1986 1463 2066; x_wconf 83' lang='lat' dir='ltr'>constant3</span> <span class='ocrx_word' id='word_1_141' title='bbox 1481 1983 1569 2047; x_wconf 85' lang='lat' dir='ltr'>hano</span> <span class='ocrx_word' id='word_1_142' title='bbox 1701 1960 1702 2027; x_wconf 62' lang='lat' dir='ltr'>l</span> 
     </span>
     <span class='ocr_line' id='line_1_17' title="bbox 280 2086 1702 2154; baseline 0.003 -4"><span class='ocrx_word' id='word_1_143' title='bbox 280 2087 419 2151; x_wconf 85' lang='lat' dir='ltr'>formam</span> <span class='ocrx_word' id='word_1_144' title='bbox 439 2109 512 2151; x_wconf 90' lang='lat' dir='ltr'>cum</span> <span class='ocrx_word' id='word_1_145' title='bbox 532 2086 704 2151; x_wconf 84' lang='lat' dir='ltr'>saltatione</span> <span class='ocrx_word' id='word_1_146' title='bbox 722 2087 812 2152; x_wconf 89' lang='lat' dir='ltr'>chori</span> <span class='ocrx_word' id='word_1_147' title='bbox 827 2086 999 2153; x_wconf 87' lang='lat' dir='ltr'>cohaerere</span> <span class='ocrx_word' id='word_1_148' title='bbox 1013 2091 1047 2152; x_wconf 90' lang='lat' dir='ltr'>et</span> <span class='ocrx_word' id='word_1_149' title='bbox 1061 2110 1080 2152; x_wconf 91' lang='lat' dir='ltr'>a</span> <span class='ocrx_word' id='word_1_150' title='bbox 1093 2087 1218 2152; x_wconf 88' lang='lat' dir='ltr'>vicibus</span> <span class='ocrx_word' id='word_1_151' title='bbox 1233 2092 1382 2153; x_wconf 91' lang='lat' dir='ltr'>motuum</span> <span class='ocrx_word' id='word_1_152' title='bbox 1396 2088 1567 2154; x_wconf 89' lang='lat' dir='ltr'>chorenta·</span> <span class='ocrx_word' id='word_1_153' title='bbox 1701 2136 1702 2141; x_wconf 20' lang='grc' dir='ltr'>η</span> 
     </span>
     <span class='ocr_line' id='line_1_18' title="bbox 279 2188 1702 2279; baseline 0.004 -23"><span class='ocrx_word' id='word_1_154' title='bbox 279 2215 352 2257; x_wconf 90' lang='lat' dir='ltr'>rum</span> <span class='ocrx_word' id='word_1_155' title='bbox 361 2194 458 2259; x_wconf 92' lang='lat' dir='ltr'>modo</span> <span class='ocrx_word' id='word_1_156' title='bbox 469 2195 674 2258; x_wconf 85' lang='lat' dir='ltr'>dextrorsum</span> <span class='ocrx_word' id='word_1_157' title='bbox 683 2194 779 2258; x_wconf 91' lang='lat' dir='ltr'>modo</span> <span class='ocrx_word' id='word_1_158' title='bbox 791 2193 1016 2259; x_wconf 89' lang='lat' dir='ltr'>sinistrorsum</span> <span class='ocrx_word' id='word_1_159' title='bbox 1027 2194 1277 2279; x_wconf 88' lang='lat' dir='ltr'>deflectentium,</span> <span class='ocrx_word' id='word_1_160' title='bbox 1288 2196 1383 2260; x_wconf 91' lang='lat' dir='ltr'>modo</span> <span class='ocrx_word' id='word_1_161' title='bbox 1392 2200 1467 2260; x_wconf 90' lang='lat' dir='ltr'>ante</span> <span class='ocrx_word' id='word_1_162' title='bbox 1475 2218 1567 2260; x_wconf 87' lang='lat' dir='ltr'>aram</span> <span class='ocrx_word' id='word_1_163' title='bbox 1701 2188 1702 2243; x_wconf 77' lang='lat' dir='ltr'>l</span> 
     </span>
    </p>
   </div>
   <div class='ocr_carea' id='block_1_10' title="bbox 278 2299 1566 3115">
    <p class='ocr_par' dir='ltr' id='par_1_10' title="bbox 278 2299 1566 3115">
     <span class='ocr_line' id='line_1_19' title="bbox 280 2299 1566 2388; baseline 0.001 -23"><span class='ocrx_word' id='word_1_164' title='bbox 280 2299 528 2365; x_wconf 87' lang='lat' dir='ltr'>consistentium</span> <span class='ocrx_word' id='word_1_165' title='bbox 548 2299 708 2385; x_wconf 84' lang='lat' dir='ltr'>originem</span> <span class='ocrx_word' id='word_1_166' title='bbox 728 2301 851 2385; x_wconf 86' lang='lat' dir='ltr'>cepisse</span> <span class='ocrx_word' id='word_1_167' title='bbox 870 2301 1059 2367; x_wconf 90' lang='lat' dir='ltr'>testimonio</span> <span class='ocrx_word' id='word_1_168' title='bbox 1074 2301 1170 2366; x_wconf 89' lang='lat' dir='ltr'>Atilii</span> <span class='ocrx_word' id='word_1_169' title='bbox 1184 2301 1390 2388; x_wconf 88' lang='lat' dir='ltr'>grammatici</span> <span class='ocrx_word' id='word_1_170' title='bbox 1403 2327 1434 2387; x_wconf 92' lang='lat' dir='ltr'>p.</span> <span class='ocrx_word' id='word_1_171' title='bbox 1449 2302 1566 2368; x_wconf 79' lang='grc' dir='ltr'>295Κ.</span> 
     </span>
     <span class='ocr_line' id='line_1_20' title="bbox 279 2407 1566 2498; baseline 0.003 -27"><span class='ocrx_word' id='word_1_172' title='bbox 279 2410 409 2471; x_wconf 88' lang='lat' dir='ltr'>constat</span> <span class='ocrx_word' id='word_1_173' title='bbox 429 2412 461 2472; x_wconf 88' lang='lat' dir='ltr'>et</span> <span class='ocrx_word' id='word_1_174' title='bbox 479 2407 551 2493; x_wconf 89' lang='lat' dir='ltr'>ipsa</span> <span class='ocrx_word' id='word_1_175' title='bbox 570 2407 769 2493; x_wconf 83' lang='lat' dir='ltr'>etymologia</span> <span class='ocrx_word' id='word_1_176' title='bbox 783 2407 1017 2474; x_wconf 85' lang='lat' dir='ltr'>vocabulorum</span> <span class='ocrx_word' id='word_1_177' title='bbox 1033 2418 1181 2494; x_wconf 79' lang='grc' dir='ltr'><strong><em>στροφῆς</em></strong></span> <span class='ocrx_word' id='word_1_178' title='bbox 1195 2407 1419 2494; x_wconf 67' lang='grc' dir='ltr'><strong><em>ἀναστροφῆς</em></strong></span> <span class='ocrx_word' id='word_1_179' title='bbox 1433 2409 1566 2498; x_wconf 61' lang='lat' dir='ltr'>&amp;spodon</span> 
     </span>
     <span class='ocr_line' id='line_1_21' title="bbox 279 2513 1564 2600; baseline 0.003 -23"><span class='ocrx_word' id='word_1_180' title='bbox 279 2514 496 2580; x_wconf 90' lang='lat' dir='ltr'>confirmatur.</span> <span class='ocrx_word' id='word_1_181' title='bbox 538 2513 669 2579; x_wconf 90' lang='lat' dir='ltr'>Pindari</span> <span class='ocrx_word' id='word_1_182' title='bbox 693 2515 837 2580; x_wconf 89' lang='lat' dir='ltr'>carmina</span> <span class='ocrx_word' id='word_1_183' title='bbox 858 2514 1147 2600; x_wconf 88' lang='lat' dir='ltr'>hyporchematiea</span> <span class='ocrx_word' id='word_1_184' title='bbox 1165 2521 1198 2580; x_wconf 90' lang='lat' dir='ltr'>et</span> <span class='ocrx_word' id='word_1_185' title='bbox 1219 2515 1376 2600; x_wconf 90' lang='lat' dir='ltr'>paeonica</span> <span class='ocrx_word' id='word_1_186' title='bbox 1393 2515 1564 2582; x_wconf 84' lang='lat' dir='ltr'>triadicam</span> 
     </span>
     <span class='ocr_line' id='line_1_22' title="bbox 278 2621 1565 2708; baseline 0.002 -22"><span class='ocrx_word' id='word_1_187' title='bbox 278 2621 550 2706; x_wconf 88' lang='lat' dir='ltr'>compositionem</span> <span class='ocrx_word' id='word_1_188' title='bbox 573 2643 651 2706; x_wconf 89' lang='lat' dir='ltr'>prae</span> <span class='ocrx_word' id='word_1_189' title='bbox 675 2644 709 2687; x_wconf 90' lang='lat' dir='ltr'>se</span> <span class='ocrx_word' id='word_1_190' title='bbox 728 2621 838 2686; x_wconf 89' lang='lat' dir='ltr'>ferunt</span> <span class='ocrx_word' id='word_1_191' title='bbox 858 2622 976 2706; x_wconf 88' lang='lat' dir='ltr'>omnia,</span> <span class='ocrx_word' id='word_1_192' title='bbox 998 2644 1102 2708; x_wconf 89' lang='lat' dir='ltr'>neque</span> <span class='ocrx_word' id='word_1_193' title='bbox 1122 2627 1231 2687; x_wconf 90' lang='lat' dir='ltr'>tamen</span> <span class='ocrx_word' id='word_1_194' title='bbox 1252 2644 1290 2687; x_wconf 92' lang='lat' dir='ltr'>ea</span> <span class='ocrx_word' id='word_1_195' title='bbox 1307 2622 1427 2688; x_wconf 87' lang='lat' dir='ltr'>finibus</span> <span class='ocrx_word' id='word_1_196' title='bbox 1446 2625 1565 2690; x_wconf 89' lang='lat' dir='ltr'>horum</span> 
     </span>
     <span class='ocr_line' id='line_1_23' title="bbox 279 2729 1565 2816; baseline 0.002 -22"><span class='ocrx_word' id='word_1_197' title='bbox 279 2751 434 2816; x_wconf 91' lang='lat' dir='ltr'>generum</span> <span class='ocrx_word' id='word_1_198' title='bbox 463 2730 642 2795; x_wconf 89' lang='lat' dir='ltr'>carminum</span> <span class='ocrx_word' id='word_1_199' title='bbox 669 2729 718 2794; x_wconf 89' lang='lat' dir='ltr'>ita</span> <span class='ocrx_word' id='word_1_200' title='bbox 744 2729 991 2814; x_wconf 89' lang='lat' dir='ltr'>circumscripta</span> <span class='ocrx_word' id='word_1_201' title='bbox 1018 2733 1082 2816; x_wconf 90' lang='lat' dir='ltr'>est,</span> <span class='ocrx_word' id='word_1_202' title='bbox 1113 2733 1244 2794; x_wconf 91' lang='lat' dir='ltr'>utnon</span> <span class='ocrx_word' id='word_1_203' title='bbox 1270 2729 1305 2794; x_wconf 94' lang='lat' dir='ltr'>in</span> <span class='ocrx_word' id='word_1_204' title='bbox 1333 2729 1406 2795; x_wconf 87' lang='lat' dir='ltr'>aliis</span> <span class='ocrx_word' id='word_1_205' title='bbox 1435 2753 1565 2816; x_wconf 88' lang='lat' dir='ltr'>quoque</span> 
     </span>
     <span class='ocr_line' id='line_1_24' title="bbox 278 2836 1565 2923; baseline 0.002 -21"><span class='ocrx_word' id='word_1_206' title='bbox 278 2836 476 2902; x_wconf 86' lang='lat' dir='ltr'>carminibus</span> <span class='ocrx_word' id='word_1_207' title='bbox 499 2837 684 2901; x_wconf 87' lang='lat' dir='ltr'>inveniatur</span> <span class='ocrx_word' id='word_1_208' title='bbox 712 2841 745 2901; x_wconf 91' lang='lat' dir='ltr'>et</span> <span class='ocrx_word' id='word_1_209' title='bbox 773 2836 918 2901; x_wconf 90' lang='lat' dir='ltr'>stasimis</span> <span class='ocrx_word' id='word_1_210' title='bbox 946 2840 979 2900; x_wconf 93' lang='lat' dir='ltr'>et</span> <span class='ocrx_word' id='word_1_211' title='bbox 1007 2836 1193 2901; x_wconf 88' lang='lat' dir='ltr'>embateriis</span> <span class='ocrx_word' id='word_1_212' title='bbox 1220 2859 1371 2903; x_wconf 88' lang='lat' dir='ltr'>necnon</span> <span class='ocrx_word' id='word_1_213' title='bbox 1397 2837 1453 2923; x_wconf 88' lang='lat' dir='ltr'>iis,</span> <span class='ocrx_word' id='word_1_214' title='bbox 1480 2860 1565 2922; x_wconf 90' lang='lat' dir='ltr'>quae</span> 
     </span>
     <span class='ocr_line' id='line_1_25' title="bbox 279 2942 1565 3030; baseline 0.002 -23"><span class='ocrx_word' id='word_1_215' title='bbox 279 2947 315 3007; x_wconf 93' lang='lat' dir='ltr'>ut</span> <span class='ocrx_word' id='word_1_216' title='bbox 342 2942 376 3006; x_wconf 91' lang='lat' dir='ltr'>P.</span> <span class='ocrx_word' id='word_1_217' title='bbox 395 2960 432 3006; x_wconf 91' lang='lat' dir='ltr'>1v</span> <span class='ocrx_word' id='word_1_218' title='bbox 460 2942 564 3029; x_wconf 89' lang='lat' dir='ltr'>magis</span> <span class='ocrx_word' id='word_1_219' title='bbox 597 2943 809 3029; x_wconf 90' lang='lat' dir='ltr'>rhapsodicae</span> <span class='ocrx_word' id='word_1_220' title='bbox 838 2943 1025 3009; x_wconf 88' lang='lat' dir='ltr'>recitationi</span> <span class='ocrx_word' id='word_1_221' title='bbox 1053 2966 1150 3030; x_wconf 90' lang='lat' dir='ltr'>quam</span> <span class='ocrx_word' id='word_1_222' title='bbox 1178 2943 1309 3010; x_wconf 85' lang='lat' dir='ltr'>chorico</span> <span class='ocrx_word' id='word_1_223' title='bbox 1337 2945 1447 3010; x_wconf 88' lang='lat' dir='ltr'>cantui</span> <span class='ocrx_word' id='word_1_224' title='bbox 1474 2945 1565 3010; x_wconf 84' lang='lat' dir='ltr'>facta</span> 
     </span>
     <span class='ocr_line' id='line_1_26' title="bbox 279 3049 531 3115; baseline -0.004 0"><span class='ocrx_word' id='word_1_225' title='bbox 279 3072 349 3115; x_wconf 90' lang='lat' dir='ltr'>esse</span> <span class='ocrx_word' id='word_1_226' title='bbox 372 3049 531 3114; x_wconf 85' lang='lat' dir='ltr'>videntur.</span> 
     </span>
    </p>
   </div>
   <div class='ocr_carea' id='block_1_11' title="bbox 278 3155 1564 3781">
    <p class='ocr_par' dir='ltr' id='par_1_11' title="bbox 278 3155 1564 3781">
     <span class='ocr_line' id='line_1_27' title="bbox 368 3155 1564 3245; baseline 0.004 -25"><span class='ocrx_word' id='word_1_227' title='bbox 368 3155 535 3242; x_wconf 84' lang='lat' dir='ltr'>Legibus</span> <span class='ocrx_word' id='word_1_228' title='bbox 574 3159 706 3223; x_wconf 90' lang='lat' dir='ltr'>soluta</span> <span class='ocrx_word' id='word_1_229' title='bbox 744 3157 915 3223; x_wconf 88' lang='lat' dir='ltr'>carmina</span> <span class='ocrx_word' id='word_1_230' title='bbox 947 3155 1191 3245; x_wconf 74' lang='grc' dir='ltr'>(ἀπολελυμένα</span> <span class='ocrx_word' id='word_1_231' title='bbox 1222 3155 1319 3245; x_wconf 76' lang='grc' dir='ltr'>μέλη)</span> <span class='ocrx_word' id='word_1_232' title='bbox 1351 3163 1442 3245; x_wconf 89' lang='lat' dir='ltr'>sunt,</span> <span class='ocrx_word' id='word_1_233' title='bbox 1479 3182 1564 3244; x_wconf 88' lang='lat' dir='ltr'>quae</span> 
     </span>
     <span class='ocr_line' id='line_1_28' title="bbox 279 3249 1564 3352; baseline 0.003 -24"><span class='ocrx_word' id='word_1_234' title='bbox 279 3263 405 3329; x_wconf 82' lang='lat' dir='ltr'>uicibus</span> <span class='ocrx_word' id='word_1_235' title='bbox 425 3249 632 3349; x_wconf 76' lang='lat' dir='ltr'>stropharum</span> <span class='ocrx_word' id='word_1_236' title='bbox 651 3265 888 3331; x_wconf 85' lang='lat' dir='ltr'>revolventium</span> <span class='ocrx_word' id='word_1_237' title='bbox 907 3270 1025 3331; x_wconf 87' lang='lat' dir='ltr'>carent.</span> <span class='ocrx_word' id='word_1_238' title='bbox 1058 3265 1152 3331; x_wconf 82' lang='lat' dir='ltr'>Talia</span> <span class='ocrx_word' id='word_1_239' title='bbox 1167 3265 1311 3332; x_wconf 88' lang='lat' dir='ltr'>carmina</span> <span class='ocrx_word' id='word_1_240' title='bbox 1322 3265 1410 3331; x_wconf 91' lang='lat' dir='ltr'>inter</span> <span class='ocrx_word' id='word_1_241' title='bbox 1423 3266 1564 3352; x_wconf 86' lang='lat' dir='ltr'>epinicia</span> 
     </span>
     <span class='ocr_line' id='line_1_29' title="bbox 280 3368 1564 3458; baseline 0.005 -25"><span class='ocrx_word' id='word_1_242' title='bbox 280 3368 411 3434; x_wconf 89' lang='lat' dir='ltr'>Pindari</span> <span class='ocrx_word' id='word_1_243' title='bbox 434 3370 524 3434; x_wconf 88' lang='lat' dir='ltr'>nulla</span> <span class='ocrx_word' id='word_1_244' title='bbox 547 3376 686 3457; x_wconf 89' lang='lat' dir='ltr'>exstant,</span> <span class='ocrx_word' id='word_1_245' title='bbox 709 3374 765 3437; x_wconf 90' lang='lat' dir='ltr'>sed</span> <span class='ocrx_word' id='word_1_246' title='bbox 789 3372 858 3438; x_wconf 90' lang='lat' dir='ltr'>eius</span> <span class='ocrx_word' id='word_1_247' title='bbox 877 3372 1002 3438; x_wconf 87' lang='lat' dir='ltr'>formae</span> <span class='ocrx_word' id='word_1_248' title='bbox 1020 3373 1122 3438; x_wconf 82' lang='lat' dir='ltr'>fuisse</span> <span class='ocrx_word' id='word_1_249' title='bbox 1140 3373 1292 3439; x_wconf 82' lang='lat' dir='ltr'>uidentur</span> <span class='ocrx_word' id='word_1_250' title='bbox 1310 3373 1510 3458; x_wconf 88' lang='lat' dir='ltr'>dithyrambi</span> <span class='ocrx_word' id='word_1_251' title='bbox 1528 3379 1564 3439; x_wconf 87' lang='lat' dir='ltr'>et</span> 
     </span>
     <span class='ocr_line' id='line_1_30' title="bbox 278 3476 1564 3566; baseline 0.004 -25"><span class='ocrx_word' id='word_1_252' title='bbox 278 3476 547 3563; x_wconf 88' lang='lat' dir='ltr'>hyporchemata,</span> <span class='ocrx_word' id='word_1_253' title='bbox 578 3501 716 3564; x_wconf 88' lang='lat' dir='ltr'>quorum</span> <span class='ocrx_word' id='word_1_254' title='bbox 750 3478 935 3566; x_wconf 87' lang='lat' dir='ltr'>fragmenta</span> <span class='ocrx_word' id='word_1_255' title='bbox 964 3481 1005 3546; x_wconf 76' lang='lat'>75</span> <span class='ocrx_word' id='word_1_256' title='bbox 1033 3484 1067 3545; x_wconf 89' lang='lat' dir='ltr'>et</span> <span class='ocrx_word' id='word_1_257' title='bbox 1097 3481 1160 3546; x_wconf 77' lang='lat'>107</span> <span class='ocrx_word' id='word_1_258' title='bbox 1193 3481 1288 3545; x_wconf 91' lang='lat' dir='ltr'>nobis</span> <span class='ocrx_word' id='word_1_259' title='bbox 1316 3485 1445 3545; x_wconf 86' lang='lat' dir='ltr'>serrata</span> <span class='ocrx_word' id='word_1_260' title='bbox 1476 3486 1564 3564; x_wconf 87' lang='lat' dir='ltr'>sunt,</span> 
     </span>
     <span class='ocr_line' id='line_1_31' title="bbox 280 3585 1562 3674; baseline 0.004 -26"><span class='ocrx_word' id='word_1_261' title='bbox 280 3606 474 3669; x_wconf 89' lang='lat' dir='ltr'>quamquam</span> <span class='ocrx_word' id='word_1_262' title='bbox 499 3585 693 3652; x_wconf 83' lang='lat' dir='ltr'>Aristoteles</span> <span class='ocrx_word' id='word_1_263' title='bbox 716 3588 820 3673; x_wconf 92' lang='lat' dir='ltr'>probl.</span> <span class='ocrx_word' id='word_1_264' title='bbox 844 3589 955 3674; x_wconf 83' lang='lat'>19,15</span> <span class='ocrx_word' id='word_1_265' title='bbox 979 3610 1020 3653; x_wconf 90' lang='lat' dir='ltr'>ne</span> <span class='ocrx_word' id='word_1_266' title='bbox 1040 3592 1165 3652; x_wconf 83' lang='lat' dir='ltr'>veteres</span> <span class='ocrx_word' id='word_1_267' title='bbox 1186 3587 1412 3673; x_wconf 88' lang='lat' dir='ltr'>dithyrambos</span> <span class='ocrx_word' id='word_1_268' title='bbox 1431 3588 1562 3672; x_wconf 90' lang='lat' dir='ltr'>quidem</span> 
     </span>
     <span class='ocr_line' id='line_1_32' title="bbox 279 3689 1032 3781; baseline 0.009 -28"><span class='ocrx_word' id='word_1_269' title='bbox 279 3689 493 3777; x_wconf 89' lang='lat' dir='ltr'>antistrophis</span> <span class='ocrx_word' id='word_1_270' title='bbox 518 3693 660 3760; x_wconf 88' lang='lat' dir='ltr'>caruisse</span> <span class='ocrx_word' id='word_1_271' title='bbox 683 3696 859 3762; x_wconf 88' lang='lat' dir='ltr'>memoriae</span> <span class='ocrx_word' id='word_1_272' title='bbox 881 3694 1032 3781; x_wconf 90' lang='lat' dir='ltr'>prodidit.</span> 
     </span>
    </p>
   </div>
   <div class='ocr_carea' id='block_1_12' title="bbox 390 3909 1135 4852">
    <p class='ocr_par' dir='ltr' id='par_1_12' title="bbox 415 3909 1105 4745">
     <span class='ocr_line' id='line_1_33' title="bbox 775 3909 1060 3976; baseline 0 0"><span class='ocrx_word' id='word_1_273' title='bbox 775 3909 876 3976; x_wconf 85' lang='lat' dir='ltr'>Notae</span> <span class='ocrx_word' id='word_1_274' title='bbox 899 3909 1060 3976; x_wconf 69' lang='lat' dir='ltr'>metucns.</span> 
     </span>
     <span class='ocr_line' id='line_1_34' title="bbox 425 4016 745 4099; baseline 0.009 -19"><span class='ocrx_word' id='word_1_275' title='bbox 425 4055 444 4081; x_wconf 73' lang='grc' dir='ltr'><strong><em>ο</em></strong></span> <span class='ocrx_word' id='word_1_276' title='bbox 480 4016 606 4099; x_wconf 90' lang='lat' dir='ltr'>syllaba</span> <span class='ocrx_word' id='word_1_277' title='bbox 630 4017 745 4083; x_wconf 86' lang='lat' dir='ltr'>brevis.</span> 
     </span>
     <span class='ocr_line' id='line_1_35' title="bbox 425 4123 1105 4211; baseline -0.001 -22"><span class='ocrx_word' id='word_1_278' title='bbox 425 4181 441 4189; x_wconf 92' lang='lat'>-</span> <span class='ocrx_word' id='word_1_279' title='bbox 479 4123 605 4209; x_wconf 88' lang='lat' dir='ltr'>syllaba</span> <span class='ocrx_word' id='word_1_280' title='bbox 628 4125 728 4211; x_wconf 89' lang='lat' dir='ltr'>longa</span> <span class='ocrx_word' id='word_1_281' title='bbox 751 4124 890 4189; x_wconf 89' lang='lat' dir='ltr'>duorum</span> <span class='ocrx_word' id='word_1_282' title='bbox 914 4129 1105 4208; x_wconf 89' lang='lat' dir='ltr'>temporum.</span> 
     </span>
     <span class='ocr_line' id='line_1_36' title="bbox 425 4231 1084 4318; baseline -0.003 -22"><span class='ocrx_word' id='word_1_283' title='bbox 425 4261 442 4296; x_wconf 79' lang='lat' dir='ltr'>c</span> <span class='ocrx_word' id='word_1_284' title='bbox 480 4231 606 4315; x_wconf 87' lang='lat' dir='ltr'>syllaba</span> <span class='ocrx_word' id='word_1_285' title='bbox 629 4253 747 4318; x_wconf 88' lang='lat' dir='ltr'>anceps</span> <span class='ocrx_word' id='word_1_286' title='bbox 770 4254 829 4317; x_wconf 92' lang='lat' dir='ltr'>pro</span> <span class='ocrx_word' id='word_1_287' title='bbox 854 4231 944 4296; x_wconf 88' lang='lat' dir='ltr'>brevi</span> <span class='ocrx_word' id='word_1_288' title='bbox 967 4231 1084 4316; x_wconf 91' lang='lat' dir='ltr'>posita.</span> 
     </span>
     <span class='ocr_line' id='line_1_37' title="bbox 424 4338 1091 4425; baseline 0.001 -24"><span class='ocrx_word' id='word_1_289' title='bbox 424 4369 442 4401; x_wconf 64' lang='lat' dir='ltr'>a</span> <span class='ocrx_word' id='word_1_290' title='bbox 479 4338 604 4420; x_wconf 89' lang='lat' dir='ltr'>syllaba</span> <span class='ocrx_word' id='word_1_291' title='bbox 627 4361 745 4424; x_wconf 89' lang='lat' dir='ltr'>anceps</span> <span class='ocrx_word' id='word_1_292' title='bbox 769 4359 828 4424; x_wconf 88' lang='lat' dir='ltr'>pro</span> <span class='ocrx_word' id='word_1_293' title='bbox 851 4339 951 4425; x_wconf 90' lang='lat' dir='ltr'>longa</span> <span class='ocrx_word' id='word_1_294' title='bbox 974 4338 1091 4423; x_wconf 89' lang='lat' dir='ltr'>posita.</span> 
     </span>
     <span class='ocr_line' id='line_1_38' title="bbox 416 4444 1068 4533; baseline -0.003 -24"><span class='ocrx_word' id='word_1_295' title='bbox 416 4470 451 4509; x_wconf 55' lang='lat' dir='ltr'>n</span> <span class='ocrx_word' id='word_1_296' title='bbox 479 4444 606 4528; x_wconf 89' lang='lat' dir='ltr'>syllaba</span> <span class='ocrx_word' id='word_1_297' title='bbox 628 4445 727 4533; x_wconf 90' lang='lat' dir='ltr'>longa</span> <span class='ocrx_word' id='word_1_298' title='bbox 751 4445 849 4510; x_wconf 90' lang='lat' dir='ltr'>trium</span> <span class='ocrx_word' id='word_1_299' title='bbox 875 4449 1068 4530; x_wconf 89' lang='lat' dir='ltr'>temporum.</span> 
     </span>
     <span class='ocr_line' id='line_1_39' title="bbox 415 4550 1105 4638; baseline 0.001 -22"><span class='ocrx_word' id='word_1_300' title='bbox 415 4577 451 4616; x_wconf 81' lang='grc' dir='ltr'>ι.ι</span> <span class='ocrx_word' id='word_1_301' title='bbox 478 4550 604 4635; x_wconf 90' lang='lat' dir='ltr'>syllaba</span> <span class='ocrx_word' id='word_1_302' title='bbox 626 4552 725 4638; x_wconf 87' lang='lat' dir='ltr'>longa</span> <span class='ocrx_word' id='word_1_303' title='bbox 748 4557 890 4636; x_wconf 90' lang='lat' dir='ltr'>quatuor</span> <span class='ocrx_word' id='word_1_304' title='bbox 913 4557 1105 4638; x_wconf 89' lang='lat' dir='ltr'>temporum.</span> 
     </span>
     <span class='ocr_line' id='line_1_40' title="bbox 416 4657 1105 4745; baseline 0.004 -23"><span class='ocrx_word' id='word_1_305' title='bbox 416 4689 453 4724; x_wconf 64' lang='lat' dir='ltr'>in</span> <span class='ocrx_word' id='word_1_306' title='bbox 479 4657 604 4741; x_wconf 91' lang='lat' dir='ltr'>syllaba</span> <span class='ocrx_word' id='word_1_307' title='bbox 626 4658 724 4744; x_wconf 91' lang='lat' dir='ltr'>longa</span> <span class='ocrx_word' id='word_1_308' title='bbox 747 4659 889 4743; x_wconf 85' lang='lat' dir='ltr'>quinque</span> <span class='ocrx_word' id='word_1_309' title='bbox 912 4664 1105 4745; x_wconf 89' lang='lat' dir='ltr'>temporum.</span> 
     </span>
    </p>

    <p class='ocr_par' dir='ltr' id='par_1_13' title="bbox 390 4765 1135 4852">
     <span class='ocr_line' id='line_1_41' title="bbox 390 4765 1135 4852; baseline -0.005 -21"><span class='ocrx_word' id='word_1_310' title='bbox 390 4825 404 4831; x_wconf 85' lang='grc'>-</span> <span class='ocrx_word' id='word_1_311' title='bbox 480 4765 626 4850; x_wconf 88' lang='lat' dir='ltr'>dactylus</span> <span class='ocrx_word' id='word_1_312' title='bbox 650 4765 755 4830; x_wconf 89' lang='lat' dir='ltr'>iustus</span> <span class='ocrx_word' id='word_1_313' title='bbox 781 4771 921 4849; x_wconf 91' lang='lat' dir='ltr'>quatuor</span> <span class='ocrx_word' id='word_1_314' title='bbox 944 4772 1135 4852; x_wconf 80' lang='lat' dir='ltr'>temporum.</span> 
     </span>
    </p>
   </div>
   <div class='ocr_carea' id='block_1_13' title="bbox 0 0 1714 5432">
    <p class='ocr_par' dir='ltr' id='par_1_14' title="bbox 0 0 1714 5432">
     <span class='ocr_line' id='line_1_42' title="bbox 0 0 1714 5432; baseline 0 0"><span class='ocrx_word' id='word_1_315' title='bbox 0 0 1714 5432; x_wconf 95' lang='lat' dir='ltr'> </span> 
     </span>
    </p>
   </div>
  </div>
 </body>
</html>
