3417 5434
881 1342 1086 1397 οΛΤΜΠ.ςῖ

620 1525 901 1609 urnula
937 1522 1353 1608 ΣΤΡΑΚΟΣΙΩι

906 1720 1057 1769 AHHNHa

894 2018 1072 2089 Strophae.

439 3915 565 3993 Agesias
590 3915 718 3974 Sostrati
742 3914 821 3973 filius
841 3916 1048 3991 Syracusanus
1067 3935 1101 3973 ex
1121 3914 1307 3974 nobilissima
1324 3916 1412 3991 gente
1435 3913 1624 3988 Iamidarum,

349 4005 434 4062 ouius
467 4024 501 4063 ex
533 4004 697 4064 maioribus
729 4024 807 4062 unus
840 4025 909 4064 cum
937 4005 1049 4063 Archia
1082 4004 1236 4063 Corinthio
1269 4002 1433 4079 Syracusas
1463 4003 1623 4062 condidisse

350 4094 445 4152 fertur
467 4084 481 4172 (
503 4141 509 4151 .
529 4085 570 4174 6),
592 4093 684 4153 rhoda
707 4094 817 4152 mulari
841 4092 887 4153 Ol.
909 4094 1049 4154 revicit.
1087 4093 1277 4168 Quamquam
1300 4091 1379 4150 euim
1403 4093 1551 4152 memoria
1572 4093 1625 4150 ric·

349 4183 445 4241 toriae
482 4182 542 4240 iam
580 4183 761 4242 scholiorum
793 4181 978 4259 temporibus
1010 4183 1185 4242 oblitterata
1216 4181 1289 4257 fuit,
1326 4184 1426 4240 minen
1459 4181 1624 4241 Boeckhius

351 4270 524 4346 Olympiadi
550 4275 589 4330 78
614 4291 680 4330 eam
704 4275 783 4331 cerlo
808 4272 944 4330 acumine
968 4271 1147 4350 adsignavit,
1171 4272 1251 4347 quod
1274 4274 1341 4328 tum
1364 4270 1509 4346 temporis
1533 4272 1626 4330 Acina

350 4360 421 4418 urbs
441 4360 502 4418 iam
520 4360 640 4420 condita
660 4353 699 4440 (v.
722 4352 770 4440 96)
791 4363 821 4418 ab
840 4361 987 4419 Pindarus
1006 4381 1041 4420 ox
1065 4360 1168 4419 Sicilia
1191 4359 1307 4419 Thebas
1330 4359 1424 4418 redux
1446 4359 1549 4418 factus
1569 4361 1625 4419 erat

352 4441 392 4528 (v.
412 4439 470 4530 86),
494 4450 663 4525 nequedum
686 4449 777 4509 Hiero
801 4470 852 4508 rar
875 4450 939 4508 vila
963 4451 1121 4509 defunctus
1145 4454 1217 4509 erat.
1255 4449 1396 4526 Iamidae‚
1420 4449 1508 4508 cuius
1532 4449 1625 4528 gentis

353 4541 459 4597 auctor
481 4539 582 4597 lamus
606 4538 642 4596 ab
666 4539 806 4615 Apolline
834 4543 920 4615 patre
947 4539 1130 4598 vaticinandi
1157 4542 1222 4598 arbe
1252 4540 1360 4597 auctus
1383 4555 1447 4597 esse
1470 4539 1625 4612 ferebatur,

353 4646 420 4685 oum
439 4627 470 4686 in
490 4627 558 4686 aliis
576 4627 699 4686 urbibus
718 4631 785 4686 tum
804 4626 961 4704 Olympiae
980 4629 1011 4686 in
1031 4647 1083 4686 ara
1101 4628 1180 4687 Iovis
1200 4647 1236 4686 ex
1253 4627 1385 4687 victimis
1405 4619 1460 4708 (δι’
1482 4626 1625 4706 ἐμπύρων,

352 4735 379 4775 v.
404 4717 493 4776 schol.
517 4717 556 4775 ad
580 4727 594 4775 7
619 4720 649 4775 ab
673 4708 739 4797 111)
766 4717 911 4776 vaticinia
941 4717 1075 4777 edebant.
1120 4717 1247 4796 Agesias
1277 4716 1353 4794 ipse,
1383 4735 1454 4776 cum
1483 4717 1624 4792 Hieronis,
