3417 5434
590 378 740 430 rsrrmrs
759 379 824 431 vm
843 377 928 448 [rur

204 543 373 605 Μοισαῖον
397 541 484 626 ἅρμα
507 539 690 618 Νικοκλέος

204 657 316 732 μνᾶμα
337 648 512 734 πυγμάχου
535 648 672 732 κελαδῆ-

252 768 317 817 σαι.
349 751 519 838 γεραίρετέ
539 777 610 836 νιν,
633 751 670 830 ὃς
682 751 839 838 Ἴσθμιον
863 752 904 817 ἀν
927 753 1032 831 νάπος

120 871 179 936 (69)
203 863 349 947 Δωρίων
372 863 487 945 ἔλαχεν
510 863 596 925 σελί-

248 987 332 1033 νων·
357 965 426 1034 ἐπεὶ
448 971 657 1052 περικτίονας

131 1091 166 1140 66
205 1073 333 1141 ἐνίκασε
357 1076 399 1158 δή
421 1097 500 1141 ποτε
522 1073 577 1141 καὶ

249 1195 358 1261 κεῖνος
381 1183 506 1270 άυδρας
529 1183 680 1271 ἀφύκ-τφ
704 1180 774 1267 χερί
796 1183 953 1249 κλονέων.

249 1287 390 1375 τὸνμὲν
413 1290 454 1356 οὐ
476 1290 676 1375 κατελέγ-χει
697 1299 814 1378 κριτοῦ
837 1293 933 1374 γενεὰ

248 1399 512 1482 πατραδελφεοῦ·
536 1398 697 1463 ἁλίκων-
721 1406 766 1486 τῷ
789 1421 839 1473 τις
864 1397 968 1481 ἁβρὸν

205 1502 290 1590 ἀμφὶ
312 1508 518 1591 παγκρατίου
541 1505 737 1592 Κλεάν-δρφ
760 1503 903 1569 πλεκέτω

205 1616 369 1696 μυρσίνας
391 1611 570 1697 στέφανον·
596 1611 667 1678 ἐπεί
687 1637 760 1677 νιν·

244 1718 430 1785 Ἀλκαθόου
453 1718 480 1784 τ’
506 1718 597 1803 ἀγὼν
620 1760 634 1768 -
658 1721 721 1783 σὺν
744 1721 826 1807 τύχᾳ

123 1837 181 1902 (76)
206 1826 242 1892 έν
260 1826 448 1914 Ἐπιδαύρῳ
471 1850 506 1892 τε
528 1825 609 1912 πρὶν
632 1824 759 1891 έδεκ-το
787 1828 915 1903 νεότας·

205 1935 265 1999 τὸν
288 1936 395 1999 αίνεῑν
417 1933 535 2021 ἀγαθῷ
558 1932 705 2019 παρέχει·

132 2059 166 2108 70
204 2042 290 2125 ἥβαν
312 2041 375 2126 γάρ
399 2040 461 2105 οὐκ
484 2041 637 2126 ἄπει-ρον
661 2040 726 2106 ὑπὸ
751 2064 815 2124 χει-

248 2159 269 2236 ᾷ
292 2152 403 2213 καλῶν
426 2148 580 2232 δάμασεν.

121 2363 187 2415 Ειιτ.
207 2362 240 2416 fr.
260 2377 300 2414 sos
318 2393 353 2400 -
372 2365 414 2416 63.
434 2367 575 2429 γεραίρετε
595 2359 666 2414 coni.
681 2360 786 2415 Bothe:
806 2358 967 2430 γεραίρεται
980 2362 1010 2416 D
1029 2393 1061 2401 —
1082 2359 1119 2416 ἂν
1137 2359 1227 2425 νάκος
1245 2361 1317 2416 coni.
1332 2362 1403 2417 Her-

121 2449 222 2488 mann:
248 2429 358 2494 ἀνάπος
376 2433 418 2500 D,
445 2429 481 2486 δν
507 2429 595 2486 πέδον
614 2430 697 2485 Tricl.
717 2464 752 2472 -
776 2437 818 2486 66.
845 2433 976 2496 κάκεῖνος
1002 2432 1082 2487 codd.
1106 2465 1142 2472 -
1164 2433 1281 2506 ἀφύκτῳ
1306 2433 1403 2491 'Priola

121 2503 230 2574 ἀφάκτε
250 2503 280 2558 D
299 2535 331 2544 -
351 2503 409 2573 χερὶ
428 2502 526 2558 Tricl:
546 2503 616 2572 χειρὶ
635 2503 665 2556 D
684 2535 717 2542 -
737 2503 786 2559 τὸν
805 2504 857 2574 μὲν
876 2503 965 2560 Tricl:
983 2504 1016 2558 τδ
1035 2503 1086 2573 μέν
1101 2505 1130 2558 D
1150 2536 1183 2544 -
1202 2504 1286 2574 γενεὰ
1305 2503 1402 2562 Trici:

121 2575 224 2646 γενεὰν
243 2577 284 2640 Βς
312 2574 375 2629 sort.
395 2574 487 2643 κριτὸς
512 2573 595 2644 γενεά
619 2606 653 2614 -
677 2580 718 2630 67.
746 2574 894 2630 ἀλκαθόου
920 2575 1019 2631 Trici:
1045 2575 1175 2629 dissideo
1199 2576 1229 2630 D
1252 2609 1285 2616 -
1310 2581 1352 2633 68.
1373 2577 1404 2633 έν

121 2647 220 2703 Trici:
241 2647 266 2702 εί
279 2647 309 2701 D
323 2677 356 2686 -
371 2647 438 2714 πρὶν
454 2645 549 2701 ἔδεκτο
563 2644 661 2708 νεότας
675 2645 745 2700 coni.
763 2647 870 2716 Bergk:
890 2645 989 2711 νεότας
1002 2648 1070 2715 πρὶν
1084 2646 1180 2702 ἔδεκτο
1195 2647 1284 2713 codd,
1304 2645 1403 2713 νεότας

122 2717 221 2774 δέκετο
239 2715 306 2786 πρίν
325 2717 395 2772 coni.
411 2718 553 2773 Hermann
571 2749 607 2758 -
626 2723 667 2772 69.
687 2717 803 2788 παρέχει
822 2717 921 2775 Tricl:
940 2718 1074 2789 παρέχειν
1088 2719 1118 2773 D
1136 2750 1169 2759 —
1190 2724 1231 2773 70.
1251 2727 1313 2789 χειᾶ
1332 2719 1403 2789 (sine

121 2794 176 2860 πω)
196 2789 292 2846 Trici:
312 2785 360 2860 xia
378 2787 435 2858 (vel
454 2787 506 2859 χόα
525 2788 631 2860 potius)
650 2809 692 2842 πω
712 2790 749 2844 D.

122 2937 248 2989 mortuos
263 2930 435 2987 carminibus
449 2930 572 3001 dearum,
583 2933 735 3000 Musarum,
751 2936 891 3001 ornarent,
907 2931 960 2987 hoc
974 2933 1053 2987 cadit
1067 2932 1153 2987 etiam
1168 2932 1198 2987 in
1211 2934 1264 2988 hoc
1279 2937 1403 3004 tempus3

123 3006 159 3060 cf.
180 3005 211 3060 O.
230 3023 251 3057 11
271 3020 304 3058 ιι.
333 3003 362 3060 Ρ.
382 3023 392 3056 ι
411 3019 437 3058 ετ
460 3035 495 3043 -
519 3009 561 3058 66.
585 3008 727 3059 Μοισαῖον
751 3003 839 3075 ἅρμα,
866 3005 902 3058 de
920 3003 1009 3058 Musis
1028 3021 1110 3059 curru
1128 3005 1309 3073 vehentibus,
1328 3005 1403 3060 unde

123 3077 218 3132 soluta
243 3074 334 3130 oratio
356 3072 495 3145 pedestris
515 3074 592 3129 dicta
611 3078 661 3144 est,
680 3075 745 3129 vide
764 3075 784 3130 I.
804 3093 854 3130 111
875 3079 904 3129 et
923 3075 954 3131 0.
973 3095 1002 3130 vr
1020 3092 1046 3130 aa
1066 3108 1097 3118 —
1118 3076 1284 3143 Νικοκλέος,
1308 3077 1404 3147 patrui

124 3149 363 3216 (πατραδελφεοῦ)
383 3145 522 3214 Cleandri,
541 3148 574 3199 ut
592 3163 626 3200 ex
640 3165 664 3202 v.
681 3163 706 3202 ετ
721 3148 851 3218 apparet;
872 3163 935 3200 sum
953 3146 1039 3218 paulo
1059 3151 1126 3202 ante
1144 3147 1174 3200 in
1192 3165 1289 3218 pugna
1306 3149 1403 3204 navali

123 3219 201 3290 apud
224 3217 354 3288 Mycalen
385 3216 519 3272 cecidisse
543 3221 608 3272 sunt
631 3217 680 3287 qui
703 3235 736 3272 ex
760 3219 970 3287 comparatione
994 3236 1058 3273 cum
1075 3217 1185 3273 Achille
1209 3219 1351 3274 coniciant
1370 3253 1403 3261 —

123 3297 168 3346 63.
192 3299 302 3361 μνᾶμα,
326 3291 535 3343 mouumentum
560 3289 727 3360 sepulcrale,
751 3293 784 3343 ut
807 3289 1013 3360 epigrammata
1031 3289 1061 3343 in
1079 3289 1213 3346 honorem
1231 3295 1404 3346 mortuorum

124 3361 283 3434 ἐπιδίμβια
307 3360 375 3415 ἔτεα
399 3359 519 3414 audiunt
538 3393 570 3400 —
590 3367 632 3415 64.
654 3357 782 3430 Δωρίων,
825 3361 882 3415 uod
905 3359 1055 3428 Corinthii,
1079 3361 1128 3430 qui
1151 3361 1232 3416 ludos
1255 3362 1402 3418 Isthmicos

124 3433 373 3498 administrabant,
392 3432 479 3486 Dores
498 3435 578 3486 erant
602 3435 630 3486 et
651 3431 789 3486 Pindarus
835 3431 930 3486 oribus
949 3431 1115 3487 blandiendi
1134 3433 1317 3502 occasionem,
1336 3438 1368 3488 ut
1386 3453 1404 3488 a

124 3505 229 3574 quibus
248 3503 367 3558 salutem
387 3503 496 3574 patriae
515 3503 607 3574 magis
622 3521 707 3572 quam
722 3503 758 3559 ab
773 3503 993 3559 Atheniensibus
1007 3503 1121 3558 Ionibus
1136 3509 1270 3574 speraret,
1285 3506 1404 3576 arripuit

125 3611 160 3618 —
179 3577 368 3646 περικτίονας·
393 3574 443 3643 qui
465 3574 595 3629 ludorum
617 3575 813 3630 Isthmicorum
835 3574 988 3658 participes
1012 3579 1094 3631 erant
1116 3578 1146 3630 et
1168 3575 1255 3630 etiam
1278 3577 1312 3631 N.
1331 3597 1360 3630 ιν
1377 3595 1405 3632 ss

124 3645 308 3718 ἀμφικτίονες
333 3645 453 3700 audiunt
478 3679 511 3686 -
539 3652 580 3700 66.
608 3649 656 3700 καὶ
681 3656 774 3710 κεῖνος
797 3649 883 3715 ἀνήρ’
910 3646 1053 3716 Nicocles,
1079 3649 1111 3701 ut
1137 3646 1204 3701 olim
1226 3648 1350 3702 Achilles
1369 3682 1402 3689 -

125 3726 169 3774 66.
196 3715 365 3790 κατελέγχει·
391 3735 448 3772 nou
472 3717 608 3772 dedecore
632 3721 765 3788 patruum
791 3718 881 3772 afficit
905 3718 1056 3788 patruelis,
1082 3721 1115 3772 ut
1137 3719 1185 3787 qui
1208 3718 1314 3773 virtute
1341 3737 1403 3774 eum

125 3791 296 3857 aemuletur3
326 3789 359 3845 cf.
379 3789 413 3843 N.
433 3808 464 3842 111
488 3806 520 3844 ιο.
559 3789 578 3842 Ι.
598 3809 628 3842 ιιι
652 3805 691 3856 143
719 3789 819 3844 melius
848 3793 943 3843 autem
969 3789 1040 3844 haec
1068 3789 1210 3844 sententia
1237 3790 1404 3860 exprimere-

124 3867 184 3930 tur,
209 3861 233 3916 si
254 3860 392 3931 patruelis
414 3860 508 3941 potius
532 3878 616 3928 quam
640 3863 756 3930 patruus
781 3860 906 3929 epitheto
929 3869 1025 3928 κριτοῦ
1045 3863 1192 3915 ornaretur
1214 3893 1248 3901 —
1271 3867 1312 3915 67.
1337 3882 1402 3944 μορ-

126 3931 207 3998 σίνας
225 3931 379 4003 στέφανον·
398 3931 464 3986 hinc
483 3931 575 3985 elucet
593 3931 667 3985 ludis
682 3931 894 4002 Megarensibus
909 3930 1184 4002 (samosatensem)
1200 3936 1228 3986 et
1242 3931 1403 4002 Epidauria

126 4022 258 4060 coronam
278 4007 415 4073 myrteam
433 4003 589 4058 mercedem
607 4003 707 4058 victori
727 4005 824 4057 datam
843 4019 912 4071 esse,
932 4003 1062 4071 quamvis
1081 4003 1152 4057 nihil
1172 4003 1207 4057 de
1225 4003 1279 4057 hae
1298 4020 1328 4058 re
1346 4021 1402 4057 me-

127 4075 234 4130 moriae
248 4074 384 4130 traditum
399 4073 566 4140 invenerim
585 4073 657 4130 bene
675 4077 771 4128 autem
789 4073 854 4128 huic
873 4073 914 4129 rei
928 4074 1067 4143 convenit,
1081 4075 1158 4144 qucd
1171 4091 1236 4128 vere
1250 4073 1403 4144 incipiente

127 4147 188 4201 ludi
207 4147 384 4218 Megarenses
408 4146 468 4200 fieri
493 4146 654 4214 traduntur;
674 4165 699 4201 v.
719 4146 790 4200 Prol.
811 4164 845 4199 xc
864 4177 899 4186 -
918 4147 970 4200 obs
987 4147 1070 4220 τάχα,
1097 4163 1160 4201 cum
1185 4145 1263 4200 felici
1288 4149 1402 4212 eventu3

126 4221 162 4274 cs.
182 4218 216 4272 N.
235 4237 263 4271 vr
282 4234 307 4274 sa
326 4251 359 4258 -
385 4223 427 4272 69.
453 4215 582 4288 παρέχει,
609 4220 769 4288 promptum
794 4220 851 4286 est,
878 4217 971 4286 decet,
997 4233 1070 4286 quae
1095 4216 1231 4270 neutralis
1256 4217 1300 4270 vis
1325 4217 1403 4271 verbi

126 4287 261 4360 παρέχειν
286 4307 342 4344 non
369 4289 460 4344 solum
479 4307 496 4343 a
515 4288 619 4359 poetis,
645 4293 677 4343 ut
702 4289 766 4343 Eur.
785 4288 828 4344 El.
848 4305 912 4356 rosc,
939 4287 988 4342 sed
1012 4287 1099 4341 etiam
1119 4287 1351 4358 ascriptoribus,
1372 4292 1404 4342 ut

127 4377 212 4431 saepe
227 4362 263 4414 ab
278 4361 420 4416 Herodoto
439 4363 576 4432 usurpata
595 4363 638 4415 est
652 4392 685 4401 —
702 4366 743 4416 70.
764 4362 865 4415 constr.
881 4358 999 4428 ἄπειρον
1017 4364 1117 4414 καλῶν.
1133 4357 1259 4428 δάμασεν
1273 4359 1405 4414 similiter

126 4437 213 4502 atque
233 4429 393 4502 δαμαλίζειν
411 4433 441 4488 Ρ.
456 4451 474 4486 v
488 4447 525 4487 ιιι
541 4432 709 4486 translatam
724 4431 781 4485 vim
799 4430 936 4501 perdendi
954 4430 1059 4485 habere
1077 4430 1202 4497 videtur3
1222 4449 1287 4484 nam
1307 4429 1355 4500 qui
1373 4430 1404 4484 in

126 4504 256 4560 latibulis
280 4520 373 4558 exsors
398 4520 490 4557 rerum
513 4504 693 4557 honestarum
718 4503 809 4574 degit,
833 4502 858 4556 is
882 4500 970 4557 vitam
994 4501 1076 4570 quasi
1095 4501 1258 4572 eorrumpit3
1283 4501 1404 4556 similem

126 4575 298 4632 sententiam
317 4575 403 4630 habes
424 4575 454 4630 Ο.
474 4593 484 4627 1
503 4590 536 4632 ao.

658 4793 871 4802 --·———.—
