3417 5434
623 365 747 417 naues
766 366 839 419 vui.
1302 364 1368 429 295

78 536 242 593 cesserant
260 550 354 593 annos
373 526 449 613 (461
468 524 618 611 vs1463),
634 532 744 609 quihus
763 532 831 592 lites
850 533 930 591 inter
942 533 1138 595 Athenienses
1157 538 1188 593 et
1207 534 1368 612 Aeginetae

78 622 145 681 seri
174 626 296 699 coeptae
315 625 392 683 sunt.
431 622 659 681 Atheniensium
683 622 760 681 enirn
785 622 906 681 frendes
929 625 960 681 et
981 622 1131 701 perfidiae,
1150 624 1260 701 quibus
1278 625 1368 703 Aegi-

78 716 177 771 netae
200 714 420 789 oppresserunt,
439 710 593 788 aptissime
617 712 751 787 exemplo
770 711 848 771 vafri
868 714 900 771 et
917 712 1013 771 astuti
1026 711 1123 773 Ulixis
1142 713 1368 791 adumbrantur,

78 802 114 861 et
134 802 238 878 prisco
257 800 407 877 splendori
421 801 564 879 Aeginae,
582 818 651 860 cum
665 799 896 861 Atheniensium
914 805 946 861 et
961 801 1264 863 Lacedaemoniorum
1279 802 1368 863 duces

79 890 257 967 sapientiae
281 889 373 951 Aeaci
391 890 556 968 Aeginetae
581 889 790 967 oboediebant,
814 889 926 967 optime
950 892 1113 967 opponitur
1135 891 1260 951 tristitia
1282 911 1368 968 prae·

78 998 166 1058 senc,
191 998 252 1056 qna
274 979 471 1039 Athenienses
493 978 624 1038 insulam
646 977 793 1057 Aeginam
816 978 934 1038 infestis
957 980 1048 1039 armis
1071 980 1260 1040 invadebant.
1305 981 1369 1041 Hoc

80 1070 179 1129 modo
203 1069 228 1129 si
253 1088 370 1128 carmen
394 1068 634 1145 interpretemur,
657 1067 767 1127 mirum
795 1071 944 1144 quantum
967 1087 1015 1127 ars
1037 1072 1069 1128 et
1091 1069 1282 1146 pulchritudo
1306 1088 1369 1129 car·

80 1158 181 1217 minis
205 1160 347 1236 augetur,
370 1158 425 1217 hoo
449 1156 528 1217 enim
551 1176 587 1216 er
609 1156 739 1217 carmine
762 1160 794 1217 et
816 1156 965 1217 similibus
987 1158 1169 1219 canninibus
1191 1160 1214 1218 I.
1234 1176 1285 1219 vn.
1305 1178 1368 1219 vnn.

80 1248 118 1307 O.
143 1266 198 1307 xiv
221 1250 347 1324 apparet
369 1246 533 1306 Pindarum
555 1266 615 1305 uon
638 1247 736 1306 solum
759 1246 914 1323 splendore
941 1245 1106 1326 figurarum
1129 1251 1161 1309 et
1183 1248 1369 1308 sublimitate

79 1336 308 1397 sententiarum
341 1336 495 1413 excellere,
527 1354 631 1395 verum
664 1334 755 1395 etiam
784 1336 864 1396 veris
896 1336 989 1395 animi
1021 1336 1176 1399 affectibus
1207 1340 1239 1397 et
1270 1338 1369 1415 ipsum

81 1426 272 1487 commoveri
300 1428 331 1485 et
357 1424 513 1486 hominum
534 1426 657 1502 pectora
680 1441 873 1486 commovere.
918 1424 1002 1495 Quae
1024 1444 1093 1486 cum
1115 1427 1161 1485 ita
1190 1427 1263 1505 sint,
1292 1427 1369 1486 nihil

81 1535 192 1577 moror
220 1514 405 1593 Insopoldum
429 1514 639 1593 Sohmidh'um,
663 1513 747 1573 Pind.
766 1512 836 1575 Ineb.
855 1525 909 1574 480
923 1532 975 1593 ss,
999 1534 1018 1574 a
1040 1514 1147 1577 iuvene
1170 1520 1272 1595 poeta,
1301 1536 1369 1577 oum

82 1606 156 1665 eins
187 1623 236 1665 ars
265 1603 398 1665 nondum
427 1606 635 1665 consummata
664 1602 773 1682 fuerit,
798 1604 854 1664 hoo
884 1624 1003 1665 carmen
1035 1604 1181 1681 scriptum
1211 1624 1275 1666 esse
1306 1606 1369 1683 opi-

81 1696 222 1754 nantem.

182 1784 224 1843 Ut
247 1802 335 1859 saepe
359 1782 389 1840 in
407 1781 591 1861 Aegineticis
614 1781 749 1859 epinioiis
772 1801 790 1841 a
813 1784 935 1843 numine
958 1782 1060 1843 divino
1083 1787 1173 1860 poeta
1195 1784 1369 1861 auspicatur

84 1874 141 1953 tos.
164 1872 198 1933 Ο.
219 1891 281 1931 vm.
305 1871 338 1931 P.
358 1890 420 1931 vm.
444 1871 480 1930 N.
501 1889 552 1930 vn.
575 1871 598 1932 I.
617 1862 660 1953 v),
684 1871 726 1931 sio
749 1870 780 1930 iu
798 1872 854 1932 hoo
874 1891 993 1950 quoque
1012 1874 1142 1933 carmine
1161 1892 1179 1933 a
1197 1872 1368 1952 Pubertate,

83 1964 201 2023 nuntia
219 1961 352 2039 Veneris,
376 1960 492 2021 orditur
511 1952 619 2042 (1-5),
642 1961 673 2020 id
697 1961 777 2038 quod
800 1963 831 2022 et
854 1962 949 2021 aetati
971 1962 1088 2023 iuvenis
1105 1962 1228 2024 victoris
1251 1963 1368 2043 egregie

83 2052 350 2113 accommodatum
373 2050 433 2109 fuit
454 2052 486 2110 et
508 2052 614 2127 aptum
641 2050 802 2111 transitum
830 2054 937 2127 poetae
964 2054 1053 2128 parat
1080 2052 1119 2111 ad
1146 2070 1262 2113 amores
1290 2052 1370 2113 Iovis

84 2146 119 2201 et
144 2140 281 2220 Aeginae
305 2139 453 2217 nymphae
477 2140 758 2218 commemorandos,
781 2140 861 2200 uude
877 2141 1006 2217 Aeacus,
1024 2140 1206 2201 iustissimus
1224 2161 1284 2215 rex,
1302 2160 1370 2218 pro·

83 2234 210 2291 creatus
240 2229 295 2306 sit,
333 2228 417 2288 ouius
449 2227 567 2288 iudiciis
597 2228 724 2289 libenter
753 2229 825 2288 olim
855 2229 945 2289 duces
974 2228 1171 2290 finitimarum
1200 2230 1370 2290 civitatium

83 2319 248 2397 paruerint
271 2311 398 2400 (ts-12).
436 2317 535 2377 Huius
558 2318 654 2396 igitur
675 2336 775 2397 genua
797 2320 888 2394 poeta
910 2319 1065 2395 amplexus
1087 2338 1142 2396 pro
1166 2320 1263 2379 salute
1286 2320 1369 2379 urbis

86 2413 121 2469 et
146 2408 259 2469 civium
282 2407 334 2485 pia
356 2410 428 2467 vota
451 2407 533 2484 lacit,
558 2407 647 2467 simul
670 2406 826 2467 illustrans
849 2407 953 2484 Lydiis
971 2408 1067 2469 modis
1085 2409 1233 2469 victorum
1252 2408 1370 2469 Dinidis

84 2500 216 2575 eiusque
239 2497 335 2574 patris
357 2497 462 2575 Megas
486 2515 557 2573 opes
580 2514 648 2556 cnm
672 2496 790 2557 iustitia
813 2498 995 2576 coniunctas,
1019 2517 1095 2575 quas
1113 2498 1225 2559 similes
1244 2518 1306 2559 esse
1326 2498 1370 2558 ait

84 2588 219 2665 Cinyrae
244 2585 355 2664 Cyprii,
378 2586 463 2645 cuius
486 2586 568 2645 fama
590 2585 745 2665 Aeginetis
768 2586 941 2665 gratissima
964 2590 995 2648 et
1018 2588 1105 2664 quasi
1124 2587 1283 2647 familiaris
1301 2588 1369 2665 fuit,

84 2678 172 2755 quod
194 2695 273 2736 unus
296 2695 332 2735 er
354 2674 567 2753 pronepotibus
591 2674 682 2734 Aeaci
706 2676 819 2736 Teucer
842 2675 996 2736 Salamina
1018 2676 1123 2737 urbem
1145 2676 1178 2735 in
1201 2676 1299 2753 Cypro
1323 2677 1367 2736 in-

85 2768 158 2827 sula
175 2765 349 2827 condiderat
367 2756 492 2847 (c-ls).
530 2763 604 2823 Cum
623 2764 683 2824 iam
702 2764 733 2824 iu
753 2784 787 2825 so
810 2768 901 2841 poeta
923 2768 1009 2843 esset,
1032 2769 1069 2824 ut
1090 2766 1127 2825 de
1150 2764 1277 2842 Cinyrae
1295 2767 1367 2825 fatis

85 2856 183 2917 verba
204 2856 329 2931 faceret,
358 2854 396 2913 ab
423 2854 479 2915 hoo
507 2853 629 2914 consilio
657 2858 780 2931 propter
804 2854 950 2914 invidiam
973 2856 1207 2916 obtrectatorum
1231 2874 1261 2915 se
1284 2874 1368 2916 revo-

85 2950 139 3006 cat
164 2948 195 3005 et
216 2943 328 3021 insigni
352 2944 486 3019 exemplo
509 2942 671 3003 domestico
695 2944 795 3004 Aiacis
819 2944 858 3003 ad
880 2963 987 3003 manus
1014 2944 1072 3003 sibi
1098 2944 1267 3005 inferendas
1290 2964 1368 3005 com-

86 3034 171 3111 pulsi
195 3034 389 3110 demonstrat,
413 3035 527 3108 quanto
550 3034 619 3109 plus
642 3032 724 3108 apud
746 3032 881 3093 homines
900 3034 1013 3093 astritia
1032 3032 1143 3092 diserte
1162 3052 1254 3111 quam
1271 3034 1369 3093 virtus

86 3124 216 3201 simplex
239 3123 340 3182 valeat
359 3114 503 3203 (18-34).
540 3121 574 3180 In
599 3122 689 3180 tertia
712 3122 961 3198 parte'carminis
983 3116 1025 3204 (v.
1044 3116 1165 3203 35—51)
1184 3126 1274 3200 poeta
1292 3124 1368 3183 tales

86 3228 244 3275 morasse
268 3210 450 3271 detestatum
473 3210 557 3271 enixe
581 3211 700 3271 studere
723 3211 809 3289 dicit,
839 3214 876 3269 ut
898 3214 1004 3290 gratus
1028 3212 1142 3272 civibus
1165 3212 1314 3273 iustitiam
1338 3220 1369 3272 et

86 3320 209 3364 morum
236 3300 417 3377 probitatem
444 3318 541 3377 usque
569 3301 607 3359 ad
635 3304 800 3360 extremum
827 3300 967 3376 spiritum
995 3305 1093 3361 servet
1120 3307 1151 3361 et
1178 3305 1368 3362 strenuorum

85 3393 232 3468 virorum,
256 3390 360 3466 quales
383 3388 469 3448 Dinis
493 3392 524 3449 et
546 3389 648 3468 Megas
672 3390 745 3467 sint,
769 3390 881 3449 famam
904 3393 1016 3468 augeat
1038 3390 1189 3467 epiniciis,
1212 3410 1290 3467 quae
1314 3391 1367 3449 du·

85 3483 161 3540 dum
186 3480 301 3556 optima
324 3477 433 3538 solatia
456 3480 486 3538 et
509 3479 643 3555 praemia
665 3478 802 3539 laborum
825 3478 996 3539 existimata
1020 3480 1088 3539 sint.
1108 3480 1280 3540 —Totum
1303 3498 1367 3539 car·

84 3591 156 3631 men
188 3569 284 3629 trihus
314 3567 460 3645 pericopis
491 3560 630 3649 (stropha
660 3568 848 3645 antistropha
878 3562 1048 3649 epodoque)
1078 3572 1209 3646 constat,
1239 3588 1367 3646 quarum

86 3678 290 3736 unaquaeque
309 3658 430 3734 plenum
454 3657 537 3716 etin
562 3676 593 3717 se
616 3657 789 3719 conclusum
809 3658 1026 3718 sententiarum
1044 3658 1144 3718 orbem
1166 3658 1367 3736 amplectitur,

88 3768 183 3826 qnam
197 3746 420 3824 compositionis
436 3746 667 3807 concinnitatem
686 3750 806 3824 poetam
825 3750 1025 3808 senescentem
1044 3747 1207 3808 excoluisse
1226 3748 1313 3808 docui
1328 3748 1367 3807 ad

88 3838 122 3899 Ο.
143 3856 207 3897 xus.

636 3972 680 4038 De
703 3974 825 4041 metris.

179 4106 275 4165 Metro
305 4104 394 4164 huius
424 4104 563 4163 carminis
594 4124 612 4163 a
642 4104 800 4164 severitate
830 4105 1009 4164 Doricorum
1038 4105 1204 4162 carminum
1232 4103 1366 4179 dactylo-

87 4195 308 4273 epitriticornm
330 4194 399 4270 plus
422 4212 483 4254 uno
506 4194 624 4253 nomine
649 4193 813 4272 discedunt,
836 4194 967 4269 primum
991 4193 1070 4269 quod
1092 4192 1277 4267 abisyllaha
1300 4192 1365 4251 basi

87 4284 214 4361 stropha
236 4282 396 4360 exorditur,
415 4282 519 4343 deinde
544 4282 623 4358 synnod
646 4286 745 4343 rectus
764 4302 869 4343 cursus
888 4300 1080 4341 numerorum
1100 4300 1187 4358 saepe
1207 4282 1364 4340 interrum-

88 4376 174 4451 pitur
192 4366 259 4455 (str.
278 4384 303 4433 4.
323 4384 349 4449 o,
368 4393 412 4449 ep.
434 4386 456 4433 1.
477 4386 501 4431 3.
522 4386 545 4431 s.
567 4364 606 4454 o),
626 4376 692 4432 tum
711 4372 790 4449 quod
809 4372 840 4431 in
860 4370 948 4448 epodi
970 4390 1059 4431 versu
1082 4375 1190 4447 quarto
1214 4370 1366 4431 trochaica

88 4462 221 4540 tripodis
242 4460 274 4520 iu
297 4462 397 4522 locum
420 4461 585 4538 dactylicos
609 4462 751 4522 successit
772 4455 823 4541 (cf.
844 4461 878 4520 0.
897 4479 953 4518 1111
972 4455 1011 4541 ³),
1035 4459 1163 4537 denique
1186 4460 1267 4537 quod
1290 4463 1365 4520 stro·

87 4554 165 4631 phas
193 4568 297 4611 versus
325 4553 451 4627 quartus
479 4554 510 4610 et
539 4552 626 4628 spodi
653 4551 761 4611 tertius
784 4548 822 4609 ab
846 4554 1009 4626 anapaesto
1032 4549 1194 4627 incipiunt,
1218 4568 1365 4625 quaeres

87 4660 190 4703 omues
218 4660 286 4701 cum
313 4640 435 4701 levitate
464 4638 576 4716 Lydiae
605 4640 776 4701 harmoniae
807 4632 846 4721 (v.
872 4650 918 4715 153
950 4640 986 4699 cs.
1011 4638 1089 4697 Prol.
1113 4644 1179 4716 uu)
1208 4639 1364 4698 cohaerere

88 4732 237 4791 videntur.
275 4729 421 4807 Strophae
443 4729 532 4805 primi
556 4748 658 4791 versus
682 4730 778 4789 altera
801 4728 918 4805 syllaba
941 4732 1043 4786 utrum
1072 4746 1181 4805 anceps
1207 4746 1246 4785 an
1273 4727 1366 4805 longa

87 4821 180 4880 trium
204 4836 356 4879 morarum
380 4818 428 4896 sit,
452 4818 572 4878 avana
595 4819 721 4879 lectione
741 4838 766 4877 v.
787 4830 821 4878 40
839 4818 962 4895 pendet,
986 4817 1125 4892 strophae
1147 4834 1252 4877 versus
1274 4835 1363 4893 quar·
