3417 5434
352 307 418 373 314
828 310 977 362 planem
995 308 1161 363 arrrrou.

404 474 487 538 ἀστυ
509 472 685 555 θάλλησαν
708 474 884 554 Κορίνθου
906 468 937 535 τ’
962 470 999 537 έν
1021 482 1152 555 μυχοῖς,

448 577 503 644 καὶ
526 581 727 645 Κλεωναίων
750 579 832 663 πρὸς
855 577 990 664 ἀνδρῶν
1011 577 1173 664 τετράκις·

1428 738 1511 805 Ἀντ.
1530 740 1572 825 γ’.

408 851 606 914 Σικυωνόθε
629 844 661 911 δ’
687 844 939 933 ἀργυρωθέντες
962 848 1026 911 σὺν
1048 848 1199 932 οἰνηραῖς
1221 846 1357 931 φιάλαις
1380 844 1521 932 ἀπέβαν,
1590 866 1621 912 εν

406 956 441 1022 ἐκ
464 954 501 1021 δὲ
524 954 697 1031 Πελλάνας
720 953 946 1038 ἐπιεσσάμενοι
969 965 1079 1019 νῶτον
1100 958 1278 1039 μαλακαῖσι
1301 956 1448 1039 κρόκαις·

351 1082 385 1129 45
405 1064 488 1130 ἀλλά
510 1063 634 1149 χαλκὸν
656 1065 778 1149 μυριόν
800 1060 842 1126 οὐ
866 1062 1012 1127 δυνατόν

406 1168 596 1255 ἐξελέγχειν·
619 1166 822 1255 μακροτέρας
844 1169 908 1253 γάρ
931 1168 1115 1254 ἀριθμῆσαι
1138 1173 1272 1254 σχολᾶς·

406 1278 480 1343 ὅντε
504 1279 652 1361 Κλείτωρ
676 1273 730 1341 καὶ
759 1273 860 1359 Τεγέα
881 1272 936 1339 καλ
957 1273 1096 1359 Ἀχαιῶν
1117 1275 1275 1360 ὑψίβατοι
1297 1279 1410 1354 πόλιες

403 1382 458 1450 καὶ
483 1384 632 1449 Λύκαιον
654 1404 720 1469 παρ
744 1384 828 1459 Διὸς
850 1388 934 1466 eeu
957 1382 1070 1470 δρόμςο

448 1493 512 1556 σὺν
534 1491 648 1556 ποδῶν
671 1501 790 1575 χειρῶν
813 1512 847 1555 τε
870 1498 1003 1555 νικᾶσαι
1026 1488 1149 1555 σθένει.

405 1759 577 1845 Κάστορος
600 1756 631 1823 δ’
657 1757 817 1835 ἐλθόντος
840 1754 893 1822 ἐπὶ
916 1755 1027 1836 ξενίαν
1049 1779 1116 1841 παρ
1139 1757 1288 1842 Παμφάη
1444 1758 1507 1826 Ἐκ.
1527 1759 1568 1843 γ’.

354 1884 387 1931 οο
407 1864 462 1932 καί
484 1866 685 1949 κασιγνήτου
709 1865 953 1948 Πολυδεύκεος,
976 1864 1017 1929 οὐ
1039 1871 1156 1949 θαῦμα
1178 1868 1296 1949 σφίσιν

402 1970 531 2057 ἐγγενὲς
553 1976 653 2057 ἔμμεν
676 1970 854 2056 ἀεθληταῖς
876 1971 1068 2055 ἀγαθοῖσιν·
1092 1968 1160 2037 ἐπεὶ
1591 1992 1624 2038 ee

401 2080 585 2167 εὐρυχόρου
608 2082 720 2165 ταμίαι
745 2078 902 2164 Σπάρτας
924 2078 1065 2162 ἀγώνων

401 2200 521 2274 μοῖραν
539 2184 642 2275 Ἑρμᾷ
665 2184 720 2251 καί
744 2188 807 2252 σὺν
826 2183 984 2271 Ἡρακλεῖ
1004 2184 1152 2251 διέποντι
1174 2186 1332 2269 θάλειαν,

348 2414 480 2485 Προίτοιο
502 2416 609 2509 θάλησε
633 2416 711 2485 BD,
737 2412 871 2483 Προίτοιο
895 2413 956 2471 τόθ’
977 2412 1154 2485 ἱπποτρόφον
1179 2414 1250 2471 άοτυ
1274 2414 1383 2485 θάλησε
1409 2416 1482 2471 coni.
1503 2416 1623 2485 Boeclsb,

348 2485 480 2557 Προίτοιό
493 2487 520 2542 τ’
532 2489 569 2544 ἀν
592 2488 652 2543 lun.
663 2488 732 2543 άστν
747 2485 880 2555 θάλησαν
892 2486 998 2557 Bergk,
1013 2484 1094 2541 θάλλ.
1105 2485 1212 2557 scripsi,
1227 2489 1260 2541 ut
1273 2486 1307 2542 N.
1317 2504 1382 2543 rrae
1396 2491 1463 2543 rest
1478 2488 1622 2543 Rauchen-

348 2559 421 2614 stein
431 2590 463 2601 -
475 2565 516 2615 43.
531 2559 654 2629 οίνοραίς
663 2560 693 2615 D
702 2591 736 2600 -
747 2564 789 2615 46.
803 2556 877 2625 ἐξελέ
895 2577 938 2628 χει
947 2557 977 2612 D
987 2588 1020 2599 -
1030 2563 1072 2613 48.
1085 2562 1177 2628 θῆκεν
1187 2557 1269 2613 Tricl.
1294 2557 1381 2628 ἔθηκε
1391 2559 1454 2614 BD
1469 2591 1504 2599 —
1518 2558 1622 2633 δρόμφι

349 2630 426 2704 δόμῳ
444 2629 514 2685 coni.
529 2631 618 2701 Bury;
637 2633 745 2685 θαιίτιν
764 2646 814 2701 pro
833 2579 927 2703 θρίμφ
945 2630 997 2685 σὺν
1015 2646 1090 2700 susp.
1105 2630 1260 2684 Mommsen
1271 2602 1397 2701 l‘arerga
1411 2630 1493 2685 Pind.
1508 2648 1544 2700 ar,
1562 2639 1624 2702 post
1674 2645 1675 2684 3

347 2700 440 2776 δρόμῳ
458 2700 633 2773 interpunxit
650 2701 743 2773 Bergk
763 2732 794 2743 —
814 2706 859 2757 48.
882 2702 980 2757 ποθῶν
1003 2720 1033 2755 τε
1059 2710 1159 2772 χειρῶν
1184 2721 1214 2756 τε
1239 2702 1280 2769 Β,
1297 2703 1395 2757 ποδῶν
1418 2721 1448 2757 τε
1468 2712 1570 2772 χειρῶν
1589 2706 1623 2763 D.

348 2793 377 2828 τε
403 2773 480 2845 prius
506 2773 572 2829 eiae.
593 2772 707 2829 Schmid
730 2805 764 2814 -
784 2778 825 2827 49.
844 2770 967 2845 παμφάη
986 2771 1069 2827 'l'ricl
1089 2789 1152 2827 cum
1175 2772 1275 2840 schol,
1299 2776 1331 2827 at
1353 2774 1426 2828 conf.
1446 2774 1476 2829 P.
1496 2793 1530 2827 nr
1547 2793 1574 2830 aa
1591 2808 1623 2815 -

350 2851 393 2901 50,
412 2843 503 2916 θαῦμ’
521 2846 545 2900 εί
563 2842 658 2915 σφίσιν
678 2844 795 2916 lyptote,
814 2842 900 2915 ἔμμεν
918 2843 990 2901 coni.
1004 2843 1173 2899 Herwerden
1191 2876 1225 2885 -
1244 2850 1287 2900 tl.
1306 2843 1372 2914 ἔμεν
1390 2844 1420 2899 D
1439 2878 1474 2886 -

418 2994 460 3042 etl.
485 2990 652 3043 Κλεωναίων
674 2986 744 3055 πρὸς
766 2988 893 3056 ἀνδρῶν,
916 2986 966 3056 qui
989 2989 1018 3040 et
1039 2986 1164 3069 mythico
1186 2989 1312 3057 tempore
1337 2990 1367 3041 et
1389 2986 1508 3042 Pindari
1531 2991 1622 3044 aetate

348 3058 431 3113 ludos
454 3060 609 3115 Nemeaeos
633 3058 810 3113 adornabant
833 3061 863 3113 et
885 3057 1011 3129 praemia
1030 3058 1246 3125 adiudicabant;
1270 3058 1305 3112 cf.
1324 3058 1359 3113 N.
1378 3078 1407 3112 ιν
1427 3076 1461 3115 rr.
1499 3060 1622 3115 Ieinnnn

347 3133 441 3185 autem
461 3134 512 3200 est,
532 3131 607 3200 quod
626 3132 710 3201 poeta
728 3132 792 3213 post
810 3130 971 3199 generalem
988 3128 1138 3184 formulam
1152 3128 1231 3193 ὅσαις
1243 3145 1389 3184 nnmerum
1403 3129 1517 3185 finitum
1531 3132 1622 3199 τετρᾰ·

347 3223 390 3265 κις
404 3202 514 3268 intulit;
533 3205 633 3272 quater
647 3219 712 3256 vero
726 3201 770 3255 illi
784 3218 840 3255 non
854 3201 962 3256 Nemea
976 3200 1037 3255 sola
1051 3200 1100 3256 sed
1115 3201 1222 3257 Nemea
1235 3204 1265 3256 et
1278 3200 1397 3255 Isthmia
1410 3200 1515 3257 richoo
1529 3204 1621 3258 riden-

348 3277 395 3327 tur
404 3306 436 3314 —
448 3279 481 3327 48
490 3291 526 3329 εν.
542 3274 576 3329 de
590 3272 731 3343 argenteis
741 3272 845 3345 phialis
860 3272 987 3342 Sicyone,
997 3276 1075 3327 veste
1085 3271 1225 3340 Pellenae,
1236 3288 1300 3327 aere
1313 3272 1416 3342 Lycaei
1430 3291 1483 3343 pro
1497 3276 1622 3330 mercede

347 3344 422 3399 (latis
441 3363 466 3401 v.
482 3345 554 3401 Prol.
569 3362 603 3399 xo
623 3377 655 3385 —
675 3350 717 3399 le.
741 3344 967 3415 ἀργυρωθέντες·
992 3344 1127 3399 audacter
1144 3346 1230 3414 poeta
1246 3343 1335 3408 viros,
1354 3344 1403 3412 qui
1422 3343 1453 3398 iu
1470 3346 1622 3400 certamine

348 3418 544 3486 argenteorum
569 3415 729 3499 phialarum
753 3415 879 3485 praemio
905 3415 998 3470 ornati
1020 3418 1116 3484 erant,
1141 3418 1258 3487 argento
1283 3414 1365 3483 quasi
1383 3416 1524 3472 obductos
1544 3417 1622 3480 dicit;

348 3486 469 3541 similem
487 3486 544 3541 vim
567 3488 643 3542 rdem
667 3486 768 3541 tribuit
786 3487 879 3542 verbis
899 3489 1055 3559 χαλκαθείς
1073 3487 1104 3543 Ο.
1119 3506 1169 3539 1111
1189 3504 1228 3556 ao,
1254 3487 1465 3557 ἀργυρωθεῖσαι
1483 3489 1505 3542 Ι,
1520 3508 1543 3543 11
1562 3508 1576 3543 s
1594 3522 1620 3529 -

348 3564 390 3612 46.
410 3556 583 3628 μακροτέρας
601 3558 759 3629 ἀριθμῆσαι
778 3563 879 3649 σχολᾶς
896 3575 947 3629 per
964 3558 1146 3629 parenthesin
1164 3557 1259 3613 media
1277 3557 1425 3613 interiecta
1444 3562 1523 3627 sunt,
1552 3560 1621 3614 simi-
1672 3579 1673 3588 ¹

348 3628 413 3684 liter
428 3630 458 3684 0.
474 3648 523 3683 rm
538 3646 577 3685 11³
596 3628 669 3684 dixit
686 3628 792 3699 μάσοον
820 3627 837 3698 ἢ
857 3632 893 3692 ὡς
912 3630 1004 3700 δεῖμεν
1019 3660 1052 3671 -
1067 3635 1109 3686 47.
1126 3628 1241 3700 Ἀχαιῶν
1259 3630 1395 3702 deiparae
1411 3628 1522 3694 πόλιες·
1542 3649 1621 3701 quae·

348 3718 413 3755 nam
428 3701 510 3755 urbes
520 3700 650 3756 Achaeae
664 3704 776 3771 praeter
784 3700 929 3755 Pellenam
942 3704 1027 3772 poeta
1040 3700 1213 3756 intellexerit
1220 3702 1305 3769 latet;
1319 3701 1454 3770 αίτεινὴν
1463 3702 1622 3759 Γονόεσσαν

347 3771 420 3826 dixit
437 3771 573 3827 Homerus
592 3772 659 3827 11.11
675 3787 715 3827 ore
734 3804 767 3812 -
787 3776 829 3827 48.
849 3772 983 3843 Δίκαιον,
1002 3771 1067 3841 ὄρος
1084 3772 1129 3827 vel
1148 3772 1291 3854 oppidum,
1309 3774 1460 3841 recedite,
1480 3780 1543 3847 ναῷ
1561 3794 1620 3844 sup-

345 3843 423 3913 pleo,
451 3844 616 3915 praesertim
643 3860 706 3898 oum
733 3844 870 3913 templum
891 3844 1032 3911 Lycaeum
1057 3862 1075 3898 a
1099 3843 1238 3898 cumculo
1261 3843 1335 3899 Iovis
1360 3860 1462 3925 parum
1489 3850 1559 3917 apte
1583 3846 1620 3899 di·

349 3914 550 3985 stingueretur3
569 3914 736 3985 magnificae
755 3917 850 3969 autem
868 3913 1016 3984 relliquiae
1035 3932 1102 3971 arae
1117 3918 1146 3970 et
1159 3913 1289 3971 curriculi
1309 3915 1383 3970 lovrs
1401 3916 1510 3985 Lycaei
1527 3918 1618 3972 etiam

347 4003 422 4040 nunc
441 3989 565 4056 exstant,
585 4004 609 4043 v.
625 3985 736 4041 Curuus
755 3986 906 4057 Peloponn.
922 4006 932 4039 1
946 4003 986 4041 aaa
1005 4018 1039 4029 -
1057 3989 1109 4042 obs
1124 4031 1130 4041 .
1146 4028 1152 4040 .
1169 4030 1174 4041 .
1189 3994 1318 4042 νικᾶσαι·
1338 4003 1411 4055 quae
1429 3988 1562 4057 praemia
1579 4006 1619 4072 pe·

347 4058 413 4111 dum
432 4060 461 4111 et
479 4074 613 4112 manuum
625 4056 730 4113 virtute
747 4057 882 4112 currendo
897 4060 926 4112 et
939 4058 1073 4113 luctando
1087 4060 1335 4127 consequerentur3
1354 4058 1388 4114 de
1403 4057 1433 4113 vi
1446 4058 1620 4129 pleonastioa

347 4128 564 4199 praepositionis
583 4130 634 4184 οιίν
652 4129 798 4184 v.1.1111.

419 4206 453 4254 49
467 4218 503 4255 ss.
527 4200 555 4255 in
579 4202 633 4255 fine
658 4203 755 4255 narrat
779 4199 906 4253 fabulam
925 4200 960 4255 de
978 4200 1162 4271 Tyndaridis,
1187 4200 1371 4257 certaminum
1395 4201 1620 4272 praesidium

346 4271 501 4353 Pampha‘e,
528 4289 583 4327 uno
609 4289 642 4327 ex
667 4271 820 4327 maioribus
839 4271 958 4340 Thesei,
983 4272 1108 4344 hospitio
1134 4272 1257 4343 exceptis
1280 4275 1310 4327 et
1331 4272 1398 4327 inde
1422 4274 1619 4329 certaminibus

347 4345 439 4413 gentis
466 4344 525 4397 eius
549 4343 717 4399 faventibus.
755 4344 796 4397 De
819 4343 874 4397 hac
891 4360 921 4397 re
940 4344 1035 4399 confer
1052 4345 1225 4399 Herodotum
1243 4362 1272 4399 rr
1289 4360 1328 4399 m
1346 4347 1514 4401 narrantem
1531 4346 1619 4417 hospi-
1670 4389 1671 4392 ,

347 4414 488 4469 talitatem
509 4412 691 4485 Εὐφορίωνος
708 4422 758 4469 τοῦ
777 4411 933 4485 δεξαμένου
950 4436 988 4483 τε,
1008 4416 1044 4479 ὡς
1062 4413 1142 4486 λόγος
1161 4416 1191 4471 ἐν
1206 4413 1335 4487 Ἀρκαδίῃ
1353 4414 1471 4486 λέγεται,
1491 4418 1559 4481 τοὺς
1576 4424 1619 4471 Ar·

260 4506 263 4515 ·
349 4486 500 4555 οσκοάροος
518 4484 630 4541 οἰκίοισι
648 4488 696 4541 καὶ
715 4486 773 4541 ἀπὸ
791 4486 892 4540 τούτου
910 4486 1135 4552 ξεινοδοκέοντος
1151 4486 1262 4551 πάντας
1279 4488 1459 4555 ἀνθρώπους.
1493 4488 1537 4543 De
1556 4490 1617 4543 The

346 4556 453 4611 exeniis
477 4556 672 4613 Dioscurorum
696 4558 730 4613 cf.
747 4558 778 4613 O.
793 4574 850 4612 1111
871 4590 903 4597 -
923 4564 965 4612 51.
989 4556 1086 4628 σφίσιν
1109 4558 1230 4630 ίγγενίς,
1253 4557 1289 4613 iis
1311 4557 1471 4630 ingenitum
1496 4576 1570 4621 esse.
1592 4565 1616 4612 ολ

346 4628 404 4682 sint
422 4629 546 4684 athletae
560 4629 640 4695 boni;
661 4629 701 4684 sic
716 4629 845 4700 συγγενές
859 4631 1025 4700 usurpatum
1038 4633 1082 4685 est
1096 4631 1125 4684 P.
1140 4650 1158 4683 v
1174 4647 1205 4685 ιτ.
1225 4649 1241 4683 x
1258 4648 1290 4685 rs.
1309 4630 1343 4685 N.
1358 4648 1387 4683 vr
1403 4647 1427 4685 ro
1442 4663 1477 4671 —
1493 4637 1537 4687 tt.
1551 4632 1615 4699 Tyn·

348 4699 461 4755 daridas
485 4701 655 4770 ἀφετηρίους
679 4700 707 4755 in
733 4700 872 4771 principio
896 4700 1026 4755 curriculi
1045 4702 1163 4772 Spartae
1183 4700 1238 4756 coli
1256 4701 1346 4756 tradit
1363 4702 1544 4770 Paus.n11e
1559 4720 1570 4757 ε
1586 4735 1615 4743 ·—
1669 4753 1670 4760 ,

347 4776 388 4826 53.
414 4770 502 4847 Ἑρμᾷ
531 4772 578 4826 καί
606 4773 656 4827 σὺν
678 4770 811 4847 Ἡρακλεῖ
833 4789 883 4850 pro
910 4773 961 4832 σὺν
982 4771 1071 4848 Ἑρμᾷ
1097 4774 1167 4843 (soil.
1187 4771 1339 4846 ἐναγωνίῳ)
1364 4774 1414 4827 καί
1428 4772 1571 4843 Ἡρακλεῖ,
1589 4778 1614 4827 ut
