3417 5434
810 317 959 368 PINDARI
977 317 1144 369 EPINICIA.

1412 485 1501 566 Στρ.
1528 479 1574 544 α’.

426 579 577 668 Χρυσίας
599 583 845 660 ὑποστάσαντες
868 585 1008 667 εὐτειχεῖ
1027 587 1189 673 προθύρῳ
1212 587 1368 671 θαλάμου
1441 640 1445 648 .

428 693 556 772 κίονας,
580 690 624 766 ὡς
647 690 700 755 ὅτε
723 693 852 773 θαητὸν
875 688 1020 776 μέγαρον

429 794 586 880 πάξομεν·
610 795 794 882 ἀρχομένου
819 797 848 862 δ’
877 801 976 884 ἔργον
1000 801 1179 884 πρόσωπον

429 903 491 987 χρὴ
515 900 618 987 θέμεν
640 903 808 986 τηλαυγές,
854 908 886 969 εί
908 903 939 968 δ’
966 912 1016 988 εἴη
1040 903 1100 989 μὲν
1122 904 1387 991 Ὀλυμπιονίκας,

428 1011 529 1097 βωμῳ
552 1033 587 1074 τε
609 1015 752 1098 μαντείῳ
776 1015 893 1095 ταμίας
915 1014 1000 1088 Διὸς
1023 1011 1058 1077 ἐν
1082 1016 1187 1099 Πίσᾳ,

429 1119 641 1200 συνοικιστήρ
664 1141 699 1182 τε
727 1127 789 1183 τᾶν
815 1125 950 1183 κλεινᾶν
975 1125 1210 1204 Συρακοσσᾶν,
1238 1125 1313 1186 τίνα
1340 1145 1398 1185 κεν
1426 1124 1539 1205 φύγοι

978 1227 1085 1310 ὕμνον

427 1341 537 1407 κεῖνος
555 1330 650 1417 ἀνήρ,
669 1331 861 1419 ἐπικύρσαις
880 1333 1044 1417 ἀφθόνων
1063 1333 1173 1399 ἀστῶν
1192 1333 1228 1400 ἐν
1247 1337 1394 1421 ἱμερταῖς
1412 1335 1567 1412 ἀοιδαῖς;
1597 1352 1627 1398 ιο

1405 1529 1492 1596 Ἀντ.
1518 1530 1566 1595 α’.

430 1622 508 1680 ίστω
534 1618 596 1703 γάρ
621 1616 784 1705 ἐντούτῳ
807 1619 930 1705 πεδίλῳ
954 1619 1129 1703 δαιμόνιον
1151 1618 1227 1684 πόδ’
1253 1623 1338 1704 ἔχων
1415 1615 1419 1621 ’

429 1724 631 1808 Σωστράτου
655 1727 736 1800 υίός.
783 1724 958 1789 ἀκίνδυνοι
981 1725 1011 1788 δ’
1039 1725 1151 1809 ἀρεταί

341 1847 372 1893 10
427 1830 503 1894 οὔτε
527 1829 604 1913 παρ’
631 1831 794 1914 ἀνδράσιν
817 1830 888 1895 οὔτ’
914 1831 950 1896 ἐν
973 1831 1072 1896 ναυσί
1095 1836 1222 1909 κοίλαις

427 1939 546 2020 τίμιαι·
570 1935 687 2002 πολλοὶ
711 1935 747 2002 δὲ
770 1937 967 2022 μέμνανται,
989 1940 1093 2004 καλὸν
1115 1947 1149 2005 εί
1167 1966 1199 2005 τι
1222 1949 1368 2027 πονηθή.

425 2042 576 2127 Ἀγησία,
600 2043 653 2108 τίν
677 2044 706 2108 δ’
734 2040 828 2122 αἶνος
851 2043 993 2129 ἑτοῖμος,
1017 2045 1056 2110 ὃν
1080 2045 1116 2112 ἕν
1139 2049 1216 2133 δίκᾳ
1364 2121 1376 2142 ·

429 2151 492 2215 ἀπὸ
512 2153 663 2234 γλώσσας
673 2149 858 2238 ’Ἄδραστος
875 2152 997 2237 μάντιν
1017 2156 1194 2219 Οἰκλείδαν
1212 2153 1285 2218 ποτ’
1308 2153 1340 2231 ἐς
1353 2153 1570 2241 Ἀμφιάρηον
1593 2172 1625 2219 ιο

430 2256 603 2342 φθέγξατ’,
626 2257 695 2324 ἐπεὶ
718 2261 800 2324 κατά
823 2258 891 2342 γαῖ’
917 2261 1019 2326 αὐτόν
1043 2259 1080 2325 τί
1099 2286 1156 2327 νιν
1179 2260 1233 2326 καὶ
1256 2263 1418 2346 φαιδίμας
1440 2263 1569 2338 ἵππους

979 2371 1133 2451 ἔμαρψεν.

412 2577 493 2612 vimi
514 2577 615 2613 ιεοτιο.
655 2560 738 2614 Ιιιειτ.
774 2558 883 2635 Ἀγησίᾳ
909 2559 1091 2633 Συρακουσίῳ
1116 2560 1212 2633 ἀπήνῃ
1236 2562 1303 2626 AG,
1329 2560 1379 2632 Ἆγ.
1398 2567 1467 2632 Συρ.
1487 2563 1543 2634 υἱῲ
1564 2566 1623 2616 Σω-

340 2629 461 2699 στράτου
480 2630 577 2700 ἀπήνη
596 2632 633 2698 Β,
650 2629 697 2700 Ἀγ.
713 2635 782 2700 Συρ.
802 2632 853 2704 υἱῷ
874 2632 1040 2700 Σωστράτου
1058 2633 1163 2704 ἀπήνη,
1182 2636 1220 2696 ὡς
1238 2631 1270 2687 δὲ
1290 2633 1360 2688 ἔνιοι
1379 2638 1555 2708 Σττιμφηλίῳ
1573 2634 1623 2704 υἱῲ

342 2703 380 2769 D,
397 2701 446 2771 Ἆγ.
467 2705 534 2771 Συρ.
573 2700 648 2772 πήνη
667 2703 719 2758 οἰῶ
738 2704 896 2772 σωοτράτου
915 2704 1060 2771 νικήσαντι
1080 2705 1132 2772 τὴν
1150 2722 1185 2756 πε
1204 2706 1250 2773 (τῖε
1269 2723 1305 2759 m.
1325 2721 1378 2760 ree.
1399 2705 1429 2759 in
1447 2709 1515 2774 rus.)
1540 2705 1621 2774 ὀλυμ-

342 2773 433 2827 πιάδα
452 2774 473 2826 F
496 2791 532 2828 m.
547 2790 600 2828 ree.
622 2805 654 2813 —
675 2775 780 2830 Schol.:
800 2774 954 2844 γέγραπται
975 2776 990 2844 ἡ
1009 2774 1067 2846 ᾠδή
1088 2778 1124 2838 ὡς
1143 2773 1194 2844 μὲν
1213 2775 1283 2830 ἔνιοι
1300 2774 1408 2850 Ἀγησίῳ
1427 2775 1622 2848 Συρακουσίῳ,

341 2847 377 2907 ὡς
396 2844 426 2899 δὲ
448 2844 517 2898 ἔνιοι
536 2843 714 2917 Στυμφηλίῳ,
733 2846 783 2918 νὶῳ
804 2846 980 2914 Σωστράτου,
999 2847 1107 2918 ἀπήνῃ·
1128 2846 1270 2915 κατελύθη
1290 2846 1321 2900 δὲ
1337 2848 1354 2916 ἡ
1369 2848 1474 2920 ἀπήνῃ,
1492 2847 1533 2911 ὥς
1550 2847 1623 2911 τινὲς

339 2934 440 2984 φασιν,
466 2916 638 2986 ὀγδοηκοστῇ
661 2916 771 2989 πέμπτη
790 2916 962 2988 Ὀλυμπιάδι,
979 2917 1041 2972 κατ’
1064 2915 1155 2981 ἐνίους
1175 2916 1206 2972 δὲ
1225 2919 1398 2990 ὀγδοηκοστῇ
1418 2917 1491 2990 ἕκτη.
1512 2920 1622 2987 ἄπορον

339 2987 369 3041 δὲ
390 2988 441 3056 τὴν
459 2988 566 3056 ποστὴν
581 2987 755 3058 Ὀλυμπιάδα
780 2987 907 3058 ἐνίκησεν
936 3022 971 3030 -
1000 2997 1022 3044 1.
1052 2991 1163 3059 ε-ύτυγεῖ
1185 2991 1218 3056 0,
1246 2989 1368 3059 primum
1389 3008 1502 3044 versum
1523 2990 1623 3045 laudii

340 3059 422 3128 (διες,
438 3059 505 3113 Nus.
521 3075 563 3129 sp.
579 3077 591 3114 ο
608 3059 646 3113 in.
668 3093 699 3100 —
719 3069 743 3116 2.
764 3059 800 3123 ὥς
817 3079 846 3114 τε
869 3062 942 3116 0-
960 3067 985 3114 3.
1005 3058 1161 3131 ἀρχομένω
1181 3061 1261 3115 codd.
1281 3063 1310 3115 et
1328 3061 1429 3117 schoi:
1449 3061 1621 3132 ἀρχομένοις

341 3148 366 3184 v.
385 3131 403 3184 l.
423 3129 452 3183 in
471 3129 588 3184 Luciani
607 3131 690 3201 Hipp.
706 3148 727 3202 ι,
747 3132 820 3186 unde
839 3132 947 3202 recepit
965 3131 1079 3187 Schmid
1098 3164 1131 3172 -
1151 3139 1175 3187 5.
1195 3135 1277 3204 βωμῶ
1296 3137 1340 3201 (ου
1360 3151 1445 3258 εοῳτε
1463 3155 1485 3187 ω
1504 3134 1619 3204 scripto}

339 3203 367 3256 A
387 3234 418 3242 -
439 3207 462 3256 6,
483 3211 660 3269 συρακουοᾰν
679 3204 706 3257 A
733 3235 765 3243 —
792 3223 853 3260 κεν;
874 3206 923 3258 καὶ
940 3206 967 3259 A
993 3236 1029 3243 -—
1055 3209 1078 3258 7.
1103 3204 1212 3274 ίμερτᾶι
1230 3205 1327 3258 ἀοιδᾶι
1345 3207 1390 3275 (ue
1421 3213 1466 3267 -ᾶς
1486 3208 1546 3274 -ᾶς)
1566 3206 1621 3260 0⁸⁰

339 3305 372 3312 -
394 3279 434 3327 10.
455 3271 515 3327 οὔτ’
537 3273 568 3327 ἐν
587 3275 667 3341 ἀνδρ.
687 3274 715 3327 A
741 3307 773 3314 -
800 3274 864 3329 οὔτε
889 3277 972 3330 ναυσί
994 3275 1108 3343 (omisso
1133 3275 1174 3345 ἐν)
1199 3277 1222 3330 0
1245 3307 1277 3315 -
1306 3281 1346 3329 11.
1373 3280 1492 3345 ποναθῇ
1516 3277 1618 3338 ABD,

340 3344 373 3398 ef.
389 3344 418 3398 P.
434 3364 461 3397 u
480 3363 505 3398 ιιι
534 3377 567 3384 -
598 3351 637 3398 12.
666 3343 777 3400 ἐνδίκου
802 3346 873 3402 coni.
893 3343 1062 3401 Herwirden
1090 3380 1122 3388 —
1152 3353 1193 3401 13.
1222 3348 1334 3416 γνώμας
1359 3347 1430 3402 coni.
1450 3347 1563 3401 Heeker
1587 3379 1618 3387 -

339 3414 504 3485 ἀμφιάραον
523 3415 614 3470 AUP⁰
634 3448 666 3456 -
688 3424 728 3472 14.
748 3415 903 3488 ἐφθέγξατ’
923 3419 951 3473 A
972 3452 1002 3459 -
1022 3416 1176 3489 φαιδίμους
1194 3420 1225 3472 Ε
1241 3449 1274 3457 -

413 3577 602 3614 οοκκτιιτκκιι.
640 3577 666 3615 v.
688 3577 745 3615 ι-ι.
770 3578 884 3614 carmen
901 3563 993 3615 totum
1011 3560 1177 3632 magnificus
1198 3561 1275 3629 aedi,
1295 3559 1428 3614 carminis
1446 3561 1618 3630 prooemium

339 3629 480 3684 vestibulo
491 3637 497 3686 λ
502 3629 647 3704 προθύρῳ)
658 3631 736 3685 aedis
747 3633 854 3686 auratis
870 3633 1006 3686 columnis
1020 3632 1135 3686 suffulto
1146 3636 1293 3702 comparui
1302 3665 1335 3672 —
1347 3633 1467 3703 εὐτειχεῖ
1473 3634 1616 3703 προθύρω.

340 3700 512 3755 uestibulum
530 3701 601 3756 bene
620 3707 792 3757 exstructum
811 3703 894 3771 dicit,
920 3722 977 3758 non
1000 3704 1081 3758 bonis
1105 3703 1262 3773 parietibus
1281 3708 1424 3773 omaium3
1452 3705 1487 3760 cf.
1508 3706 1529 3761 L
1549 3725 1576 3758 vi
1594 3721 1616 3756 ιο

341 3773 473 3843 sumpse
491 3773 581 3836 πύλας
599 3807 634 3814 -
652 3773 781 3845 θάλαμος
796 3778 824 3828 et
838 3775 960 3845 μέγαρον
975 3777 1017 3830 ita
1032 3775 1173 3832 differunt.
1192 3777 1225 3828 ui
1242 3775 1330 3846 priori
1347 3774 1455 3830 nomini
1473 3775 1618 3846 angustior

339 3845 382 3898 vis
403 3844 477 3913 atrii,
497 3845 580 3900 alieri
599 3845 684 3899 luiior
702 3847 789 3900 totius
809 3847 931 3902 aedificii
950 3848 988 3901 sit
1007 3878 1039 3886 -
1060 3854 1084 3902 2.
1104 3849 1140 3910 ὡς
1159 3845 1213 3914 ὅτε,
1232 3850 1386 3917 tamquam,
1405 3849 1438 3900 ut
1455 3847 1486 3902 P.
1502 3868 1533 3902 n
1547 3865 1572 3902 ιο
1584 3848 1617 3908 ὡς

340 3915 381 3969 ὅτ’
403 3915 518 3985 ἀκατον,
536 3917 571 3973 N.
590 3936 639 3970 vm
657 3934 683 3972 ιο
702 3918 739 3980 ὡς
757 3916 801 3972 ὅτε
821 3916 968 3988 δένδρεον,
991 3918 1065 3972 unde
1084 3935 1193 3972 commu
1211 3920 1277 3988 post
1295 3916 1418 3989 μέγαρον
1437 3919 1556 3989 sustuli,
1573 3919 1617 3972 Ju-

340 3987 455 4041 renkam
475 3989 512 4056 (Z.
528 3989 546 4042 f.
563 3991 628 4043 (isit.
645 3987 743 4056 Gymn.
760 4006 792 4058 ιε,
810 3993 831 4058 ι)
850 3991 950 4044 ducem
969 3992 1080 4044 secutus
1098 4023 1134 4030 -
1153 3996 1177 4044 4.
1197 3996 1222 4044 5.
1248 3989 1300 4058 μὲν
1316 4033 1321 4042 .
1339 4009 1410 4044 ..τε
1430 3989 1485 4043 sibi
1505 4007 1617 4062 respon-

339 4059 419 4126 deui3
439 4075 464 4112 v.
480 4059 517 4113 ud
538 4059 568 4114 Ο.
588 4079 619 4112 111
638 4076 650 4114 ο
668 4093 704 4100 -
723 4066 747 4115 7.
767 4060 844 4116 ίστω·
870 4062 968 4116 eadem
991 4060 1133 4116 locutione
1156 4079 1222 4116 usus
1243 4065 1286 4115 est
1304 4061 1338 4116 N.
1357 4081 1386 4114 ix
1404 4077 1438 4128 τε,
1458 4060 1548 4116 simili
1566 4062 1615 4115 Ηο·

339 4147 431 4184 merus
449 4133 474 4184 Ο
488 4149 525 4186 ιιι
546 4163 579 4171 -
599 4130 629 4185 ἐν
647 4131 736 4206 τούτῳ
754 4131 871 4187 πεδίλω
891 4134 921 4187 in
938 4133 992 4188 hoc
1011 4133 1106 4187 calceo
1126 4149 1175 4186 seu
1193 4135 1283 4200 ποίας
1302 4134 1380 4188 msia
1399 4132 1470 4187 hora
1488 4150 1508 4186 a
1527 4133 1616 4189 calceo

340 4201 405 4272 pedi
416 4201 631 4256 adcommodato
642 4205 735 4258 tractu
745 4207 799 4271 esi;
816 4205 849 4260 cf.
861 4205 999 4275 Theophr.
1010 4205 1085 4258 char.
1096 4222 1109 4259 ι
1119 4205 1183 4272 περὶ
1192 4202 1268 4258 πόδα
1279 4199 1361 4272 εἶναι,
1399 4220 1487 4274 egem.
1498 4222 1547 4277 ap.
1558 4204 1615 4260 mh.

339 4289 403 4327 ιιοιο
420 4271 461 4336 τίς
476 4273 503 4327 α’
520 4271 668 4329 ἀνέπεισεν
684 4275 711 4337 ἐς
725 4276 814 4344 καλὴν
832 4278 956 4345 κρηπῖδα
974 4277 1057 4331 ποσίν
1075 4274 1192 4331 τοιοῖσδ’
1214 4277 1365 4348 ἀναβῆναι,
1383 4275 1542 4347 Hor.S.1³,
1553 4293 1617 4332 sl-

340 4350 363 4398 9.
394 4345 553 4400 ἀκίνδυνοι·
583 4347 732 4400 adversum
752 4364 847 4400 cusum
866 4346 966 4401 victori
985 4347 1243 4402 intercurrentium
1262 4347 1398 4401 accidisse
1420 4349 1508 4416 poeta
1535 4346 1616 4418 signi·

339 4417 406 4469 ficui
425 4448 458 4456 —
480 4423 520 4470 10.
545 4417 608 4471 ούτε
628 4415 697 4484 παρ’
718 4418 857 4486 ἀνδράσιν
876 4418 936 4473 οὔτ’
958 4419 988 4473 ἐν
1007 4417 1104 4474 ναυσί·
1128 4418 1219 4473 simile
1238 4419 1398 4488 oppositum
1417 4417 1506 4473 habes
1526 4420 1615 4490 hymn.

340 4486 430 4557 Apoll.
450 4488 510 4542 Del.
532 4505 569 4543 ιιε
592 4489 695 4557 νήσους
717 4509 746 4544 τε
770 4491 816 4544 καὶ
842 4488 945 4558 ἀνέρας
972 4522 1005 4530 -
1033 4496 1073 4546 13.
1098 4490 1155 4544 ἀπὸ
1177 4490 1312 4560 γλώσσας·
1337 4490 1377 4544 sic
1400 4487 1461 4559 φθέ
1479 4489 1540 4559 γετ’
1566 4489 1617 4546 ἀπὸ

341 4556 474 4629 στόματος
488 4559 612 4629 Theogn.
628 4577 666 4615 εει
686 4563 714 4614 et
733 4561 819 4632 epigr.
837 4562 930 4615 AP1x
944 4579 990 4618 ιιι.
1012 4595 1044 4602 -
1065 4568 1098 4616 13
1114 4580 1149 4616 ss.
1169 4578 1282 4616 soonam
1295 4561 1411 4615 exhibet
1423 4561 1460 4615 be
1486 4561 1492 4572 “
1513 4565 1617 4632 sepiem

341 4631 444 4684 ducum
463 4631 598 4686 adversus
617 4631 740 4702 Thebas¹
761 4651 817 4702 qua
832 4635 982 4703 Adrastus,
998 4633 1080 4688 Talai
1098 4633 1181 4702 filius,
1199 4635 1318 4688 mortem
1336 4631 1512 4702 Amphiarai,
1534 4632 1617 4689 Oiclei

339 4701 400 4768 filii,
415 4701 497 4756 hiatu
510 4705 601 4758 terrae
617 4703 759 4774 absumpti
774 4704 915 4774 duplorum
930 4705 1039 4760 fontum
1051 4705 1187 4760 historiae
1202 4705 1332 4775 aperiunt
1346 4703 1466 4760 scholia:
1482 4704 1498 4759 δ
1515 4703 1616 4772 Ἀσκλη-

340 4771 443 4842 πιάδης
462 4774 531 4844 φησί
549 4782 637 4829 ταῦτα
657 4773 802 4845 εἰληφέναι
817 4776 847 4830 ἐκ
862 4785 911 4846 τῆς
929 4782 1060 4847 κυκλικῆς
1075 4777 1218 4852 Θηβαΐδος
1235 4809 1271 4818 -
1290 4782 1331 4832 14.
1350 4774 1489 4846 φαιδίμας
1503 4774 1615 4843 ίπκους·
