3417 5434
348 369 413 432 206
819 371 968 422 prunam
988 371 1154 426 aelurum.

402 532 536 618 dpaao’,
564 532 678 617 ένεγκέ
697 557 732 600 τε
759 531 887 640 χρυσέην
918 533 1092 620 παρθένον
1122 532 1305 619 ἀγροτέραν
1335 533 1461 622 δίφρφ,
1496 537 1581 600 τόθι
1604 553 1630 596 ιι·

1200 665 1256 706 νιν
1278 642 1472 726 πολυμήλου

401 727 458 795 καί
479 731 773 817 πολυκαρποτάτας

445 844 530 921 θῆκε
552 837 734 904 δέσποιναν
756 841 898 923 χθονός,

401 945 495 1031 ῥίζαν
518 943 656 1032 ἀπείρου
678 949 796 1031 τρίταν
818 944 983 1030 εὐήρατον
1004 945 1191 1010 θάλλοισαν
1214 945 1326 1010 οἰκεῖν.

399 1176 559 1243 ὑπέδεκτο
582 1175 612 1242 δ’
641 1175 836 1264 ἀργυρόπεζ’
859 1176 1050 1266 Ἀφροδίτα

349 1301 382 1349 10
400 1284 531 1350 Δάλιον
553 1283 678 1368 ξεῖνον,
700 1284 898 1369 θεοδμάτων

401 1390 506 1477 ὀχέων
529 1390 738 1477 ἐφαπτομένα
760 1389 832 1478 χερί
853 1391 978 1480 κούφα·

401 1503 459 1565 καί
479 1516 562 1584 σφιν
585 1496 638 1565 ἐπὶ
660 1505 836 1583 γλυκεραῖς
860 1499 973 1576 εὐναῖς
996 1497 1116 1584 ἐρατὰν
1139 1499 1240 1582 βάλεν
1264 1500 1362 1580 αίδῶ,
1596 1515 1626 1560 ευ

400 1605 502 1684 ξυνὸν
525 1607 704 1691 ἁρμόζοισα
725 1613 795 1694 θεῷ
818 1629 853 1672 τε
877 1607 984 1690 γάμον
1006 1604 1168 1691 μιχθέντα
1191 1607 1297 1694 κούρᾳ
1318 1605 1357 1671 θ’
1379 1603 1499 1684 Ὑψέος
1520 1605 1576 1670 εὐ-

1221 1739 1243 1778 ν
1267 1716 1314 1778 ία·

400 1820 437 1898 ὃς
469 1825 629 1886 Λαπιθᾶν
659 1820 858 1908 ὑπερόπλων
889 1821 1043 1898 τουτάκις
1074 1815 1116 1904 ην
1148 1715 1322 1904 βασριλῗὺς,
1354 1819 1387 1899 ἐξ
1414 1818 1575 1884 Ὠκεανοῦ

1200 1927 1295 2012 γένος
1317 1928 1406 2014 ἥρως
1593 1945 1623 1990 εῡ

350 2035 382 2082 15
402 2018 570 2103 δεύτερος·
593 2018 633 2082 ὃν
655 2040 734 2083 ποτε
758 2020 842 2082 Πίν-

447 2125 509 2189 δου
531 2129 700 2200 κλεενναῖς
723 2123 761 2189 έν
783 2135 923 2208 πτυχαῖς

401 2233 489 2309 Ναῖς
512 2231 741 2318 εὐφρανθεῖσα
765 2236 914 2314 Πηνειοῦ
938 2229 1023 2315 λέχει
1047 2229 1196 2320 Κρείοισ’
1222 2233 1361 2316 ἔτικτεν,

403 2467 505 2542 Γαίας
527 2465 690 2549 θυγάτηρ.
736 2463 754 2530 ὑ
779 2461 816 2529 δὲ
839 2465 900 2529 τάν
923 2463 1089 2531 εὐώλενον
1439 2461 1507 2528 Ἐπ.
1531 2461 1572 2528 α’.

420 2696 445 2748 6.
465 2693 592 2762 ἅρπασεν
611 2694 674 2749 BD
693 2725 726 2732 —
747 2691 842 2763 ίνεγκε
857 2694 966 2749 BDE:
987 2693 1075 2749 ἔνεικε
1095 2695 1130 2758 Vt
1151 2693 1184 2748 ci.
1201 2713 1225 2749 v.
1242 2711 1267 2748 us
1281 2695 1310 2748 et
1324 2709 1350 2748 sa
1364 2723 1397 2732 -
1413 2713 1460 2747 νιν
1475 2693 1504 2745 Ε
1517 2695 1546 2746 et
1561 2692 1619 2745 fort.

348 2766 424 2820 13⁸0:
448 2773 501 2820 νῦν
524 2765 630 2819 ΒΜ)
653 2795 687 2804 -
711 2769 735 2818 8.
759 2763 857 2834 τρίταν
876 2765 917 2820 D:
942 2765 1077 2834 τριτάταν
1095 2767 1123 2820 Β
1142 2797 1176 2806 -
1196 2769 1237 2819 10.
1258 2764 1338 2830 ξένον
1357 2764 1387 2818 D
1407 2797 1439 2804 —
1459 2765 1621 2833 θεοδμάτων

348 2837 423 2892 BD:
437 2838 590 2891 θεοδότων
605 2837 641 2905 E,
658 2834 819 2890 θεοσδότου
834 2836 861 2888 V
871 2869 906 2876 —
922 2843 962 2890 11.
979 2836 1073 2912 κούφᾳ
1090 2837 1128 2892 G:
1143 2837 1237 2906 κοὺφα
1247 2836 1349 2890 BDE
1361 2868 1395 2875 -
1412 2841 1453 2889 12.
1470 2835 1571 2903 ἐρατὰν
1585 2835 1621 2888 B:

348 2908 453 2976 ἀρετάν
471 2909 500 2962 D
518 2941 554 2949 —
574 2914 615 2963 13.
635 2907 774 2978 μιχθέντα
792 2909 833 2962 B:
852 2906 982 2978 μιχθέντι
1000 2909 1031 2963 D
1049 2941 1081 2948 -
1104 2914 1145 2965 16.
1166 2905 1288 2976 Kpslow’
1305 2908 1388 2978 Epa:
1408 2904 1514 2976 κρέοισ’
1531 2905 1623 2960 BDE

348 3011 382 3019 -
403 2985 444 3035 17.
469 2977 549 3049 γαίαι
569 2981 598 3034 D
615 2980 736 3034 sortasse
758 2982 846 3045 recte,
872 2979 906 3034 of.
926 2979 959 3034 N.
980 2997 1055 3034 11110
1074 3013 1109 3020 —
1128 2981 1265 3035 εὐώλενον
1284 2978 1378 3034 codd:
1404 2980 1574 3033 λευκώλενον
1592 2993 1621 3030 ex

348 3051 517 3122 paraphrasi
535 3048 711 3122 λευκόπηχυν
730 3049 890 3121 expiscatus
910 3053 953 3105 est
971 3051 1066 3120 Lehrs,
1085 3051 1272 3122 probabiliter
1291 3083 1323 3090 -

348 3191 549 3248 Telesicratem
566 3192 673 3248 fabulis
692 3210 756 3248 cum
775 3192 840 3247 aliis
859 3197 920 3247 tum
939 3193 1085 3249 amatoriis
1104 3193 1224 3249 maxime
1244 3193 1373 3264 gavisum
1387 3209 1448 3247 esse
1462 3195 1580 3264 apparet
1595 3193 1621 3244 et

349 3264 426 3319 facta
445 3264 506 3320 eius
528 3283 629 3335 parum
652 3283 696 3319 am
719 3265 777 3318 lam
800 3265 947 3320 materiem
970 3265 1090 3336 epinicio
1115 3265 1232 3320 carmini
1255 3263 1485 3336 suppeditabant.
1523 3263 1620 3318 Prioris

349 3336 464 3390 fabulae
482 3340 679 3405 argumentum
698 3284 836 3390 Pindarus
855 3337 892 3391 ab
911 3337 1028 3392 Hesiodi
1047 3337 1129 3406 Eoeis
1148 3336 1240 3408 petiit,
1259 3340 1291 3390 ut
1309 3353 1343 3391 ex
1362 3335 1476 3390 scholiis
1496 3335 1619 3391 certiores

348 3407 420 3462 facti
443 3424 551 3473 sumus;
575 3409 625 3462 sed
648 3425 716 3462 num
738 3408 797 3462 iam
819 3407 958 3462 Hesiodus
978 3408 1115 3477 Cyrenam
1139 3409 1175 3462 ab
1195 3407 1325 3479 Apolline
1349 3407 1378 3461 in
1397 3407 1516 3476 Libyam
1535 3411 1620 3461 trans-

348 3478 438 3533 latam
457 3479 605 3546 induxerit,
625 3479 725 3534 merito
745 3479 859 3532 dubitat
877 3480 1026 3550 Luebbert,
1046 3481 1086 3535 De
1104 3479 1220 3534 Pindari
1239 3479 1340 3535 studiis
1359 3479 1507 3534 Hesiodeis
1527 3483 1555 3533 et
1571 3479 1619 3532 He·

348 3549 459 3676 mertinis
482 3549 1304 3677 fta.{Pb¹11{il⁹r⁰.cl⁷¹l³¹¹a⁰.Th⁰⁸⁸alll⁰³⁰.ssymph²⁰
1329 3549 1369 3676 ip·
1385 3549 1505 3676 Libpiam
1530 3548 1619 3676 peppo

347 3639 540 3748 tetta
558 3639 697 3747 batth
715 3639 1081 3762 {lttbttttttll
1097 3639 1569 3765 tntltt'tttlttttl,
1592 3639 1619 3745 b

348 3766 377 3821 P.
397 3785 429 3818 nr
447 3783 472 3834 ι,
499 3765 549 3818 sed
574 3763 759 3834 venatricem,
786 3767 818 3820 ut
841 3765 872 3820 Ο.
892 3785 913 3818 11
932 3782 957 3820 οο
977 3797 1010 3806 -
1034 3771 1057 3820 8.
1085 3762 1164 3836 ῥίζαν
1189 3763 1308 3835 ἀπείρου
1333 3763 1430 3833 τρίταν
1451 3810 1456 3820 .
1476 3807 1483 3820 .
1505 3808 1511 3820 .
1531 3766 1617 3830 οἰκεῖν,

347 3836 389 3892 ibi
407 3836 545 3907 virginem
565 3835 716 3892 collocavit
734 3841 766 3891 ut
788 3837 943 3904 habitaret;
970 3837 1138 3893 cs.0.1ua.
1176 3837 1244 3895 Tres
1266 3836 1418 3904 Pindarus,
1445 3841 1478 3891 ut
1500 3836 1618 3908 plerique

349 3908 499 3979 scriptores
517 3909 626 3963 veteres
650 3908 695 3978 (ci.
714 3908 816 3964 Herod.
835 3927 864 3962 ιτ
882 3911 932 3977 ιε),
958 3909 1129 3964 continentis
1153 3911 1248 3978 partes
1268 3925 1329 3964 esse
1348 3908 1461 3977 statuit,
1486 3908 1618 3978 Europam

350 3981 447 4034 Asiam
469 3979 601 4048 Libyam,
620 3995 693 4048 quae
715 3997 779 4034 cum
798 3997 832 4034 ex
849 3980 991 4035 communi
1014 3980 1101 4035 fundo
1126 3980 1212 4034 maris
1231 3979 1430 4035 mediterranei
1447 3980 1531 4049 quasi
1549 3977 1618 4034 nasci

346 4052 521 4120 viderentur,
545 4068 623 4105 oram
643 4051 826 4120 Cyrenaicum
844 4051 971 4106 radicem
989 4052 1103 4106 tertiam
1122 4052 1292 4107 continentis
1313 4051 1438 4106 dixit-
1456 4051 1616 4106 θάλλοισαν·

348 4121 513 4191 δέσποιναν,
538 4140 594 4178 non
617 4119 709 4192 δίζαν,
732 4125 765 4177 ut
788 4140 823 4177 ns
842 4122 917 4178 iusto
937 4123 1064 4194 pluribus
1083 4123 1216 4193 epithetis
1234 4142 1322 4178 unum
1339 4139 1442 4178 nomen
1460 4127 1575 4178 ornetur
1590 4152 1616 4162 ψ

349 4201 373 4249 9.
392 4192 543 4249 ὑπέδεκτο·
562 4193 758 4265 praeverbium
776 4196 832 4249 ὑπο
850 4198 880 4250 et
899 4194 1061 4249 amantibus
1080 4195 1267 4265 opitulantem
1281 4195 1417 4250 Venerem
1437 4194 1580 4286 significat
1594 4195 1617 4246 et

348 4267 383 4321 de
407 4283 489 4320 curru
512 4266 571 4320 alto
593 4266 664 4320 istos
688 4266 895 4334 sublevantem
920 4265 954 4321 cf.
974 4267 1036 4322 Hur.
1057 4267 1116 4337 Iph.
1136 4266 1198 4322 Aul.
1218 4283 1258 4322 οιε
1276 4267 1354 4337 ὑμεῖς
1373 4264 1404 4320 δὲ
1428 4265 1559 4330 νεάνιδές
1580 4284 1616 4320 νιν

348 4339 484 4420 ἀγκάλαις
499 4337 544 4392 ίπι
560 4339 564 4409 Ι
581 4335 702 4404 δέξασθε
716 4339 766 4392 καί
779 4336 930 4406 πορεύσατ’
948 4337 976 4404 ἐξ
992 4338 1138 4409 ὀχημάτων
1149 4369 1184 4378 -
1195 4335 1355 4407 Ἀφροδίτα·
1370 4337 1516 4407 Venerem,
1531 4355 1616 4407 quam-

347 4427 391 4464 rrs
408 4427 465 4465 non
483 4409 635 4480 praecipuo
654 4409 731 4464 cultu
750 4409 781 4464 in
798 4409 890 4479 Libya
909 4409 1054 4479 frueretur,
1073 4414 1169 4465 tamen
1183 4409 1218 4464 ob
1235 4409 1435 4465 amoenitatem
1449 4409 1572 4500 regionis
1584 4405 1615 4462 ibi

349 4484 514 4552 regnantem
531 4485 617 4568 poeta
635 4481 710 4551 feeit,
730 4482 840 4550 quade
859 4499 889 4536 re
907 4481 941 4536 cf.
961 4481 991 4536 P.
1010 4501 1028 4536 v
1048 4499 1073 4536 ει
1095 4513 1130 4523 -
1154 4487 1195 4536 13.
1223 4483 1351 4536 construe
1370 4481 1455 4546 ξυνόν
1474 4479 1614 4551 αρμόζοισι

349 4553 440 4623 γάμον
459 4557 597 4623 μιχθεντα
615 4557 675 4608 θεῶ
694 4573 724 4608 τε
743 4553 832 4620 κούρα
850 4551 884 4607 θ’
902 4551 1020 4618 Ὑψέος·
1043 4570 1102 4607 rem
1120 4551 1246 4606 illustrat
1265 4553 1365 4607 similis
1389 4552 1467 4606 locus
1490 4553 1521 4607 P.
1541 4572 1568 4606 ιν
1585 4567 1614 4606 ars

349 4621 524 4693 usvairpada
543 4643 572 4678 τε
591 4609 688 4680 κοινόν
706 4623 798 4694 γάμον
816 4609 920 4694 γλυκὺν
944 4624 974 4680 έν
993 4625 1134 4679 ἀλλάλοισι
1154 4625 1231 4694 μῖξαι
1251 4655 1284 4664 -
1309 4631 1350 4680 15.
1373 4624 1519 4694 Hypseum
1542 4620 1614 4678 Penei

350 4695 440 4749 tilium
451 4699 480 4750 et
489 4695 595 4749 Oceani
603 4699 744 4766 nepotem,
754 4696 814 4750 eius
825 4699 950 4750 amatam
960 4696 1092 4751 Creusam
1101 4695 1189 4750 filiam
1199 4695 1319 4751 Telluris
1329 4695 1475 4766 perhibet;
1489 4713 1516 4752 r.
1528 4693 1613 4749 schol:
1671 4759 1672 4762 χ

349 4767 460 4830 Ναίδος
478 4765 509 4822 δὲ
528 4768 577 4821 καί
592 4771 716 4836 Πηνειοῦ
735 4769 784 4822 τδν
800 4766 896 4832 ’Τψέα
912 4769 1077 4838 Φερεκύδης,
1095 4765 1274 4838 Ἀκέσανδρος
1288 4767 1318 4823 δὲ
1335 4767 1471 4836 Φιλλόρας
1484 4775 1534 4839 τῆς
1550 4767 1613 4821 'Aoo
1671 4769 1672 4782 ¹

348 4847 405 4893 ποῦ
424 4840 472 4894 καί
490 4842 615 4908 Πηνειοῦ
634 4839 739 4909 ίατορελ
754 4839 804 4895 τὸν
819 4837 914 4910 Ὑψέα
931 4871 964 4880 -
