3417 5434
612 387 769 439 OLYMPIA
789 389 810 441 l.

226 549 352 631 ἄνδρες
375 546 463 634 ἀμφὶ
484 549 577 633 θαμὰ
600 548 770 633 τράπεζαν.
1225 569 1260 617 26

270 655 358 721 ἀλλὰ
381 657 520 742 Δωρίαν
544 653 607 721 άπὸ
631 658 816 740 φόρ-μιγγα
838 655 1011 723 πασσάλου

224 761 385 846 λάμβαν’,
409 768 443 826 εί
461 765 496 826 τί
515 787 567 828 τοι
592 768 699 840 Πίσας
721 787 757 828 τε
779 761 833 828 καὶ
860 767 995 849 Φερενί-
1013 789 1076 830 κου
1100 763 1194 851 χάρις

224 873 309 934 νόον
332 867 399 934 ὑπὸ
422 870 642 952 γλυκυτάταις
665 873 764 953 ἔθηκε
788 874 980 957 φροντίσιν,
1225 889 1259 938 30

151 994 181 1042 2ο
225 977 279 1041 ὅτε
303 973 382 1062 παρ’
405 974 533 1063 Ἀλφεῷ
557 978 637 1042 σύτο
662 975 761 1061 δέμας

225 1081 409 1166 ἀκέντητον
432 1082 469 1148 έν
492 1084 645 1168 δρόμοισι
668 1082 836 1169 παρέχων,

224 1190 339 1276 κράτει
365 1185 401 1254 δὲ
425 1187 597 1275 προσέμιξε
620 1191 799 1273 δεσπόταν,

47 505 73 548 Γ,
82 507 90 520 ν,

63 534 69 544 h

225 1494 444 1578 Συρακόσιον
468 1492 625 1577 ίτιποχάρ-

268 1623 338 1682 μαν
361 1601 512 1682 βασιλῆα.
559 1598 689 1682 λάμ-κει
712 1597 752 1662 δέ
771 1605 826 1664 ίοι
848 1598 943 1676 κλέος

223 1705 259 1770 ἐν
282 1705 423 1790 εὐάνορι
447 1709 514 1770 Λυ-

269 1815 335 1877 δοῦ
360 1809 512 1887 Πέλοπος
535 1809 684 1898 ἀποικία·

152 1937 182 1986 25
224 1929 284 1984 τοῦ
309 1920 518 2003 μεγασθενὴς
542 1918 701 2004 ἐράσσατο
725 1943 797 2002 γαι-
815 1919 914 2005 άοχος

225 2027 413 2108 Ποσειδᾶν,
437 2024 508 2090 ἐπεί

267 2158 326 2198 νιν
351 2139 504 2218 καθαροῦ
528 2131 664 2216 λέβητος
687 2131 773 2211 ἔξελε
795 2136 929 2200 Κλωθὼ
1220 2154 1255 2201 40

224 2240 382 2325 ἐλέφαντι
405 2240 567 2324 φαίδιμον
591 2236 698 2324 ὦ-μον
721 2239 929 2333 κεκαδμένον.

223 2343 243 2430 ἦ
268 2347 428 2431 θαυματὰ
450 2348 556 2411 πολλὰ
579 2345 733 2412 καὶ-πού
756 2371 787 2412 τι
810 2347 866 2414 καὶ
889 2352 1020 2433 βροτῶν

222 2455 323 2539 φάτις
345 2450 429 2539 ὑπὲρ
453 2455 512 2519 τὸν
535 2453 660 2538 άλαεθῆ
684 2457 796 2537 λόγον·
1218 2472 1253 2519 45

147 2743 181 2790 19.
201 2735 264 2792 νόον
283 2735 342 2791 ὅτε
361 2737 388 2790 Α
417 2767 450 2776 -
479 2743 522 2792 23.
541 2733 709 2804 συραιιόαιον
733 2738 805 2792 Yet
823 2755 849 2794 v.
869 2737 887 2792 l.
907 2737 1007 2793 schol:
1036 2738 1228 2804 αυραιιουοίαν
1247 2739 1343 2807 ABG,

93 2807 238 2872 ιοριιιιοσίαν
254 2809 285 2863 D
309 2810 340 2862 et
361 2825 387 2860 v.
406 2807 425 2862 l.
446 2807 531 2862 schol.
557 2839 588 2848 --
616 2807 833 2879 lna01.lemma
851 2810 891 2864 B:
916 2809 1022 2879 ἱπτιοχ.
1042 2809 1165 2863 ABGD
1187 2841 1221 2849 -
1245 2816 1287 2865 24,
1312 2809 1343 2864 ἐν

93 2879 202 2937 raom.
218 2877 366 2948 01),τταρ’
383 2879 453 2949 Byr.
475 2911 506 2919 —
528 2877 662 2948 εὐάνορες
676 2879 791 2934 DA⁸O³
812 2913 843 2919 -
865 2877 976 2954 ἐτοιιίᾳ
996 2899 1020 2934 v.
1035 2879 1053 2934 l.
1069 2880 1155 2934 schol.
1176 2913 1210 2921 —
1230 2887 1272 2936 26,
1291 2901 1342 2935 πο-

93 2951 169 3002 ιειδᾶν
185 2951 255 3006 AD:
274 2951 417 3004 ιτοσειδῶν
435 2950 493 3004 Bo
509 2982 541 2990 -
562 2948 635 3016 έξελε
654 2950 774 3005 Mosch.:
794 2949 879 3016 ἐξεῖλε
897 2951 1020 3006 ΑΒΟΙ)
1043 2982 1076 2991 -
1101 2956 1143 3006 28.
1170 2970 1196 3005 τι
1215 2949 1275 3008 rai:
1294 2953 1343 3006 καλ

94 3019 183 3074 <omisso
199 3027 235 3090 τι)
253 3023 281 3076 Β
301 3054 336 3062 -
355 3027 397 3075 29.
417 3019 501 3090 φάτις
515 3021 649 3076 ABOD:
669 3019 775 3091 φρένας
789 3023 868 3094 Byr,
888 3021 975 3092 φάτιν
988 3021 1124 3088 Boeclrh.;
1139 3021 1199 3091 ipse
1214 3024 1342 3096 Mszgero

94 3089 146 3144 duce
160 3096 219 3161 post
235 3091 319 3163 λόγον
338 3091 500 3162 interpunxi
520 3123 549 3132 —
571 3094 665 3162 ἀληθῆ
685 3093 809 3148 ABOD
829 3125 863 3135 -

147 3275 182 3325 17.
199 3271 266 3325 ἀλλὰ
281 3315 287 3328 .
300 3313 324 3326 ..
340 3269 477 3343 λάμβανε·
498 3273 586 3324 semet
603 3270 696 3341 ipsum
714 3272 760 3326 vel
780 3272 905 3326 animum
923 3289 1004 3326 suum
1022 3275 1058 3342 (v.
1073 3275 1096 3340 ι)
1115 3271 1292 3341 cohortatur,
1311 3276 1343 3327 ut

96 3335 165 3404 lyram
181 3343 213 3396 de
231 3343 310 3396 clavo
331 3344 432 3411 sumat,
447 3341 575 3396 imitatus
590 3342 682 3397 locum
697 3342 839 3412 Odysseae
855 3363 903 3397 vm
917 3360 950 3399 cr.
982 3343 1140 3398 Boeclrhius
1154 3347 1184 3398 et
1197 3343 1342 3398 Dissenius

97 3415 247 3531 epulantur,
271 3431 336 3496 cum
360 3431 394 3468 ex
415 3413 467 3468 hoc
486 3413 548 3467 loco
567 3414 841 3539 concludantdantaa
864 3415 956 3497 tibiis,
975 3415 1081 3496 exhinc·
1094 3414 1173 3468 tibiis
1188 3418 1221 3496 'et
1239 3415 1342 3498 fidibus

95 3489 282 3610 {iltldffltl
296 3487 955 3638 tdlldtdlbtbsf‘ttttttr‘ltt
970 3486 1343 3632 tlllttbbltttl

95 3618 115 3674 Ρ.
129 3641 169 3676 rm
189 3642 224 3691 εις
252 3628 286 3682 de
314 3627 501 3682 reconditiora
524 3628 647 3696 quadam
670 3629 903 3699 interpretatione
928 3629 1049 3683 nominis
1075 3629 1170 3684 confer
1192 3629 1230 3683 ad
1255 3648 1278 3685 r.
1303 3647 1341 3686 roa

96 3721 118 3730 -
137 3701 170 3750 lt.
192 3698 218 3751 εί
231 3719 256 3753 τι
280 3739 332 3754 ...
357 3697 436 3772 νόον·
456 3719 483 3753 τι
502 3699 629 3754 adverbii
650 3698 709 3754 vice
728 3700 855 3770 fungitur
878 3705 911 3756 ut
933 3719 958 3756 ι’.
974 3717 1007 3756 aa.
1024 3717 1073 3756 tt..
1094 3699 1129 3755 N.
1148 3720 1177 3753 vr
1195 3716 1215 3755 ο.
1253 3701 1340 3755 Thuc.

47 3775 155 3846 jussy
170 3773 285 3824 montem
309 3773 404 3824 autem
428 3787 508 3824 suam
531 3771 613 3839 qussi
636 3771 781 3825 fecundari
805 3775 834 3826 et
855 3771 966 3843 impleri
991 3771 1062 3826 dicit
1085 3771 1255 3825 dulcissimis
1279 3789 1340 3826 sen·

47 3851 56 3912 y
82 3838 169 3890 lautus
182 3871 210 3880 -
226 3839 389 3912 Φερενίκου·
408 3857 508 3896 nomen
524 3859 595 3910 equo
610 3841 740 3897 Hieronis
755 3860 773 3897 a
786 3843 903 3898 ferenda
916 3843 1044 3910 victoria,
1063 3845 1096 3897 ut
1110 3842 1264 3897 Homericis
1284 3844 1340 3898 ἀθ-

47 3919 57 3991 ρ
91 3905 197 3974 1λιφίροις
218 3911 312 3977 ἵπποις
334 3917 368 3983 (Λ
392 3915 454 3982 ses),
482 3912 604 3968 inditum
627 3917 681 3982 est;
710 3914 785 3969 idem
808 3932 909 3969 nomen
933 3914 1054 3968 occurrit
1080 3915 1111 3970 P.
1133 3933 1166 3966 111
1189 3931 1215 3968 ιι
1238 3919 1267 3968 et
1294 3931 1339 3984 ap.

47 4004 60 4053 ,ρ
83 3956 197 4048 lBacchyl.
222 3983 253 4038 fr.
277 4003 289 4040 ε
321 4017 354 4026 -
387 3991 429 4039 23.
459 3982 651 4053 Συρακόσιον·
680 3985 802 4056 genuina
830 3989 859 4040 et
886 3985 1030 4056 lapidibus
1058 3985 1222 4040 confirmata
1250 3985 1340 4040 forma

89 4051 198 4120 romnis,
215 4072 262 4124 pro
281 4073 337 4125 qua
356 4073 373 4110 a
389 4055 491 4110 Ionicis
510 4059 539 4110 et
557 4057 659 4111 Atticis
679 4057 862 4127 scriptoribus
877 4058 1070 4126 Συρακούσιος
1083 4056 1338 4111 circumferebatur.

47 4137 50 4188 ι
89 4126 119 4157 ²·-
134 4126 167 4175 tl.
184 4125 303 4191 Πέλοπος
322 4125 451 4202 ἀποικίφ
472 4127 628 4197 Olympiae,
647 4145 732 4196 quam
746 4127 776 4182 in
790 4130 890 4184 urbem
902 4129 1003 4199 Pelope
1018 4145 1074 4182 non
1088 4128 1179 4182 solum
1193 4130 1339 4209 tamquam

47 4208 53 4259 j
120 4190 170 4246 cola
185 4195 327 4268 (έκοικίαν)
346 4199 432 4267 venit,
451 4199 501 4254 sed
515 4197 594 4253 cuius
609 4200 692 4268 quasi
708 4200 781 4254 alter
794 4200 923 4256 conditor
936 4199 1054 4255 exstitit.
1075 4230 1106 4238 —-
1127 4203 1166 4252 25·
1176 4215 1211 4254 ss.
1234 4215 1339 4253 sensim

136 4264 325 4325 lannomine
353 4269 465 4342 Pelopis
492 4270 633 4340 proiectus
662 4272 699 4324 ad
725 4271 816 4341 princi
837 4271 912 4326 alem
938 4275 1049 4342 purtem
1075 4269 1207 4350 carminis
1235 4271 1340 4324 transit

47 4425 48 4430 ψ
111 4339 393 4468 cimbro
412 4343 447 4396 ³³
462 4342 715 4468 torsisti
728 4291 996 4470 fintene
1017 4340 1338 4467 cratiaco

47 4469 80 4546 ¹sui
134 4493 170 4528 ον·
191 4479 314 4553 Pelopem
332 4430 570 4538 iamyrilalicenteb
590 4485 673 4540 ebore
692 4431 827 4540 effossos
846 4487 975 4540 humeros
994 4488 1124 4538 omatum
1143 4483 1160 4538 i.
1176 4501 1199 4538 c.
1213 4484 1338 4538 humeris

47 4576 79 4617 su
122 4550 187 4602 lmei
198 4553 293 4608 coloris
306 4555 447 4628 insignem
461 4555 548 4610 fuisse
563 4555 640 4624 dicit,
656 4559 687 4610 ut
702 4557 799 4611 statim
812 4558 848 4611 ab
860 4556 942 4612 initio
956 4556 1059 4611 falsam
1073 4555 1179 4608 famam
1192 4555 1338 4610 hominum

47 4636 78 4686 y„-
146 4625 193 4675 uat.
219 4625 265 4678 lsti
282 4627 365 4696 enim,
384 4644 454 4696 quos
473 4627 681 4697 Bacchylidem,
701 4629 842 4682 aemulum
860 4628 984 4697 Pindari,
1004 4629 1130 4682 secutum
1149 4643 1210 4680 esse
1229 4627 1338 4681 scholia

59 4703 77 4765 '5
113 4687 198 4766 dunt,
221 4696 385 4752 Mercurium
403 4699 449 4753 vel
467 4699 587 4766 Rheam‚
611 4717 674 4753 cum
692 4700 874 4755 restituerent
891 4700 1025 4770 Pelopem
1043 4715 1160 4768 puerum
1178 4701 1289 4752 coctum
1309 4702 1337 4753 et

56 4803 77 4814 Α
132 4765 232 4830 sectum.
253 4769 397 4824 humerum
417 4788 434 4824 a
453 4769 549 4824 Cerere
573 4770 629 4824 iam
649 4771 814 4825 devoratum
833 4772 916 4827 ebore
940 4770 1114 4842 supplevisse
1133 4769 1337 4824 fabulabantur

120 4837 171 4887 26.
188 4842 321 4909 καθαροῦ·
340 4841 441 4909 nitido,
460 4858 516 4896 non
535 4843 646 4897 sceleris
662 4860 730 4912 puro
750 4876 783 4884 —
