3417 5434
340 272 413 326 Lxx
839 271 1117 326 PROLEGOMENA.

340 435 484 502 studium
516 436 614 501 etiam
647 439 763 520 postea
795 439 982 521 grassatum
1013 434 1072 519 sit,
1110 455 1175 500 uno
1212 432 1361 518 exemplo
1394 434 1627 516 demonstrem,

340 542 456 608 Patavi
480 543 574 608 ludos
598 543 742 608 scenicos
767 565 786 608 a
808 541 949 607 Troiano
969 540 1135 606 Antenore
1158 539 1329 606 institutos
1348 563 1418 606 esse
1438 540 1628 628 ferebant¹jl

690 720 744 785 De
773 721 1028 786 certaminum
1056 719 1274 806 generibus.

435 844 623 912 Certamina
641 845 791 911 ludorum
811 845 984 911 admodum
1003 845 1094 910 varia
1112 849 1205 910 erant
1222 866 1326 929 neque
1345 845 1459 911 eadem
1477 846 1634 911 omnibus

341 954 544 1040 temporibus
563 957 621 1018 aut
639 953 720 1018 locis
739 954 980 1019 exercebantur.
1016 951 1126 1038 Atque
1144 951 1286 1038 primum
1304 952 1448 1018 breviter
1465 975 1631 1038 exponere
1689 1028 1690 1033 η

341 1061 440 1146 iuvat,
460 1083 541 1146 quae
559 1060 737 1126 certamina
752 1059 906 1146 mythicis
923 1060 1125 1146 temporibus
1141 1059 1177 1125 in
1190 1082 1252 1124 usu
1265 1059 1396 1125 fuerint.
1428 1058 1632 1126 InPatrocli
1689 1062 1690 1077 ¹

341 1169 445 1255 igitur
476 1168 588 1232 funere
622 1165 674 1254 (ΙΙ.
693 1185 780 1232 xxm
800 1165 1000 1254 257-897)
1033 1166 1129 1232 duces
1156 1166 1236 1231 belli
1258 1165 1391 1231 Troiani
1419 1169 1631 1253 equestribus

342 1275 444 1362 bigis,
464 1274 629 1361 pugilatu,
652 1275 752 1358 lucta,
775 1297 885 1360 cursu,
907 1295 1019 1361 pugna
1041 1279 1176 1360 armata,
1199 1273 1299 1358 disco,
1320 1274 1519 1361 sagittando,
1541 1275 1635 1342 iacn-

344 1383 441 1448 lando
460 1381 546 1448 iuter
565 1405 598 1447 se
618 1382 797 1447 certabant.
834 1380 943 1467 Atque
962 1382 1048 1468 bigis
1071 1381 1121 1446 illi
1140 1382 1318 1466 certabant,
1341 1383 1418 1468 quia
1436 1381 1535 1448 duces
1554 1383 1638 1448 belli

347 1489 513 1576 quadrigis
536 1489 601 1554 nisi
623 1489 832 1573 interpolatis
855 1488 1002 1554 versibus
1025 1488 1137 1554 Iliadis
1145 1485 1172 1576 ⁹)
1200 1489 1251 1554 usi
1278 1511 1349 1554 esse
1376 1511 1444 1554 non
1466 1490 1640 1576 feruntur,

348 1601 474 1662 armata
492 1618 568 1661 vero
586 1618 697 1682 pugna
716 1593 931 1683 (ὁπλομαχία)
953 1595 1020 1660 iam
1038 1594 1182 1661 Homero
1200 1597 1242 1662 ob
1265 1596 1410 1682 pericula
1428 1597 1526 1682 ritae,
1549 1621 1639 1683 quae

343 1704 380 1769 in
402 1703 537 1788 proeliis
556 1707 669 1771 contra
687 1702 809 1789 hostes,
831 1725 899 1768 non
921 1707 1030 1768 autem
1052 1702 1088 1767 in
1111 1703 1235 1769 ludicro
1259 1704 1435 1770 certamine
1458 1705 1552 1770 obire
1576 1705 1639 1770 ho-

345 1811 448 1876 mines
466 1810 568 1875 fortes
588 1811 724 1895 deceret,
743 1810 849 1876 minus
869 1810 1020 1896 placebat
1035 1815 1069 1874 et
1086 1831 1163 1876 mox
1180 1833 1314 1896 prorsus
1331 1812 1367 1876 in
1386 1813 1641 1878 desuetudinem

345 1917 436 1984 abiit.
472 1917 584 1983 Etiam
608 1938 685 1982 arcu
709 1917 904 2004 sagittisque
927 1921 1050 1982 certare
1071 1916 1186 1982 Graeci
1209 1917 1275 1984 iam
1294 1917 1457 2003 Odysseae
1478 1921 1642 2007 tempori·
1689 1940 1690 1947 ¹

344 2026 406 2090 bus
440 2023 574 2088 desiisse
602 2023 766 2111 videntum
803 2029 889 2089 certe
916 2021 1093 2109 Phaeaces,
1128 2024 1276 2109 quamvis
1304 2023 1417 2090 Ulixes
1452 2027 1642 2114 sagittandi

344 2131 580 2218 peritissimum
599 2152 633 2196 se
652 2131 799 2216 iactaret,
818 2154 896 2197 arcu
914 2135 1037 2197 certare
1055 2131 1239 2218 noluerunt,
1262 2133 1349 2217 quod
1366 2134 1477 2200 nescio
1497 2159 1540 2201 an
1557 2136 1641 2201 inde

345 2238 470 2304 factum
489 2238 543 2324 sit,
561 2239 649 2322 quod
667 2243 743 2323 post
761 2238 928 2305 heroicum
948 2261 1063 2304 aevum
1080 2261 1157 2304 arcu
1180 2261 1325 2326 pugnare
1344 2240 1451 2327 magis
1468 2241 1642 2308 'lhracum

348 2351 381 2412 et
404 2346 618 2412 barbarorum
642 2367 739 2431 quam
764 2345 962 2411 Graecorum
985 2367 1055 2410 esse
1078 2346 1265 2431 putabatur.

435 2451 632 2537 Amaryneei
655 2453 690 2518 in
713 2452 825 2518 funere
847 2451 970 2517 Nestor
992 2473 1027 2516 se
1050 2452 1167 2517 vicisse
1191 2453 1352 2540 gloriatur
1373 2455 1525 2542 pugilatu
1546 2458 1645 2524 lucta

347 2584 444 2627 cursu
463 2561 566 2646 hasta,
592 2561 662 2625 solo
682 2560 786 2626 curuli
806 2559 982 2626 certamine
1002 2581 1037 2624 se
1055 2559 1178 2627 victum
1197 2561 1238 2625 ab
1257 2560 1492 2628 Actorionibus
1511 2564 1644 2630 fatetur

348 2665 699 2756 (llxrr111630-45).
741 2666 904 2734 Phaeaces
928 2688 1005 2732 vero
1029 2690 1126 2733 eursu
1148 2667 1238 2733 lucta
1260 2668 1347 2733 saltu
1370 2669 1459 2734 disco
1482 2671 1643 2758 pugilatu

348 2781 566 2859 certarenmt,
594 2775 712 2860 quibus
742 2774 884 2859 quinque
912 2775 1143 2840 certaminibus
1173 2797 1240 2839 non
1267 2780 1337 2840 tam
1366 2777 1512 2842 certandi
1536 2801 1644 2863 quam

348 2881 534 2948 ostentandi
549 2881 655 2968 gratia
673 2881 860 2946 saltatorios
874 2887 983 2946 motus
997 2880 1191 2946 addiderunt
1206 2879 1277 2968 (οἀ.
1287 2901 1349 2946 vlu
1361 2881 1498 2970 lOOss.).
1530 2885 1644 2952 Porro

349 2989 481 3074 Cypseli
504 2987 539 3052 in
562 2988 645 3053 cista
663 2987 842 3054 Pausanias
859 3006 883 3051 v
900 2991 939 3054 17
963 2988 1116 3052 ludorum
1135 2987 1323 3054 funebrium
1346 2989 1525 3056 certamina
1549 2993 1645 3079 bigis

348 3096 500 3184 pugilatu
522 3095 611 3162 lucta
630 3096 719 3161 disco
739 3117 835 3161 cursu
853 3095 942 3160 facta
960 3094 1055 3181 vidit,
1077 3095 1164 3162 idem
1183 3101 1292 3160 autem
1312 3095 1399 3180 quod
1413 3096 1539 3164 Iolcum
1562 3123 1646 3185 qua-

349 3204 451 3291 drigis
475 3204 660 3270 adstantem
683 3224 780 3268 curru
803 3202 920 3268 vicisse
944 3202 1096 3288 opinatus
1120 3207 1180 3289 est,
1203 3202 1283 3267 false
1306 3203 1541 3289 interpretatus
1565 3229 1645 3274 esse

348 3311 484 3376 videtur.
538 3309 651 3394 Neque
683 3310 770 3374 enim
806 3310 861 3375 alii
895 3310 1125 3395 quadrigarum
1157 3315 1314 3393 rectores,
1350 3311 1545 3396 quibuscum
1579 3314 1643 3380 ille

349 3422 496 3501 certaret,
520 3417 655 3482 aderant
672 3438 777 3500 neque
796 3417 889 3481 iuxta
906 3416 985 3502 biga
1004 3420 1168 3481 certamen
1187 3416 1354 3506 quadrigis
1373 3418 1518 3484 certandi
1540 3419 1642 3487 loeus

351 3530 435 3610 erat3
463 3523 600 3606 denique
625 3527 750 3588 armato
775 3546 885 3608 cursu,
907 3545 973 3589 non
996 3522 1163 3608 quadrigis
1184 3523 1310 3587 Iolaum
1333 3524 1368 3588 in
1391 3523 1499 3591 Peliae
1523 3527 1645 3594 fimere

350 3631 466 3697 vicisse
491 3629 667 3696 scholiasta
689 3628 780 3694 Pind.
800 3628 920 3694 1.130
943 3629 1052 3694 tradit.

441 3737 491 3803 Ne
506 3736 631 3802 musica
646 3736 776 3820 quidem
795 3736 974 3801 certamina
988 3736 1029 3800 ab
1044 3735 1184 3802 heroicis
1198 3738 1402 3822 temporibus
1416 3740 1522 3805 aliena
1534 3741 1645 3823 fuisse

354 3845 516 3912 Hesiodus
537 3866 610 3928 opp.
625 3845 689 3908 657
710 3846 859 3927 testatur,
883 3842 938 3926 qui
951 3827 1079 3927 hymno
1101 3843 1263 3928 tripodem
1281 3844 1427 3920 inludis
1435 3847 1462 3902 ἕ
1483 3829 1613 3894 deviem
1689 3822 1690 3863 l

352 3951 637 4038 Amphidamantis
662 3974 695 4016 se
720 3955 935 4017 consecutum
1064 3998 1096 4036 ,a
1688 4030 1691 4051 λ

351 4061 387 4126 Ο.
402 4078 427 4124 x
441 4060 572 4126 64—73
592 4057 735 4124 deludis
755 4059 795 4122 ab
815 4057 934 4123 Hercu'
978 4080 1051 4143 pos:
1072 4041 1233 4121 [remotum
1254 4082 1403 4142 augeam
1431 4073 1529 4124 asmo
1547 4079 1642 4127 ructa

351 4168 502 4255 pugilatu
533 4165 699 4253 quadrigis
728 4165 835 4231 iaculo
866 4162 1147 4248 discqxinstitutis
1177 4163 1292 4248 refert,
1325 4185 1522 4249 quamquam
1551 4167 1641 4233 inter

351 4276 540 4342 testimonia
558 4279 668 4340 vetera
686 4274 892 4340 heroicorum
910 4277 1095 4356 temporum
1114 4269 1282 4334 referenda
1305 4292 1377 4335 esse
1398 4276 1432 4337 et
1454 4273 1523 4359 ipse
1541 4297 1643 4364 nego,

353 4395 565 4403 ——..----.,

443 4453 469 4520 1)
488 4470 512 4506 r.
529 4451 618 4505 Tacit.
634 4451 728 4506 annal.
744 4469 790 4504 rvr
804 4455 846 4504 21,

442 4525 468 4591 2)
486 4521 518 4577 Il.
533 4541 581 4576 vm
598 4528 648 4576 185
663 4521 717 4577 del.
733 4519 921 4589 Aristarchus,
940 4524 1034 4572 x1699
1053 4517 1184 4588 τέσσαρες
1198 4515 1359 4588 ἀθλοφόροι
1377 4517 1407 4572 in
1423 4519 1640 4579 narratiuncula

352 4593 466 4649 recenti.
508 4594 540 4646 In
564 4593 672 4664 Cypriis
699 4597 793 4648 autem
816 4593 915 4646 heroes
938 4589 1084 4672 quadrigis
1106 4592 1240 4645 vehentes
1264 4590 1346 4645 fictos
1370 4607 1443 4659 esse,
1469 4591 1536 4648 inde
1561 4595 1639 4650 effici

352 4666 476 4735 videtur,
501 4665 576 4732 quod
596 4663 956 4730 Philostr.Hcr0ic.159,4
980 4662 1085 4730 Mysros
1105 4664 1202 4717 contra
1222 4661 1336 4716 Aiacem
1355 4661 1391 4717 dc
1414 4663 1561 4734 quadrigis
1585 4685 1638 4737 pu-

351 4753 453 4808 gnasse
471 4737 576 4792 narrat.
