3417 5434
354 315 397 379 90
823 318 973 371 risuum
991 319 1159 371 nmmum.

351 484 506 545 faciendae
530 486 619 562 qnasi
640 486 838 565 praeluderet,
862 485 984 563 perinde
1008 488 1100 563 atque
1121 486 1267 546 Horatius
1285 504 1403 546 carmen
1421 506 1453 545 ιν
1472 498 1488 545 ο
1505 490 1622 547 carmini

355 575 503 634 saeculari
524 576 700 651 praeludere
723 575 829 636 voluit.
876 574 962 646 Quod
985 578 1087 635 autem
1109 575 1324 655 Agesidamum
1346 578 1437 652 poeta
1458 590 1536 637 v.11
1557 578 1620 637 allo-

354 665 471 743 quitur,
500 665 557 725 hoc
583 664 680 741 lepide
711 664 895 725 Schmidtius
918 666 962 724 ita
985 666 1209 743 interpretetur,
1233 668 1269 724 ut
1290 666 1347 725 hcc
1370 684 1488 725 carmen
1509 670 1619 743 poetam

353 759 508 831 tamquam
528 754 695 832 epistolam,
715 774 775 831 qua
794 772 880 813 suam
903 774 1024 831 operam
1046 756 1244 831 promitteret,
1263 755 1370 815 victori
1394 756 1508 815 misisse
1531 756 1619 818 ducat.

444 844 568 903 Summa
599 844 739 903 carminis
771 848 832 923 est,
865 844 972 905 victori
1004 845 1134 905 carmine
1166 847 1323 921 tamquam
1354 845 1479 923 pignore
1510 846 1619 905 futurae

356 934 469 1011 gloriae
497 953 573 1010 opus
601 953 677 1013 csse,
705 953 796 1011 seque
826 937 969 1011 paratum
997 953 1072 1013 esse,
1103 938 1138 994 ut
1164 935 1259 994 Musis
1287 934 1501 995 adiuvantibus
1527 936 1619 1015 Agesi-

352 1024 440 1084 damc
463 1023 626 1100 epinicium
648 1027 770 1103 pangat.

898 1160 943 1227 De
964 1161 1086 1231 metris.

443 1292 591 1352 Carminis
621 1293 711 1351 huius
742 1293 899 1354 mediocris
929 1294 1046 1353 numeri
1076 1312 1196 1371 quoque
1227 1296 1298 1353 sunt
1327 1294 1469 1373 vulgares
1500 1293 1618 1370 dactylo-

356 1382 507 1460 epitritici.
550 1382 697 1458 Strophae
720 1402 824 1443 versus
847 1383 973 1461 quintus
996 1387 1026 1443 et
1050 1386 1159 1462 sextus,
1183 1383 1270 1460 epcdi
1293 1384 1410 1459 primus
1433 1386 1465 1443 et
1487 1385 1618 1443 secundus

353 1493 426 1535 num
444 1473 476 1531 in
494 1472 630 1551 singulas
646 1472 784 1548 periodos
807 1472 1009 1552 coniungendi
1032 1474 1100 1552 sint,
1124 1473 1155 1532 in
1179 1476 1243 1532 tam
1265 1472 1348 1533 brevi
1372 1472 1502 1533 carmine
1524 1474 1617 1532 diiudi-

354 1564 417 1622 cari
443 1561 557 1638 nequit.
604 1561 691 1633 Quod
718 1564 821 1622 autem
848 1562 1005 1638 dactylicis
1032 1562 1105 1623 colis
1134 1562 1223 1623 solito
1246 1562 1502 1639 frequentioribus
1524 1564 1554 1621 in
1574 1564 1618 1623 hoc

354 1653 485 1713 carmine
507 1655 598 1729 poeta
620 1669 694 1710 usus
717 1654 770 1730 est,
793 1655 889 1712 utne
913 1652 944 1711 in
966 1652 1025 1712 fine
1050 1652 1170 1729 quidem
1194 1652 1384 1729 stropharum
1405 1652 1443 1711 iis
1463 1652 1617 1730 abstineret,

356 1743 413 1802 hoc
436 1762 472 1801 ex
494 1741 620 1802 iuvenili
643 1743 742 1800 aetate
767 1746 798 1801 et
819 1741 943 1802 victoris
967 1746 998 1803 et
1019 1745 1126 1820 poetae
1150 1742 1358 1818 explicandum
1378 1760 1441 1802 esse
1460 1744 1541 1818 puto.
1574 1742 1617 1801 Ce-

355 1836 456 1891 terum
479 1831 504 1889 si
528 1831 596 1908 quis
618 1831 650 1890 in
672 1850 783 1906 pompa
801 1831 857 1891 hoc
875 1850 994 1892 carmen
1014 1832 1175 1891 recitatum
1194 1850 1257 1893 esse
1276 1834 1410 1891 statuere
1429 1832 1523 1910 malit,
1544 1832 1617 1891 facile

355 1921 493 1980 inanium
516 1923 684 1997 temporum
706 1921 868 1981 intervalla
891 1921 1011 1981 definire
1034 1922 1154 1998 poterit.

441 2111 559 2178 Ἔστιν
583 2111 776 2197 ἀνθρώποις
799 2112 930 2197 άνὲμων
954 2114 1007 2179 ὅτε
1029 2116 1165 2178 πλείστα
1466 2116 1543 2196 Στρ.

444 2229 576 2306 χρῆσις,
600 2221 690 2284 ἔστιν
713 2217 745 2284 d'
771 2220 940 2303 οὐρανίων
963 2220 1111 2304 ὑδάτων,

443 2328 593 2413 ὀμβρίων
614 2328 746 2392 παίδων
768 2326 918 2412 νεφέλας.

443 2438 474 2500 εί
496 2431 532 2499 δὲ
555 2437 619 2500 σὺν
641 2438 733 2523 πόνφ
757 2459 808 2511 τις
830 2431 868 2501 εὖ
891 2434 1036 2522 πράσσῃ,
1059 2436 1255 2521 μελιγάρυες
1277 2436 1377 2519 ὕμνοι

391 2561 406 2607 5
443 2541 593 2627 ὑστέρων
616 2541 700 2625 άρχά
723 2544 833 2625 λόγων

443 2649 589 2716 τέλλεται
612 2648 668 2715 καλ
690 2650 809 2714 πιστὸν
832 2650 948 2737 ὅρκιον
970 2650 1127 2736 μεγάλαις
1150 2650 1289 2737 ἀρεταῖς.

444 2848 638 2931 ἀφθόνητος
660 2844 692 2910 d'
718 2840 812 2923 αἶνος
832 2845 1097 2932 Ὀλυμπιονίκαις

445 2951 542 3031 οὗτος
566 2957 721 3037 ἄγκειται.
767 2955 807 3018 τά
829 2951 890 3038 μὲν
913 2954 1053 3039 άμετέρα

446 3068 579 3146 γλῶσσα
600 3064 790 3147 ποιμαίνειν
813 3060 933 3127 ἐθέλει·

376 3188 408 3234 10
446 3168 481 3233 ἐκ
504 3175 589 3233 θεοῦ
612 3166 645 3234 d’
670 3167 754 3256 ἀνὴρ
778 3180 900 3254 σοφαῖς
922 3168 1265 3255 determinatorem
1288 3170 1422 3255 ὁμοίως·
1575 3186 1601 3233 10

428 3382 510 3418 vam
528 3381 632 3417 nncrro.
653 3362 745 3454 εΙιιεοε.
773 3366 810 3435 τῷ
830 3363 905 3435 αὐτῷ
924 3359 1005 3426 τόκος
1021 3362 1114 3418 ABD
1137 3396 1165 3403 -
1186 3371 1210 3419 3.
1230 3366 1296 3447 post
1314 3360 1499 3446 ὀμβρίωντιι]
1519 3362 1612 3486 οἰιμειὶ.
1664 3372 1665 3449 ρ

355 3436 885 3632 tttt‘llttta{git-'’ttttttt
901 3434 1481 3597 ttttltlttlttttffitltsstttt
1494 3435 1612 3584 ninii}
1664 3470 1665 3545 ι

889 3576 895 3597 ί

355 3578 476 3648 πράσσοι
494 3580 554 3633 AB
594 3622 601 3647 ,
626 3577 760 3647 πράσσων
779 3578 812 3644 G,
838 3595 957 3643 πρασσει
979 3578 1077 3647 Hayna
1104 3610 1136 3619 —
1162 3577 1311 3650 μελίγοιρυς
1334 3596 1438 3633 omlsso
1464 3598 1542 3647 νμνοι
1557 3593 1612 3631 conl.
1664 3624 1665 3633 .

355 3649 545 3707 Wilamowita
563 3650 582 3704 l.
597 3649 625 3717 l.‚
643 3646 792 3720 μελίγαρυς
810 3648 896 3717 ἀοιδή
914 3650 985 3704 coni.
1002 3649 1128 3720 Schmid;
1152 3650 1217 3706 vide
1241 3651 1351 3706 antisti.
1372 3683 1406 3693 -
1426 3656 1451 3705 ὅ.
1470 3650 1539 3719 ἀρχά
1554 3650 1575 3703 Α
1591 3650 1613 3699 et

357 3722 459 3778 schol:
478 3722 564 3792 άργαλ
581 3722 706 3777 ΒΟΒΕ
723 3753 759 3760 -
778 3728 802 3775 8.
822 3720 950 3791 ἄγκειται
964 3722 1047 3793 Βφσ.ι
1068 3721 1189 3792 ἔγκειται
1208 3723 1377 3790 ΑΒΟΒΕς
1397 3722 1432 3777 cf.
1448 3722 1480 3777 0.
1495 3736 1571 3775 xmus
1587 3750 1611 3757 -
1664 3756 1665 3795 g

356 3802 380 3849 9.
400 3791 575 3863 ποιμαίνεινι
594 3790 759 3862 πορσαίνειν
778 3792 849 3848 coni.
869 3792 978 3847 Hecker
999 3825 1029 3833 -
1051 3798 1092 3849 10.
1112 3792 1213 3863 ὁμοίως
1232 3812 1266 3849 ex
1285 3794 1400 3849 scholiis
1419 3796 1485 3849 rest.
1503 3789 1612 3847 Leutsch:
1664 3808 1665 3843 ι

357 3867 430 3938 ὅμως
448 3861 488 3921 ὧν
508 3865 605 3934 0N0,
629 3882 682 3920 cm.
703 3865 843 3931 ABDE,
868 3864 944 3919 ἐσαεὶ
963 3866 1029 3919 ante
1047 3868 1235 3935 πραπίδεσσιν
1254 3866 1319 3921 add.
1334 3866 1441 3921 Moech.
1456 3864 1548 3932 Trici,
1562 3862 1613 3933 post
1664 3888 1665 3949 ρ

356 3936 545 4009 πραπίδεσσιν
559 3936 624 3992 add.
636 3936 723 3991 ἐσαιεὶ
736 3936 861 4008 Bergk¹3
876 3936 975 3993 schol:
990 3937 1064 3991 κατὰ
1078 3936 1109 3993 δὲ
1124 3938 1257 4011 βούλησιν
1272 3935 1407 4008 δαίμονος
1421 3936 1486 4001 ἴσως
1500 3938 1542 3991 aul
1554 3936 1612 4005 αὐτῷ

428 4098 617 4136 commum.
654 4097 680 4134 v.
700 4084 777 4133 1-5.
797 4079 832 4134 cf.
846 4078 882 4132 N.
897 4097 929 4132 111
943 4096 968 4147 e;
997 4079 1088 4135 forma
1111 4080 1279 4137 elocutionis
1303 4080 1442 4153 prooemii
1468 4078 1559 4135 similis
1580 4078 1612 4157 ert

356 4156 443 4223 atque
461 4152 615 4223 fragmenti
633 4168 672 4207 raa
691 4184 724 4191 -
744 4157 769 4206 6.
787 4150 922 4206 τέλλεται·
943 4150 1086 4207 schemate
1104 4153 1254 4209 Pindarico
1274 4153 1447 4224 singularem
1464 4170 1515 4223 pro
1531 4148 1612 4223 plural

356 4228 523 4297 usurpatum
537 4224 636 4278 dicunt
649 4227 684 4294 (r.
700 4223 737 4277 ad
752 4222 783 4278 0.
798 4242 848 4277 vm
862 4226 893 4292 s),
909 4223 959 4277 sed
972 4223 1026 4277 hoc
1044 4224 1107 4279 loco
1126 4223 1278 4297 singularis
1296 4225 1385 4294 verbi,
1405 4242 1469 4279 cum
1487 4224 1522 4279 ad
1538 4222 1611 4291 singu·

357 4296 448 4352 larem
465 4296 625 4368 praedicati
643 4293 717 4366 άρχά
734 4294 833 4349 referri
851 4294 954 4365 possit,
978 4294 1093 4350 facilem
1111 4298 1321 4353 excusationem
1339 4295 1468 4351 admittit
1487 4328 1518 4337 -
1534 4293 1612 4349 πιστὸν

358 4367 455 4438 ὅρκιον
473 4367 570 4439 hymni
588 4367 735 4437 hocloco,
758 4369 790 4420 ut
812 4367 906 4421 πιστοὶ
929 4376 1066 4437 χορευτᾶν
1089 4367 1226 4439 μάρτυρες
1244 4369 1333 4424 tibiae
1353 4369 1383 4423 P.
1397 4388 1438 4422 κει
1455 4384 1481 4423 ει
1500 4366 1612 4431 ἀίοοολοτ,

358 4441 434 4510 qnod
452 4443 598 4509 tamquam
615 4439 703 4493 iurati
720 4441 808 4493 testes
826 4454 946 4510 magnas
965 4438 1084 4493 virtutes
1103 4440 1242 4495 victorum
1259 4440 1427 4513 praedicant
1447 4472 1479 4481 —
1500 4445 1522 4494 ἵ.
1538 4433 1611 4507 ἀφθί-

358 4533 441 4582 νητος
458 4513 512 4567 hoo
530 4510 592 4565 loco
611 4511 687 4565 idem
705 4510 784 4565 valet
805 4511 881 4579 quod
906 4509 1050 4581 ἄφθονος,
1075 4511 1200 4568 invidiae
1223 4530 1335 4585 expers,
1361 4513 1471 4583 largum
1497 4508 1612 4565 difficilior

359 4588 402 4639 est
421 4601 506 4638 causa
526 4582 740 4653 significationis
759 4581 842 4636 huius
858 4581 991 4637 vocabuli
1006 4582 1037 4637 Ο.
1051 4602 1102 4637 xm
1116 4600 1149 4650 as,
1165 4602 1221 4653 qua
1237 4585 1271 4640 de
1285 4602 1315 4639 re
1330 4601 1381 4639 suo
1395 4584 1458 4639 loco
1473 4584 1611 4637 disseremus

362 4689 392 4696 -
415 4661 438 4710 8.
459 4656 587 4726 ἄγκειται
605 4654 735 4709 laudatio
758 4656 906 4723 tamquam
929 4670 1041 4707 sacrum
1064 4655 1212 4710 donarium
1230 4660 1274 4711 eet
1292 4656 1392 4711 virtuti
1410 4655 1522 4710 victoris
1538 4666 1611 4707 conre-

359 4731 469 4781 cratum
488 4760 521 4767 -
540 4726 575 4780 τὰ
594 4724 656 4797 μέν·
676 4729 808 4780 neutrum
826 4726 864 4779 ad
882 4724 1071 4779 masculinum
1089 4722 1172 4783 αλνον
1190 4728 1303 4799 poetica
1316 4726 1434 4782 licentia
1448 4726 1556 4783 relatum
1569 4725 1611 4788 est;

358 4800 393 4855 cf.
408 4799 441 4855 P.
456 4818 485 4853 vr
504 4816 528 4855 ar
549 4830 585 4839 -
607 4803 649 4854 10.
674 4798 704 4852 in
725 4798 798 4852 libro
824 4797 978 4867 archetypo
1003 4798 1142 4869 scriptura
1168 4800 1198 4855 in
1222 4801 1277 4855 fine
1302 4816 1400 4856 versus
1425 4799 1468 4854 ita
1493 4794 1610 4853 delimare
