3417 5434
641 393 764 442 Neues
783 392 817 441 11.

140 553 229 629 Διὸς
252 551 364 633 ἀγῶνι.
401 555 468 636 τόν,
493 548 518 616 ὦ
542 557 632 616 πολῖ-

187 683 257 741 ται,
281 658 448 742 κωμάξατε
477 660 615 742 Τιμοδή-

187 790 254 850 μου
278 768 342 830 σὺν
365 765 476 830 εὐκλέϊ
496 768 616 852 νόστςο·

85 891 119 936 ‘25
140 872 304 957 ἁδυμελεῖ
325 870 356 937 d'
382 870 529 955 ἐξάρχετε
552 882 658 958 φωνᾷ.
1337 891 1370 938 40

157 1070 204 1120 24.
228 1066 361 1135 ἀροθμοῦ.
391 1069 459 1128 Διός
481 1066 569 1135 ἀγῶνι
591 1063 652 1120 τόδ’
678 1065 748 1132 (scil.
767 1066 799 1119 τὸ
823 1064 970 1135 ἐγκώμιον)
994 1066 1064 1121 coni.
1091 1066 1184 1137 Bergk
1208 1099 1241 1106 -
1267 1065 1370 1122 seire:

86 1137 199 1190 εὐκλεεῖ
216 1137 279 1191 ΒΙ)
297 1168 330 1177 -
352 1136 515 1207 Τιμοδήμου
534 1136 785 1207 Τήο1.,ττμοδήμω
804 1137 875 1192 BD.

86 1297 152 1333 cum
172 1279 262 1334 sacris
277 1279 416 1350 Olympiis
430 1280 476 1333 rel
490 1279 595 1333 Diasiis
608 1279 828 1335 Atheniensibus
846 1280 906 1334 ludi
926 1280 1068 1334 coniuncti
1086 1279 1198 1348 fuerint,
1219 1281 1371 1336 admodum

85 1351 209 1405 dubium
234 1354 290 1419 est,
313 1367 405 1421 neque
429 1350 617 1434 intellegitur¹
641 1369 690 1405 cur
708 1351 888 1405 Timodemus
912 1351 1094 1406 celeberrima
1112 1352 1266 1406 certamina
1285 1353 1369 1407 Athe·

89 1423 205 1477 niensia
224 1422 436 1478 Panathenaico
453 1440 510 1476 non
529 1423 643 1492 obierit,
667 1422 770 1478 obierit
790 1422 901 1477 minora
919 1422 1017 1478 Diasia
1035 1424 1081 1478 vel
1100 1423 1232 1494 Olympia
1255 1457 1290 1464 —
1312 1421 1370 1492 τόν,

88 1495 223 1549 Ioremne
243 1512 280 1549 an
336 1511 418 1548 onem
436 1494 509 1548 Iovis
528 1494 691 1565 intellegas,
715 1493 786 1548 nihi]
809 1494 980 1548 interest-
1000 1494 1157 1564 κωμάξατε·
1178 1513 1281 1566 pompa
1300 1496 1370 1550 cele-

87 1567 178 1634 brate,
199 1569 234 1619 nt
252 1565 336 1620 sim''
357 1566 440 1620 modo
455 1566 582 1635 χορεύειν
602 1565 745 1619 ‘saltando
764 1565 917 1621 celebrare'
939 1583 1001 1620 oum
1021 1565 1181 1620 accusativo
1200 1566 1370 1655 iungebatur

86 1669 121 1676 —
136 1644 182 1692 25.
199 1637 341 1708 ἐξάρχετε·
362 1654 426 1690 cum
444 1638 531 1691 verba
548 1637 599 1691 τὸν
613 1633 634 1691 ὧ
651 1642 762 1692 πολῖται
781 1637 925 1707 κωμάξατε
943 1636 1092 1710 Τιμοδήμῳ
1108 1639 1158 1692 σὺν
1178 1638 1269 1692 εὖκλει
1283 1637 1370 1712 νόστῳ

86 1709 187 1778 procul
213 1709 300 1763 dnbio
324 1709 360 1762 ad
380 1708 454 1762 cives
474 1709 630 1777 cherentea,
652 1709 816 1763 redeuntem
834 1709 1028 1763 Timodemum
1046 1727 1150 1779 pompa
1169 1713 1368 1780 prosequentes

88 1783 117 1834 et
137 1779 277 1835 rictorem
295 1780 348 1834 hoc
365 1779 427 1849 ipso
446 1780 571 1834 carmine
588 1780 793 1850 praedicantes,
813 1781 959 1835 referenda
978 1781 1042 1849 sint,
1062 1780 1241 1850 insequentia
1259 1798 1370 1850 quoque

85 1851 174 1905 rerba
199 1852 334 1920 ἁδυμελεῖ
355 1851 482 1921 ἐξάρχετε
506 1857 589 1926 φωνᾷ
613 1852 647 1906 de
670 1852 723 1906 hoc
746 1852 869 1905 carmine
891 1852 953 1922 ipro
979 1852 1171 1921 intellegenda
1196 1869 1257 1906 esse
1282 1855 1368 1923 patet.

87 1923 216 1993 Negotia
240 1922 332 1977 solum
355 1924 471 1977 verbum
495 1922 623 1993 ἐξάρχετε
645 1922 769 1978 facessit.
802 1924 930 1992 Namque
952 1923 1005 1978 hoo
1024 1929 1149 1977 nostrum
1168 1941 1279 1978 carmen
1298 1925 1369 1978 adeo

88 1993 154 2047 iusti
175 1994 293 2064 epinicii
317 1997 412 2064 partes
435 1997 543 2063 tuetur,
568 1997 601 2048 ut
624 1992 674 2049 alii
697 1995 816 2050 carmini
839 2011 873 2050 eo
891 1995 1020 2065 praeludi
1039 2012 1138 2066 parum
1157 1996 1304 2076 probabile
1324 1996 1369 2051 sit.

87 2064 149 2129 Qua
173 2067 212 2120 de
231 2083 318 2120 causa
336 2066 440 2120 rectius
458 2065 531 2120 illud
547 2067 664 2120 verbum
683 2065 724 2120 ita
742 2066 985 2136 interpretaberis,
1009 2069 1041 2120 ut
1061 2066 1174 2137 epinicii
1193 2070 1305 2121 cantum
1326 2085 1369 2122 ce-

87 2137 156 2190 teris
183 2136 352 2191 festivitatis
378 2137 527 2219 generibus
553 2137 719 2193 antecedere
745 2138 844 2205 dueas3
871 2139 965 2192 neec-io
991 2140 1086 2192 tamen
1111 2155 1148 2192 an
1173 2156 1285 2207 prorsus
1312 2139 1370 2193 alia

86 2209 297 2278 interpretandi
315 2208 363 2262 ria
381 2209 505 2263 meunda
523 2209 568 2277 sit,
587 2211 619 2263 ut
638 2209 766 2278 ἐξάρχετε
785 2210 837 2264 hoc.
856 2210 918 2264 loeo
937 2210 1012 2264 idem
1025 2209 1120 2265 valere
1134 2209 1269 2264 ducamus
1284 2213 1369 2279 atque

86 2279 181 2333 canite
205 2284 353 2349 tamquam
375 2283 584 2349 praecentores,
608 2281 681 2334 unde
705 2280 855 2335 choreutae
875 2282 957 2335 laetis
982 2281 1235 2336 acclamationibus
1259 2284 1369 2336 ceterae

87 2354 221 2406 catervae
240 2350 343 2406 civium
361 2351 486 2420 undique
505 2351 688 2407 circumfusae
707 2369 757 2406 suo
777 2353 900 2407 carmine
919 2356 1061 2423 praeeant.
