3417 5434
439 312 474 362 11.
502 310 551 360 DE
570 311 664 361 ARTE
682 311 841 362 nauales
860 313 1017 364 PINDARI.
1279 313 1369 367 XXIX

93 473 303 558 Glyconeum,
321 473 354 536 in
370 472 516 557 dipodias
531 472 691 538 dissecare
705 471 849 538 noluisse
864 474 1018 559 concedo,
1032 479 1143 539 tamen
1155 475 1222 540 iam
1235 475 1368 542 Pindari

92 585 189 644 aetate
221 580 430 666 logaoedicos
463 601 575 645 versus
607 579 790 666 analogiam
824 580 1063 646 trochaicorum
1094 587 1127 645 et
1153 582 1368 649 iambicorum

93 710 234 751 versuum
264 693 394 753 secutos
423 709 493 752 esse
522 708 560 751 eo
588 687 693 773 magis
718 686 798 751 mihi
821 687 983 773 persuasi,
1010 689 1220 773 quodetiam
1242 696 1367 756 veteres

92 795 209 860 metrici
237 819 315 860 cum
343 795 399 859 alii
426 801 497 860 turn
525 794 725 880 Hephaestio
752 794 815 860 hoc
843 815 946 879 genus
973 817 1126 860 versuum
1153 797 1189 860 in
1211 797 1367 882 dipodias,

91 923 149 964 non
167 907 203 966 ut
221 925 311 968 nunc
325 902 549 988 Westphalius
569 902 701 986 eiusque
720 902 862 967 asseclae
880 902 1018 986 faciunt,
1036 903 1071 966 in
1090 904 1255 990 simplices
1269 907 1366 989 pedes

92 1011 269 1090 diuiserunt.
309 1009 415 1086 Quid?
439 1011 525 1096 quod
547 1009 706 1074 Pindarus
729 1009 799 1094 ipse
822 1010 997 1074 nonnullos
1021 1033 1133 1076 versus
1158 1012 1365 1097 logaoedicos

91 1117 132 1180 ita
149 1117 382 1203 conformavit,
400 1122 437 1182 ut
455 1118 537 1206 duos
554 1116 679 1202 priores
698 1116 794 1201 pedes
815 1139 834 1181 a
852 1117 980 1182 duobus
998 1118 1235 1203 posterioribus
1255 1125 1366 1205 aperte

92 1224 317 1310 distingueret,
339 1225 429 1289 velut
452 1223 546 1289 0.1x
569 1229 624 1288 str.
645 1225 674 1289 6.
696 1226 746 1288 10.
770 1223 810 1288 N.
830 1240 855 1287 11
874 1227 910 1289 b:

387 1379 690 1418 occasune
767 1377 1064 1418 ἵυυ-ῦ;υυ-ῦ

92 1475 166 1549 Quid
192 1475 281 1540 enim
310 1474 437 1540 differre
466 1475 554 1540 dices
582 1475 741 1560 syllabam
768 1474 943 1558 ancipitem
968 1473 1003 1538 in
1028 1475 1093 1538 fine
1116 1475 1249 1542 alterius
1273 1479 1364 1562 pedis

92 1583 176 1646 huius
209 1583 273 1648 coli
307 1582 449 1667 positam
484 1584 524 1647 ab
552 1583 749 1667 ancipitibus
778 1581 926 1665 syllabis,
958 1582 1076 1668 quibus
1106 1583 1180 1648 finis
1209 1585 1364 1670 cuiusque

91 1689 226 1774 dipodiae
259 1689 504 1755 trochaicorum
539 1695 571 1754 et
603 1689 817 1754 iambicorum
854 1711 1006 1764 versuum
1043 1689 1221 1775 significari
1258 1691 1364 1756 solet?

91 1795 206 1860 Talium
228 1797 335 1883 igitur
358 1820 510 1862 versuum
533 1796 684 1882 analogia
707 1797 845 1862 maxime
870 1801 1051 1862 commotus
1074 1820 1160 1883 sum,
1183 1803 1220 1862 ut
1239 1804 1362 1864 ceteros

91 1925 206 1988 quoque
229 1927 345 1970 versus
368 1904 573 1992 logaoedicos
598 1903 633 1967 in
655 1903 802 1989 dipodias
826 1903 1011 1969 dividerem.
1058 1903 1121 1969 Sed
1144 1905 1208 1969 alia
1230 1906 1363 1991 insuper

91 2015 207 2075 exstant
238 2011 376 2096 indicia,
408 2035 447 2075 ex
479 2011 597 2095 quibus
626 2009 801 2075 Pindarum
833 2009 1023 2096 logaoedica
1054 2011 1126 2077 cola
1153 2013 1188 2076 in
1215 2013 1362 2098 dipodias

91 2115 248 2182 dividenda
275 2118 420 2184 voluisse
447 2117 591 2203 colligas.
637 2116 745 2202 Atque
773 2117 916 2202 primunr
946 2118 1117 2202 quinquies
1146 2117 1196 2205 (P.
1215 2138 1240 2183 11
1264 2143 1313 2207 ep.
1332 2121 1361 2185 5.

91 2221 243 2289 0.x1112.
273 2225 311 2289 P.
331 2243 367 2287 V1
388 2227 414 2289 1.
438 2226 548 2288 v1114.
582 2223 622 2288 N.
641 2227 727 2288 1114.
751 2242 801 2287 V11
820 2221 857 2312 4)
879 2224 1069 2310 logaoedico
1094 2226 1199 2291 ordini
1221 2227 1363 2293 iambica

91 2330 167 2396 basis
190 2333 331 2398 duorum
350 2331 465 2416 pedum
486 2331 665 2415 praemissa
684 2337 746 2418 est,
770 2354 852 2416 quae
872 2353 944 2396 cum
963 2332 1077 2416 procul
1095 2333 1194 2398 dubio
1214 2334 1362 2420 dipodiae

89 2437 146 2501 rim
173 2439 309 2524 habeat,
340 2439 498 2523 reliquam
528 2460 655 2524 quoque
682 2443 809 2524 partem
837 2460 950 2504 versus
977 2462 1016 2503 ex
1045 2439 1183 2516 dipodiis
1212 2447 1361 2506 constare

90 2567 140 2627 par
160 2551 208 2610 est
230 2547 296 2611 hoc
320 2547 416 2610 modo

323 2650 1114 2740 cremassent-ro-(P.11ep.b).

90 2774 198 2842 Deinde
223 2778 307 2843 colis
330 2778 529 2864 logaoedicis
553 2777 751 2844 catalecticis
775 2777 882 2861 quarti
906 2779 958 2841 vel
982 2777 1079 2864 sexti,
1105 2801 1173 2843 non
1195 2780 1286 2845 tertii
1308 2781 1360 2845 vel

91 2883 182 2966 quinti
205 2885 299 2970 pedis
323 2886 425 2950 altera
447 2907 523 2971 pars
546 2884 657 2949 deesse
681 2883 777 2970 solet,
799 2884 890 2948 velut

296 3037 575 3078 aanor.
629 3051 683 3080 so
710 3069 726 3078 .
760 3007 996 3096 (P.11ep.4),

298 3158 361 3184 ro
388 3115 1145 3206 -oscwoscmcso„(N.111str.2).

89 3255 149 3322 Hoc
179 3264 291 3324 autem
324 3260 486 3344 quomodo
519 3259 672 3344 explicari
705 3259 810 3345 possit
837 3280 905 3324 non
932 3261 1025 3325 video
1053 3261 1117 3325 nisi
1145 3284 1183 3325 ex
1211 3261 1360 3346 dipodica

89 3369 238 3432 stmetura
268 3366 371 3431 totius
399 3389 519 3431 versus.
564 3367 713 3452 Denique
736 3367 1029 3451 brachycatalexia,
1058 3367 1150 3432 cuius
1173 3368 1264 3432 notio
1288 3369 1360 3454 ipsa

89 3474 397 3556 comprehensionem
415 3473 568 3538 binorum
587 3475 704 3559 pedum
722 3473 873 3558 includit,
896 3496 963 3538 non
981 3475 1089 3539 minus
1108 3475 1143 3539 in
1160 3475 1358 3561 logaoedicis

89 3599 170 3662 quam
198 3581 233 3645 in
265 3581 439 3646 trochaicis
467 3581 681 3666 iambicisque
705 3581 872 3646 ordinibus
900 3581 1073 3647 invenitur.
1119 3582 1357 3647 Difficultatcm

89 3685 163 3751 solae
184 3693 304 3774 parant
327 3689 485 3772 tripodiae
507 3688 716 3774 logaoedicae
741 3689 950 3754 catalecticae
969 3689 1162 3774 tetrapodiis
1182 3690 1358 3754 immixtae.

88 3789 162 3858 Nam
188 3817 260 3861 cum
289 3795 351 3860 hae
379 3795 509 3881 quidem
533 3794 647 3879 procul
670 3795 769 3860 dubio
791 3795 827 3859 in
848 3796 947 3880 pedes
971 3796 1135 3881 simplices
1159 3797 1357 3862 dirimendae

88 3898 155 3984 sint,
177 3903 274 3968 etiam
298 3902 499 3988 tetrapodias
522 3902 557 3966 in
581 3903 677 3987 pedes
701 3903 880 3988 simplices,
906 3925 973 3968 non
997 3905 1196 3990 compositos
1216 3905 1357 3969 dividen-

88 4005 135 4070 das
164 4031 231 4074 esse
259 4014 515 4075 consentaneum
545 4031 615 4074 esse
643 4011 779 4075 videtur.
825 4008 872 4074 At
898 4010 1107 4076 inveniuntur
1135 4011 1249 4098 etiam,
1279 4011 1357 4077 licet

87 4113 190 4200 rarius,
212 4117 374 4202 tripodiae
397 4116 556 4183 iambicae
580 4121 613 4182 et
636 4117 833 4202 trochaicae,
856 4139 961 4202 neque
984 4123 1095 4183 tamen
1112 4118 1154 4183 iis
1173 4124 1355 4185 commotos

87 4220 154 4304 vidi,
176 4225 230 4309 qui
253 4223 439 4311 vulgarium
461 4223 677 4289 iambicorum
700 4223 979 4290 trochaicorumve
1001 4248 1153 4291 versuum
1172 4225 1354 4311 dipodicam

86 4330 314 4408 percussionem
333 4330 534 4396 abiciendam
549 4354 618 4396 esse
633 4336 809 4397 censerent.
839 4331 944 4397 Immo
960 4333 1047 4398 aliud
1061 4333 1218 4399 breviculi
1233 4354 1354 4418 versus,

88 4433 162 4500 aliud
183 4437 273 4525 longi
297 4439 446 4525 flagitare
468 4438 633 4522 videntur,
659 4461 763 4523 neque
790 4439 923 4526 ingrata
945 4440 1002 4503 fiet
1025 4439 1221 4525 modulatio,
1247 4440 1275 4504 si
1298 4440 1355 4505 tri·

87 4541 186 4624 podiaa
207 4545 272 4610 alio
292 4546 389 4610 modo
409 4545 533 4611 dividas
553 4549 649 4630 atque
669 4547 869 4630 tetrapodias
889 4551 922 4611 et
939 4547 1144 4631 hexapodias.
1182 4547 1232 4612 Ne
1251 4547 1354 4634 igitur

88 4651 117 4710 tu
146 4657 271 4736 gravate
299 4653 427 4738 tuleris,
460 4653 547 4738 quod
578 4675 664 4717 novo
696 4654 793 4717 modo
825 4652 887 4719 hac
913 4653 949 4718 in
977 4653 1119 4718 editione
1146 4653 1352 4740 logaoedicas

90 4759 269 4844 tetrapodias
302 4760 445 4847 primum
477 4762 512 4826 in
544 4753 705 4846 dipodias,
738 4759 850 4826 deinde
882 4760 917 4825 in
949 4762 1045 4846 pedes
1080 4761 1245 4846 simplices
1278 4761 1353 4826 diri-
