3417 5434
328 354 440 408 LXVIII
832 354 1112 406 PROLEGOMENA.

328 503 434 582 brium
459 517 599 582 maxime
622 518 734 582 decere
758 516 937 582 videbatur.
945 513 970 604 ¹)
1020 515 1143 600 Apium
1165 537 1257 601 vero,
1284 537 1348 600 quo
1373 514 1556 581 Nemeaeae
1582 519 1619 578 et

327 624 503 690 Isthmicae
531 646 669 690 coronae
698 625 926 709 nectebantur,
957 623 1116 688 Pindarus
1148 623 1235 706 quod
1264 621 1304 686 N.
1324 640 1360 685 VI
1380 625 1421 686 47
1456 621 1618 706 pabulum

326 733 431 797 leonis
459 733 500 797 ab
521 732 663 797 Hercule
692 731 858 796 interemti
886 730 978 816 dicit,
1010 753 1048 796 ex
1072 753 1124 811 eo,
1156 728 1242 814 quod
1270 729 1305 792 in
1332 729 1399 793 illis
1422 729 1617 815 regionibus

326 840 388 904 hoc
409 862 544 926 gramen
563 839 864 924 frequentissimum
882 838 996 923 fuerit,
1018 838 1059 902 ad
1078 858 1214 902 coronas
1233 837 1409 901 nectendas
1428 835 1617 900 adhibitum

326 969 397 1012 esse
420 947 592 1034 significat.
639 945 762 1011 Ooutra
785 945 981 1011 scholiastae
1004 944 1138 1009 Pindari
1166 966 1240 1009 cum
1262 947 1381 1008 natura
1407 943 1540 1008 funebri
1567 941 1619 1006 lu·
1697 1014 1698 1035 ,

327 1055 442 1120 dorum
470 1059 503 1119 et
531 1053 630 1140 pullis
659 1053 819 1138 vestibus,
847 1052 966 1138 quibus
995 1052 1103 1117 induti
1128 1052 1254 1117 iudices
1280 1050 1436 1116 Nemeaei
1459 1051 1499 1114 de
1522 1072 1619 1133 prae-
1697 1048 1698 1143 l

328 1162 401 1226 miis
437 1162 665 1244 decernebant,
698 1159 764 1245 apii
796 1182 934 1224 coronas
967 1159 1138 1224 cohaerere
1166 1164 1282 1243 argute
1313 1154 1617 1243 interpretantur.²)
1697 1156 1698 1215 i

327 1267 446 1334 Pinum
479 1273 603 1354 autem,
640 1268 692 1332 cui
725 1267 928 1352 temporibus
959 1267 1087 1351 imperii
1109 1265 1256 1331 ⁴Romani
1285 1265 1320 1329 in
1348 1262 1496 1329 Isthmiis
1528 1263 1618 1329 ludis
1697 1290 1698 1343 y

328 1376 438 1460 apium
466 1374 611 1461 cessIt³),
639 1375 786 1459 Neptuni
808 1376 870 1440 hos
893 1375 987 1438 ludos
1011 1395 1121 1439 sacros
1149 1395 1220 1438 esse
1243 1373 1446 1458 significasse
1468 1393 1536 1436 non
1563 1376 1617 1435 est
1697 1442 1699 1451 J

327 1506 384 1548 cur
414 1483 526 1548 multis
556 1482 740 1546 edisseram.
791 1480 940 1564 Denique
972 1486 1133 1567 myrteam
1165 1501 1333 1564 coronam,
1361 1501 1425 1563 qua
1448 1474 1616 1543 Thebanis

326 1589 492 1657 Heracleis
521 1590 660 1654 victores
693 1593 824 1654 ornatos
857 1610 928 1652 esse
959 1588 1030 1673 ipse
1062 1587 1221 1652 Pindarus
1246 1585 1395 1651 I.11188
1427 1585 1617 1670 testatur⁴),
1697 1602 1698 1635 ³

329 1697 524 1762 scholiastae
548 1701 581 1760 et
602 1697 709 1782 ipsam
733 1696 773 1760 ad
800 1695 970 1760 funebrem
998 1695 1158 1780 originem
1185 1694 1303 1758 horum
1329 1693 1482 1758 ludorum
1509 1697 1617 1757 rettu-
1697 1704 1698 1781 ᾗ

326 1804 442 1869 lerunt.
491 1805 599 1888 Atque
631 1803 667 1867 in
695 1803 795 1868 sacris
824 1802 976 1867 Manibus
1002 1801 1159 1866 faciendis
1186 1805 1331 1885 myrtum
1357 1800 1394 1864 in
1420 1822 1485 1864 usu
1511 1800 1618 1864 fuisse

328 1911 422 1975 docet
450 1910 622 1994 Euripides
651 1910 770 1974 Electr.
795 1911 861 1974 3:24
876 1931 917 1974 ss.
944 1907 1185 1993 Ἀγαμέμνονος
1217 1904 1254 1971 δὲ
1285 1908 1410 1992 τύμβος
1436 1907 1617 1992 ἠτιμασμέ·
1697 1898 1698 1943 ³

327 2040 386 2093 νος
416 2018 507 2082 οὔπω
541 2017 620 2102 χοάς
648 2015 721 2082 ποτ’
749 2013 828 2081 οὐδὲ
858 2022 969 2081 κλῶνα
1000 2020 1164 2102 μυρσίνης
1195 2017 1305 2099 ἔλαβε,
1337 2035 1442 2097 neque
1474 2036 1617 2079 coronae
1697 2032 1698 2097 ξ

327 2145 456 2206 aureae,
492 2146 573 2208 quae
611 2146 650 2188 ex
687 2123 835 2208 sepulcro
875 2123 1029 2188 Graeciae
1066 2121 1205 2208 Magnae
1236 2121 1272 2185 in
1309 2120 1415 2186 lucem
1447 2126 1619 2206 protracta
1697 2114 1698 2195 i

328 2231 424 2295 hodie
453 2231 488 2294 in
515 2231 701 2315 antiquario
726 2230 913 2315 Monacensi
937 2233 1136 2314 adservatur,
1159 2230 1255 2293 flores
1279 2228 1398 2313 myrtei
1420 2230 1547 2293 desunt.
1697 2214 1698 2249 ³

417 2355 505 2432 Quae
533 2356 700 2440 hucusque
730 2354 938 2439 exposuimus
971 2377 1079 2419 rerum
1111 2354 1174 2418 fide
1207 2354 1401 2418 confirmata
1433 2356 1524 2434 sunt,
1557 2352 1618 2416 sed
1697 2344 1698 2381 l

327 2463 411 2528 verIs
444 2463 518 2548 plus
552 2485 647 2547 saepe
680 2461 830 2526 fabulosa
861 2461 898 2526 in
930 2461 1129 2527 carminibus
1164 2483 1238 2525 cum
1270 2460 1343 2524 aliis
1374 2463 1445 2523 tum
1479 2457 1616 2523 Pindari

329 2569 477 2655 epiniciis
510 2570 627 2634 valent.
684 2567 897 2654 Splendorem
933 2568 1020 2634 enim
1055 2568 1207 2632 ludorum
1239 2570 1277 2630 ut
1311 2565 1549 2649 amplificarent
1581 2571 1618 2628 et

327 2677 508 2743 victoribus
531 2677 605 2762 plus
624 2676 730 2740 laudis
751 2676 964 2758 adstruerent,
987 2697 1054 2740 non
1078 2675 1118 2739 ab
1138 2672 1337 2758 hominibus,
1360 2672 1416 2737 sed
1439 2695 1459 2734 a
1481 2671 1544 2736 diis
1564 2673 1617 2735 vel

327 2785 482 2849 heroibus
509 2784 603 2848 ludos
632 2763 779 2848 conditos
809 2805 879 2848 esse
908 2787 941 2847 et
969 2783 1084 2847 heroes
1113 2782 1202 2866 ipsos
1231 2781 1310 2846 olim
1339 2781 1378 2845 de
1406 2801 1526 2845 corona
1549 2801 1619 2843 cer-

328 2897 415 2956 tasse
439 2890 586 2956 ementiti
611 2895 696 2954 sunt.
734 2889 844 2974 Atque
868 2895 905 2954 ut
929 2890 1047 2955 callida
1065 2888 1265 2954 Graecorum
1290 2887 1381 2953 natio
1402 2887 1466 2951 fuit
1488 2887 1617 2970 lepidas

328 2998 587 3065 narratiunculas
610 2997 804 3082 inveniendi,
828 2998 971 3084 origines
990 2998 1141 3063 ludorum
1160 2996 1310 3082 plurimis
1330 3001 1364 3061 et
1384 2994 1618 3080 pulcherrimis

328 3106 449 3172 fabulis
469 3108 674 3171 exornarunt.
712 3103 889 3169 Pindarum
908 3109 941 3169 et
958 3105 1066 3189 ipsum
1086 3104 1208 3189 partim
1221 3125 1323 3168 novas
1337 3101 1470 3166 finxisse
1484 3101 1617 3165 fabulas

328 3215 448 3298 partim
468 3211 658 3298 popularem
677 3210 797 3276 famam
815 3211 984 3297 pulchrius
1004 3233 1192 3295 exornasse,
1214 3233 1311 3275 nemo
1330 3208 1387 3294 qui
1405 3209 1617 3296 ingeniosum

326 3325 434 3385 vatem
458 3320 595 3404 noverit,
617 3317 740 3383 infitias
763 3318 841 3404 ibit,
865 3320 959 3403 plura
985 3323 1096 3383 tamen
1120 3339 1194 3382 eum
1218 3339 1238 3381 a
1260 3315 1482 3401 superioribus
1504 3315 1616 3398 poetis
1697 3358 1698 3361 κ

327 3432 460 3512 accepta
488 3426 603 3491 tulisse
631 3431 664 3490 et
692 3425 860 3510 paululum
889 3429 1017 3490 tantum
1043 3425 1218 3489 immutata
1246 3423 1316 3488 suis
1343 3422 1543 3488 carminibus
1567 3423 1618 3486 in-

327 3534 470 3599 texuisse
485 3534 634 3617 equidem
648 3533 729 3597 mihi
745 3532 901 3616 persuasi.
926 3531 980 3597 Sic
995 3530 1165 3617 Olympiae
1179 3531 1333 3615 Pelopem
1348 3553 1422 3595 cum
1437 3530 1617 3614 Oenomao,

327 3648 435 3708 vetere
463 3663 538 3727 rege
565 3641 654 3705 illius
682 3640 835 3726 regionis,
864 3662 960 3704 curru
988 3640 1170 3706 decertasse
1195 3643 1228 3703 et
1250 3636 1432 3723 praemium
1455 3637 1616 3701 victoriae

328 3750 429 3815 filiam
463 3749 531 3814 eius
563 3747 815 3834 Hippodamiam
845 3747 880 3811 in
904 3746 1149 3812 matrimonium
1181 3745 1344 3830 accepisse
1372 3743 1515 3809 carmine
1545 3744 1617 3808 O.1

327 3857 491 3943 praeclare
521 3861 640 3920 narrat.
687 3855 875 3938 Olympicus
903 3876 980 3918 vero
1009 3853 1102 3918 ludos
1130 3851 1305 3918 Herculem
1327 3851 1461 3917 heroem
1484 3851 1616 3916 devicto

417 4125 443 4190 1)
462 4121 536 4176 Nam
551 4121 712 4192 Olympicus
728 4137 838 4189 quoque
852 4119 935 4174 ludos
949 4119 1017 4175 olim
1031 4136 1081 4190 pro
1095 4118 1262 4173 funebribus
1276 4117 1391 4172 habitos
1412 4133 1472 4171 esse
1487 4117 1616 4171 ostendit

330 4194 484 4265 Pelopiam,
505 4194 522 4250 i.
540 4211 562 4248 e.
579 4193 690 4264 Pelopis
710 4191 869 4263 sepulcrum
887 4192 918 4245 in
935 4191 1030 4246 media
1049 4191 1109 4245 Alti
1128 4189 1276 4260 Olympios
1294 4189 1389 4244 situm.

420 4287 447 4350 2)
467 4281 558 4338 Schol.
574 4281 654 4336 Pind.
676 4279 706 4335 Ο.
725 4300 774 4333 xm
788 4287 822 4333 45
847 4282 875 4333 et
898 4279 928 4333 in
950 4277 1158 4333 introductione
1181 4279 1350 4337 Nemeorum
1368 4298 1397 4349 p.
1418 4283 1469 4332 425
1485 4278 1535 4332 Bo.
1574 4279 1615 4333 De

332 4353 444 4408 funebri
468 4353 564 4408 indole
588 4353 646 4422 apii
670 4353 765 4407 confer
783 4351 857 4405 Plut.
873 4351 943 4404 lim.
959 4357 993 4405 26
1013 4353 1042 4405 et
1060 4354 1168 4420 quaest.
1188 4368 1267 4406 conr.
1281 4371 1298 4404 v
1313 4357 1338 4420 3,
1353 4356 1377 4405 2.
1418 4349 1499 4414 Quod
1518 4353 1618 4404 autem

329 4425 442 4480 Nemeis
468 4425 559 4494 viridi,
583 4424 708 4479 Isthmiis
728 4424 802 4477 sicco
826 4423 891 4493 apio
915 4422 960 4476 usi
983 4439 1044 4477 esse
1067 4422 1206 4492 dicuutur,
1230 4423 1282 4477 hoc
1306 4440 1341 4477 ex
1359 4420 1522 4476 discrimine
1542 4425 1614 4476 tem-

328 4497 458 4568 pestatis,
477 4514 534 4564 qua
552 4496 664 4564 utrique
683 4495 744 4549 Iudi
763 4494 929 4565 agebantur,
948 4494 1145 4564 explicandum
1163 4511 1225 4550 esse
1243 4494 1363 4549 videtur.

418 4589 445 4658 3)
464 4586 556 4642 Schol.
571 4586 650 4640 Pind.
667 4605 693 4656 p.
709 4591 768 4640 514.
806 4585 881 4640 Plut.
896 4587 997 4653 quaest
1020 4602 1098 4640 conv.
1113 4604 1132 4638 v
1146 4592 1170 4653 3,
1186 4592 1209 4640 1.

419 4682 446 4746 4)
464 4676 614 4730 Praeterea
633 4675 749 4730 Heraeis
763 4674 877 4746 Argivis
890 4674 1029 4729 victorum
1047 4678 1176 4744 tempora
1193 4677 1303 4743 myrtea
1321 4690 1425 4728 corona
1438 4672 1534 4726 cineta
1554 4691 1617 4728 esse

329 4749 415 4802 refert
434 4748 520 4802 schol.
536 4747 567 4803 O.
583 4767 621 4800 vn
635 4753 677 4802 83.
715 4745 810 4800 Etiam
833 4747 909 4800 ludis
932 4746 1070 4817 Epidauri
1093 4751 1123 4801 et
1144 4747 1324 4816 Megarorum
1345 4747 1469 4815 myrteas
1494 4762 1616 4800 coronas

329 4820 391 4874 dari
410 4820 551 4892 signifieat
570 4819 708 4874 Pindarus
728 4819 747 4872 Ι.
764 4839 811 4872 mn
827 4825 869 4874 17.
