3417 5434
379 392 440 454 166
849 393 997 443 prunum
1017 393 1182 444 ceruicis.

447 559 484 622 ἐν
506 554 536 620 τ’
558 553 716 620 Ὠκεανοῦ
738 554 914 636 πελάγεσσι
937 559 1033 639 μίγεν
1055 557 1165 643 πόντῳ
1190 554 1221 620 τ’
1244 554 1397 645 Ἐρυθριβ

451 667 604 748 Λαμνιᾶν
626 660 656 726 τ’
682 665 774 726 ἔθνει
798 673 968 744 γυναικῶν
990 661 1227 749 ἀνδροφόνων·

446 773 531 834 ἔνθα
553 766 609 835 καλ
631 772 738 852 γυίων
761 767 896 845 ἀέθλοις
919 768 1040 834 ἐπεδεί-

489 875 587 954 ξαντο
609 874 677 941 λῑν’
703 874 844 952 ἐσθᾶτος
867 875 985 961 ἀμφίς,

450 1091 505 1159 καλ
527 1092 767 1158 συνεύνασθεν.
812 1087 868 1154 καλ
892 1089 928 1155 ἐν
952 1089 1154 1168 ἀλλοδαπαῖς
1239 1119 1242 1128 ’
1429 1098 1513 1177 Στρ.
1540 1089 1596 1174 ιβ’.

379 1219 430 1266 265
449 1198 569 1285 σπέρμ’
604 1197 764 1284 ἀρούραις
799 1198 953 1274 τουτάκις
988 1197 1147 1285 ὑμετέρας
1182 1198 1314 1276 ἀκτῖνος
1351 1201 1453 1284 ὄλβον
1492 1197 1609 1276 δέξατο

1336 1309 1508 1391 μοιρίδιον

451 1410 538 1500 ἆμαρ
562 1414 582 1499 ἢ
605 1415 730 1490 νύκτες.
775 1415 853 1478 τόθι
878 1414 941 1500 γὰρ
964 1411 1060 1496 γένος
1082 1413 1248 1499 Εὐφάμου
1271 1411 1443 1498 φυτευθὲν
1464 1415 1589 1480 λοιπὸν
1610 1431 1650 1475 ττι

1339 1519 1403 1586 αίελ

451 1630 595 1695 τέλλετο·
618 1627 673 1694 καὶ
697 1629 971 1713 Λακεδαιμονίων
993 1627 1167 1713 μιχθέντες
1190 1627 1325 1713 ἀνδρῶν

453 1739 550 1821 ἤθεσι
574 1737 635 1801 τάν
657 1758 735 1801 ποτε
759 1739 951 1801 Καλλίσταν
974 1734 1153 1824 ἀπῴκησαν
1176 1739 1285 1824 χρόνῳ
1609 1751 1651 1797 τιν

452 1854 570 1911 νᾶσον·
595 1846 696 1908 ἐνθεν
719 1841 751 1907 δ’
775 1843 858 1927 ύμμι
884 1844 1050 1919 Λατοίδας
1073 1846 1191 1929 ἔπορεν
1215 1845 1344 1927 Λιβύας
1366 1846 1481 1910 πεδιόν

381 1970 433 2018 260
453 1955 516 2017 σὺν
538 1958 630 2016 θεῶν
652 1962 762 2033 τιμαῖς
784 1949 939 2034 ὀφέλλειν
960 1953 1065 2016 κάστυ
1088 1953 1340 2038 χρυ-σοθρόνου

453 2057 621 2143 διανέμειν
644 2065 741 2122 θεῖον
763 2057 932 2143 Κυράνας,
1607 2072 1650 2119 465

453 2274 665 2361 ὀρθόβουλον
687 2281 786 2356 μῆτιν
808 2270 1052 2357 ἐφευρομένοις.
1429 2272 1511 2338 Ἀντ.
1536 2270 1592 2356 ιβ’.

455 2388 565 2464 γνῶθι
588 2389 653 2445 νῦν
676 2380 737 2444 τάν
762 2380 929 2445 Οἰδιπόδα
951 2383 1084 2464 σοφίαν.
1130 2381 1162 2445 εἰ
1182 2381 1245 2466 γάρ
1269 2405 1320 2458 τις
1342 2383 1438 2460 ὀζους
1460 2379 1604 2466 ὀξυτόμῳ

1340 2487 1467 2554 πελέκει
1682 2503 1683 2506 ’

455 2651 515 2700 251.
535 2643 679 2715 τενάγεσσι
698 2643 768 2699 coni.
788 2643 894 2713 Bergk,
920 2644 1069 2712 τεράτεσσι
1087 2643 1196 2698 Heclrsr
1214 2643 1277 2699 coll.
1298 2645 1348 2700 Od.
1368 2665 1396 2698 xi
1416 2661 1441 2700 is
1461 2678 1493 2687 -
1512 2651 1570 2699 253.
1592 2640 1645 2697 ίῑά

386 2718 457 2773 coni.
476 2717 596 2786 Kayser:
616 2714 707 2784 κρίσιν
726 2715 806 2771 codd.
826 2719 855 2769 et
874 2715 969 2785 schol,
988 2713 1063 2784 κρῑμ’
1085 2715 1130 2769 sel
1150 2715 1297 2782 ἐπέδειξαν
1316 2714 1405 2785 κρίσις
1423 2717 1493 2771 coni.
1510 2717 1645 2776 Hermann,

385 2789 531 2855 ἐπέδειξαν
555 2785 620 2861 βίαν
639 2786 710 2842 σοιτί.
731 2787 913 2856 Oelschlager
932 2821 964 2828 —
984 2784 1057 2858 ἀμφί
1078 2786 1116 2840 0²
1133 2820 1167 2826 —
1187 2793 1247 2842 255.
1272 2787 1370 2857 σπέρμ’
1389 2791 1565 2852 ...ἀκτῖνος
1586 2783 1645 2840 coni.
1681 2845 1682 2858 ρ

386 2863 539 2916 Hermann:
557 2879 610 2929 περ
626 2904 632 2914 .
649 2905 654 2914 .
671 2859 808 2922 ,ἀκτῖνας
827 2859 906 2913 codd.
922 2892 954 2899 —
971 2858 1055 2932 όλβου
1073 2859 1118 2912 B?
1133 2859 1173 2914 E:
1193 2857 1264 2932 ὀλβω
1280 2860 1309 2914 D
1322 2863 1352 2914 et
1366 2859 1462 2926 schol,
1482 2859 1561 2934 ὄλβον
1578 2856 1648 2913 Βλβ
1681 2867 1682 2893 i

387 2967 417 2974 -
437 2939 497 2989 256.
516 2932 614 2995 νύκτες
628 2933 655 2986 Β
668 2930 699 2985 Gi
719 2934 748 2984 et
767 2929 865 2986 schol:
887 2929 986 2994 νυκτός
1005 2931 1041 2986 0⁸
1052 2931 1081 2984 D
1097 2963 1128 2970 -
1144 2935 1195 2985 em
1224 2929 1329 2986 τίλλετε
1349 2933 1376 2985 Β
1392 2965 1424 2972 -
1440 2937 1499 2987 258.
1519 2931 1569 2987 τάν
1586 2927 1643 2982 coni.
1681 2959 1682 2985 ι

386 3004 511 3060 Boeclrh:
531 3001 568 3057 ἀν
586 3002 677 3058 BOD
695 3005 724 3056 et
742 3020 768 3056 v.
783 3000 801 3056 l.
817 3001 919 3057 schol:
939 3001 976 3057 ἀν
995 3001 1011 3056 i.
1032 3018 1054 3056 e.
1075 3001 1131 3056 ἀνά
1150 3001 1301 3072 Hermann,
1321 3002 1352 3058 ἐν
1371 3003 1482 3058 Chairis
1501 3003 1529 3057 in
1547 2998 1644 3057 scholii<

386 3110 419 3118 -
438 3075 586 3148 ἀπῴκισαν
606 3075 634 3128 Β
641 3075 665 3129 G
682 3107 715 3114 -
735 3079 795 3129 260.
815 3077 893 3128 θεῶν
913 3074 1006 3130 codd:
1026 3077 1085 3145 θεῷ
1106 3072 1191 3128 schol.
1213 3108 1245 3115 —
1265 3076 1352 3130 κάστυ
1371 3075 1442 3130 coni.
1463 3076 1570 3131 Dawee:
1588 3073 1643 3126 los·

386 3148 466 3202 codd.
487 3150 516 3201 et
534 3145 619 3202 schol.
640 3178 674 3185 -
694 3151 754 3201 263.
775 3143 899 3218 ὀξυτόμῳ
920 3146 951 3200 0:
972 3145 1095 3218 ὀξυτάτῳ
1114 3146 1176 3200 ΒΙ)
1195 3178 1228 3186 -

1680 3205 1681 3244 l

386 3290 503 3359 κεραίδα
519 3293 523 3355 1
540 3289 591 3359 τὴν
616 3285 807 3359 γνστοφόντιν
833 3288 881 3341 καλ
906 3286 1012 3343 τέκνων
1037 3286 1178 3355 ἀλάστορα
1201 3319 1236 3328 -
1254 3287 1306 3342 τάν
1330 3288 1436 3343 Πελίαο
1461 3288 1560 3359 φόνον·
1584 3285 1642 3341 redii
1680 3249 1681 3291 λ

386 3365 472 3432 poeta
490 3359 527 3414 ad
546 3380 572 3414 v.
588 3377 621 3427 u,
641 3361 716 3428 quod
730 3358 823 3413 Pelias
838 3361 871 3413 ut
883 3361 1038 3428 necaretur,
1057 3357 1087 3412 in
1105 3357 1173 3412 fatis
1192 3357 1259 3426 fuit;
1279 3359 1313 3413 de
1331 3360 1475 3415 locutione
1494 3362 1528 3417 cs.
1543 3361 1571 3416 0.
1585 3379 1601 3412 u
1615 3371 1643 3410 ro:

386 3434 497 3504 κρύφον
510 3429 626 3501 τιθέμεν
641 3431 726 3486 ἐσλῶν
741 3435 836 3494 καλοῖς
849 3464 884 3470 -
899 3438 958 3484 ⁶252.
974 3448 1022 3484 cur
1036 3431 1216 3500 Argonautas
1230 3431 1379 3486 redeuntes
1393 3433 1528 3488 Lemnum
1542 3430 1643 3486 insulan
1679 3459 1680 3490 τ

388 3504 562 3576 appellentes
581 3503 719 3557 Pindarus
738 3502 849 3571 fecerit,
869 3501 934 3558 vide
953 3503 990 3556 ad
1008 3520 1033 3558 v.
1049 3517 1075 3558 so
1090 3533 1122 3542 -
1139 3507 1199 3556 251.
1219 3502 1254 3557 de
1269 3503 1427 3574 Hypsipyle
1440 3504 1556 3558 Lemnia
1568 3503 1592 3556 in
1605 3501 1643 3552 ho·

387 3593 482 3631 norem
496 3574 633 3629 Thoantis
652 3573 746 3629 uxoris
765 3573 868 3629 mortui
887 3573 1019 3644 gymnica
1037 3573 1193 3628 certamina
1211 3572 1375 3630 instituente
1393 3575 1489 3631 confer
1504 3576 1534 3631 0.
1548 3595 1573 3628 iv
1585 3589 1643 3628 siss-

388 3682 421 3689 -
441 3653 501 3701 254.
521 3646 641 3708 ἐσθᾶτος
659 3643 759 3716 ἀμφίς·
780 3645 804 3699 si
818 3648 925 3700 vestem
940 3645 1095 3700 mercedem
1113 3644 1214 3700 victori
1233 3646 1407 3727 propositam
1421 3647 1508 3702 fuisse
1523 3649 1598 3717 poeta
1610 3641 1642 3696 di-

388 3737 450 3775 cere
469 3717 567 3786 voluit,
588 3716 661 3787 ἀμφί
680 3718 800 3771 scribere
821 3717 932 3784 debuit;
952 3717 1026 3786 quod
1045 3716 1075 3770 in
1093 3716 1207 3787 optimis
1227 3717 1371 3772 codicibus
1390 3721 1434 3773 est
1453 3717 1547 3790 ἀμφίς,
1565 3719 1644 3785 aoso(
1678 3773 1679 3776 ,

387 3800 456 3848 veste
479 3790 644 3844 vertendum
669 3791 724 3855 est,
749 3791 782 3842 ut
803 3789 928 3858 gymnici
951 3787 1011 3843 ludi
1034 3787 1120 3843 fuisse
1144 3787 1311 3844 indicentur.
1348 3790 1473 3844 Priorem
1497 3789 1643 3846 sententiam
1678 3815 1679 3818 =

389 3861 561 3918 Simonidem
583 3861 613 3914 in
637 3860 759 3914 carmine
782 3859 877 3914 nescio
901 3878 956 3929 quo
995 3859 1153 3930 reposuisse
1172 3863 1271 3914 auctor
1290 3863 1333 3914 est
1351 3861 1519 3918 scholiasta:
1545 3863 1588 3916 καλ
1603 3857 1643 3928 γὰρ
1678 3827 1679 3903 λ

388 3937 437 3990 καλ
455 3937 533 4002 παρὰ
552 3929 697 4022 Σιμωνίδῃ
717 3931 790 3986 ἐστίν
804 3931 822 4000 ἡ
837 3931 954 4001 ἱστορία,
974 3951 1016 3986 οτι
1034 3932 1098 3998 περὶ
1118 3931 1237 4001 ἐσθῆτος
1255 3933 1441 4002 ἠγωνίσαντο·
1461 3935 1511 3988 καλ
1524 3931 1644 3997 Πίνδαρος

389 4006 420 4062 ἐν
437 4005 661 4075 Ὀλυμπιονικαις
679 4003 764 4073 (O.1x
781 4007 817 4071 97)
837 4035 870 4042 —
890 4009 949 4057 256.
969 4003 1111 4071 ἀρούραις·
1131 4005 1163 4056 ut
1182 4019 1265 4074 saepe
1285 4003 1425 4058 translata
1443 4004 1473 4058 vi
1491 4005 1526 4059 de
1544 4003 1642 4058 feminas

389 4081 486 4133 ventre
505 4080 670 4146 usurpatum
690 4078 745 4142 est3
769 4077 899 4129 construe
924 4073 1030 4144 σπέρμα
1055 4072 1188 4144 ὑμετέρας
1211 4076 1324 4138 ἀκτῖνος
1347 4075 1444 4149 ὄλβου,
1468 4093 1559 4130 semen
1577 4069 1641 4128 vestri

390 4147 546 4220 splendoris
565 4145 774 4228 prosperitatis,
798 4147 874 4214 quod
893 4149 986 4200 utrum
1005 4145 1051 4200 die
1070 4163 1106 4200 an
1125 4149 1207 4200 nocte
1226 4150 1392 4217 conceptum
1411 4147 1461 4217 sit,
1485 4165 1540 4202 non
1557 4147 1641 4216 liquere

390 4220 492 4276 festive
510 4222 596 4290 pocta
615 4218 693 4274 dicit.
730 4217 837 4274 Schol:
865 4218 892 4272 ol
917 4218 969 4288 γὰρ
993 4217 1171 4288 Ἀργοναῦται
1198 4217 1227 4272 ἐν
1253 4227 1286 4290 τῇ
1312 4218 1415 4292 Λήμνῳ
1441 4229 1502 4282 ταῖς
1527 4215 1640 4288 Aspasia

390 4290 573 4361 ἐπλησίασαν,
602 4289 631 4343 ἐκ
655 4287 696 4353 ολς
715 4291 762 4344 καλ
782 4289 918 4358 Εὔφημος
937 4289 1059 4362 siclam
1079 4291 1223 4344 συνελθὼν
1246 4289 1416 4360 Λευκοφάνη
1442 4288 1580 4360 ἐποίησεν,
1601 4283 1640 4356 ἀφ’
1676 4303 1677 4318 ·

391 4361 423 4418 ού
440 4362 622 4431 Ἀριστοτέλης
636 4360 651 4414 δ
665 4359 804 4432 πρόγονος
820 4360 993 4430 Ἀρκεσιλάου
1008 4395 1042 4402 -
1059 4367 1119 4416 257.
1138 4360 1370 4433 Λακεδαιμονίων
1389 4362 1536 4443 μιχθέντες
1553 4363 1641 4428 ἀνδρῶν

392 4436 475 4503 ἤθεσι
491 4479 495 4488 .
512 4479 518 4489 .
535 4478 540 4488 .
556 4433 710 4502 ἀκάκησαν
728 4432 849 4502 primum
868 4432 956 4502 igitur
978 4432 1027 4502 qui
1050 4433 1087 4486 ab
1113 4433 1259 4504 Euphamo
1281 4436 1310 4488 st
1329 4433 1447 4488 Lemma
1470 4434 1579 4488 muliere
1595 4447 1640 4502 pro·

392 4507 482 4577 geniti
496 4509 585 4574 erant,
600 4489 839 4559 lacedaemonem
853 4507 998 4572 venerunt,
1013 4505 1087 4558 unde
1106 4510 1255 4574 postquam
1274 4505 1555 4560 Lacedaemoniorum
1572 4519 1640 4557 mores

392 4581 566 4648 acceperunt,
586 4577 616 4630 in
630 4576 750 4632 Theram
764 4576 889 4630 insulam
903 4576 1095 4646 migraverunt
1113 4609 1146 4616 —
1166 4581 1226 4632 258.
1246 4574 1411 4646 Καλλίσταν,
1431 4577 1484 4632 hoc
1502 4574 1640 4647 cognomino
1675 4577 1676 4584 ’

392 4650 479 4704 etiam
492 4649 651 4704 Herodotus
665 4669 693 4703 iv
708 4665 745 4704 ιιι
761 4647 882 4702 insulam
897 4647 1017 4702 Theram
1031 4651 1176 4718 nuncupat
1190 4680 1222 4687 —
1236 4653 1295 4703 259.
1312 4647 1409 4703 ἔνθεν·
1425 4648 1492 4704 hinc
1505 4648 1559 4703 iam
1570 4645 1640 4700 redire

393 4721 486 4791 coepit
504 4721 541 4774 ad
555 4720 677 4790 Cyrenas
697 4722 726 4774 et
744 4722 941 4790 argumentum
955 4719 1087 4774 carminis
1101 4719 1244 4791 proprium
1259 4751 1292 4760 -
1307 4725 1368 4774 260.
1387 4724 1465 4775 θεῶν
1478 4729 1565 4792 τιμαῖς
1577 4713 1639 4784 ὀφέλ-

393 4797 463 4847 λειν·
483 4791 596 4862 templis
616 4791 737 4846 conditis
756 4791 899 4860 sacrisque
919 4792 1034 4846 deorum
1052 4791 1203 4858 institutis,
1223 4791 1258 4845 cf.
1272 4791 1301 4845 P.
1317 4811 1334 4846 v
1348 4809 1382 4846 ss.

465 4869 517 4918 263
532 4881 568 4918 ss.
588 4863 744 4932 Cyrenaeos
763 4863 838 4932 quod
858 4863 999 4933 sapientes
1019 4866 1048 4918 et
1066 4867 1163 4919 acutos
1180 4863 1363 4934 praedicavit,
1378 4863 1522 4918 Arcesilae
1535 4860 1638 4928 aenigma
1673 4829 1675 4842 ,
