3417 5434
605 1259 747 1312 ΟΛΤΜΠ.
766 1254 820 1313 1n‘.

303 1421 645 1509 rasurum,
685 1420 1119 1547 saxonanum

576 1593 679 1669 nimi
698 1617 852 1671 mrnnmu

623 1900 801 1973 strophae.

590 3087 832 3171 Argumentum.

164 3216 329 3293 Asopichus
353 3216 506 3278 Cleodami
528 3218 610 3277 filius
633 3216 848 3279 Orchomenius
872 3218 970 3278 stadio
993 3238 1069 3295 puer
1091 3220 1165 3280 vicit
1188 3217 1234 3280 01.
1253 3220 1291 3277 76
1309 3244 1351 3266 =

89 3320 111 3358 a
128 3306 185 3363 476
209 3326 234 3364 a.
255 3306 336 3383 Chr.;
364 3326 435 3366 nam
462 3308 547 3367 varia
573 3308 663 3368 lectio
689 3302 837 3393 Ἀσωπίχῳ
861 3306 1015 3385 νικήσαντι
1038 3306 1093 3385 τὴν
1117 3303 1160 3379 ὀζ’
1184 3304 1353 3385 ὀλυμπιάδα

89 3382 140 3459 (01.
160 3397 196 3453 77
217 3421 260 3443 =
284 3399 349 3455 472
373 3416 399 3455 a.
420 3389 502 3479 Chr.)
531 3398 612 3457 omni
643 3398 856 3474 probabilitate
889 3400 982 3475 caret,
1011 3398 1084 3474 quia
1111 3400 1177 3457 turn
1203 3397 1352 3455 Pindarus

89 3480 230 3555 Syracusis
244 3485 500 3564 peregrinabatur
538 3488 690 3546 Victorem
708 3488 847 3547 reducem
862 3486 933 3546 dum
948 3487 1064 3547 sodales
1079 3488 1117 3547 ad
1132 3506 1216 3546 aram
1231 3486 1350 3546 Gratia-

90 3589 152 3649 rum,
172 3573 225 3632 ubi
247 3593 389 3634 eoronam
411 3578 532 3651 partam
555 3575 723 3654 deponeret,
746 3580 979 3654 prosequuntur,
1002 3578 1059 3637 hoc
1077 3596 1196 3636 carmen
1217 3576 1351 3634 dulcissi-

90 3678 158 3719 mum
175 3663 353 3723 cecinerunt.
383 3664 492 3741 Itaque
511 3667 610 3725 totum
628 3666 659 3724 in
679 3666 867 3725 illustrandis
887 3665 999 3725 Gratiis
1022 3668 1168 3744 versatur,
1192 3682 1268 3741 quas
1291 3683 1353 3723 una

90 3766 145 3808 eum
171 3755 298 3831 cognato
329 3753 452 3814 numine
479 3754 598 3814 Amoris
626 3746 786 3837 (Ἔρωτος)
815 3756 1027 3815 Orchomenios
1059 3754 1195 3832 inprimis
1225 3753 1352 3814 coluisse

91 3844 199 3899 cemus.
244 3843 347 3919 Atqm
375 3843 506 3919 primum
529 3845 561 3903 in
584 3847 708 3921 stropha
730 3864 834 3904 earum
858 3864 913 3921 ope
938 3845 1085 3923 quidquid
1108 3847 1229 3923 gratum
1253 3847 1284 3902 et
1306 3843 1351 3901 iu-

91 3929 205 3990 cundum
226 3932 309 4009 apud
332 3932 467 3993 homines
490 3934 619 4010 deosque
648 3935 688 3993 sit
714 3934 779 3995 fieri
806 3934 944 4011 exponit3
979 3934 1083 3994 deinde
1107 3934 1139 3992 in
1164 3932 1353 4009 antistropha

91 4034 131 4075 eas
150 4022 222 4098 orat,
245 4025 282 4080 ut
304 4022 428 4082 chorum
453 4042 616 4099 puerorum
637 4024 821 4101 Asopichum
844 4024 988 4084 victorem
1012 4024 1205 4083 comitantem
1227 4021 1352 4098 propitii

91 4107 223 4184 accipiant
245 4114 277 4170 et
299 4112 380 4188 patri
403 4111 562 4172 Cleodamo
585 4115 704 4174 mortuo
727 4114 843 4173 laetum
870 4112 1012 4172 nuntium
1033 4112 1176 4173 victoriae
1204 4110 1259 4169 filii
1285 4130 1350 4187 per-

91 4195 181 4256 ierant.
204 4232 247 4240 -
271 4200 398 4259 Carmen
416 4201 448 4259 in
466 4202 609 4261 honorem
629 4202 802 4261 Gratiarum
820 4202 1020 4279 compositum
1039 4202 1064 4261 si
1083 4201 1162 4278 quod
1182 4200 1266 4259 aliud
1283 4219 1352 4276 pro·

92 4282 134 4343 bat
154 4287 281 4350 Pindaro
307 4290 442 4350 nascenti
472 4290 606 4351 arrisisse
633 4290 754 4351 Gratias
779 4292 859 4369 deas,
883 4310 1011 4367 quarum
1033 4290 1154 4349 numine
1180 4289 1351 4368 gratissimo

92 4372 188 4437 Graeca
211 4379 296 4440 natio
322 4380 361 4439 ad
385 4382 576 4440 venustatem
605 4384 636 4440 et
663 4381 776 4440 artium
803 4380 1033 4456 litterarumque
1062 4380 1177 4439 cultum
1201 4382 1274 4439 nata
1297 4381 1350 4439 cst.

619 4551 664 4618 De
686 4554 809 4620 metris.

157 4681 301 4743 Carminis
324 4684 507 4763 suavissimi,
526 4684 630 4760 Lydiis
653 4685 750 4744 modis
774 4676 815 4765 (u.
840 4676 888 4766 17)
913 4704 931 4743 a
954 4684 1043 4744 choro
1068 4682 1176 4743 leniter
1198 4682 1352 4742 incedente

95 4760 126 4838 (v.
139 4764 183 4852 15)
200 4774 323 4852 cantati,
342 4775 438 4834 metra
457 4777 528 4833 sunt
545 4774 730 4853 logaoedica.
766 4774 928 4850 Plerosque
947 4791 1050 4833 versus
1069 4764 1108 4854 (1.
1124 4784 1149 4831 ι.
1164 4784 1190 4832 3.
1205 4784 1229 4831 9.
1246 4783 1286 4831 10.
1303 4762 1351 4852 11)

94 4876 149 4918 uum
168 4864 197 4921 in
219 4863 357 4940 dipodius
385 4864 559 4925 dividendos
587 4882 651 4923 esse
677 4866 784 4941 pateat
810 4868 841 4923 et
868 4863 1007 4940 dipodica
1035 4862 1150 4923 scansio
1174 4861 1298 4924 carmini
1320 4861 1352 4919 in
