3417 5434
647 109 657 115 ,
715 113 998 255 „N

810 331 959 384 PINDARI
977 331 1146 388 malms.

498 493 713 568 dictaveras·
738 492 812 557 οὐδ’
838 492 1031 580 ἀκράν-τοις
1053 491 1203 577 ἐφάψατο

497 603 596 664 ἔπεσι.
643 601 702 664 τὸν
724 596 785 684 μὲν
808 599 978 681 ἀγάλ-λων
999 601 1080 676 θεὸς

417 725 450 773 90
497 708 619 772 ἔδωκεν
642 707 830 790 δίφρον-τε
854 708 996 792 χρύσεον
1017 719 1147 792 πτεροῖ-

540 817 596 879 σίν
618 812 648 877 τ’
674 813 863 898 ἀκάμαντας
885 813 1014 890 ἵππους.

1256 979 1336 1060 Στρ.
1360 973 1403 1039 δ’.

495 1061 570 1128 ἕλεν
593 1061 624 1127 δ’
652 1061 822 1146 Οἰνομάου
845 1063 925 1146 βίαν

541 1168 712 1252 παρθένον
735 1193 769 1234 τε
793 1171 970 1235 σύνευνον·

497 1275 520 1342 δ
543 1275 614 1342 τέκε
637 1275 775 1359 λαγέτας

542 1381 576 1461 ἓξ
600 1383 747 1469 ἀρεταῖσι
770 1386 934 1468 μεμαότας
955 1385 1060 1460 υἰούς,

498 1499 562 1555 νῦν
585 1489 616 1554 δ’
642 1489 678 1554 έν
702 1492 934 1576 αἱμακουρίαις

497 1597 651 1680 ἀγλααῖσι
673 1596 839 1682 μέμικται,

417 1721 450 1770 95
495 1703 634 1789 Ἀλφεοῦ
657 1707 749 1792 πόρφ
773 1708 916 1787 κλιθείς,

495 1813 623 1896 τύμβον
646 1811 836 1895 ἀμφίπολον
860 1815 944 1895 ἔχων
965 1833 1024 1875 πο-

541 1915 752 2004 λυξενωτάτῳ
777 1919 866 2002 παρὰ
888 1921 1013 2004 βωμῷ.
1035 1919 1073 1982 τὸ
1097 1915 1133 1982 δὲ
1157 1917 1250 1994 κλέος

498 2027 642 2107 τηλόθεν
665 2024 801 2110 δέδορκε
824 2033 885 2089 τᾶν
907 2023 1151 2109 Ὀλυμπιάδων·
1176 2024 1212 2089 ἐν
1235 2026 1373 2110 δρόμοις

498 2131 667 2215 Πέλοπος,
690 2133 746 2196 ἵνα
770 2134 911 2216 ταχυτὰς
933 2133 1048 2196 ποδῶν
1070 2131 1207 2215 ἐρίζεται

496 2239 600 2322 ἀκμαί
621 2237 650 2302 τ’
677 2240 791 2323 ἰσχύος
814 2240 1040 2323 θρασύπονοι·

400 2364 451 2412 100
496 2346 514 2411 δ
537 2357 641 2411 νικῶν
664 2343 701 2410 δέ
725 2347 843 2411 λοιπὸν
866 2344 951 2430 ἀμφὶ
973 2349 1088 2429 βίοτον

498 2455 562 2538 ἔχει
586 2456 799 2537 μελιτόεσσαν
822 2453 939 2517 εὐδίαν

409 2651 451 2701 88.
472 2647 546 2702 ένεπ.
567 2645 828 2714 BC,cf.Prol.x1
854 2678 890 2685 —
919 2645 1051 2713 ἐφάψατο
1070 2645 1205 2700 ABGD:
1235 2643 1362 2714 ἐφάψατ’
1383 2641 1423 2700 ὧν
1442 2647 1523 2716 Βμτ,
1544 2663 1611 2715 quae

335 2717 518 2788 interpolatio
533 2734 566 2772 ex
581 2718 655 2771 falsa
670 2717 833 2771 colometria
848 2720 910 2771 orta
925 2721 968 2771 est
983 2749 1016 2758 —
1031 2723 1073 2772 90.
1087 2736 1118 2770 τε
1132 2717 1271 2772 omO-
1290 2721 1332 2770 91.
1352 2717 1411 2782 ξυν.
1433 2719 1460 2771 Α
1483 2751 1511 2757 -
1535 2718 1610 2773 92?-
1667 2732 1668 2785 ,

334 2787 396 2843 τέκε
416 2790 551 2844 ABCD:
575 2787 636 2842 τέκε
660 2808 689 2842 τε
709 2788 754 2842 vel
773 2786 835 2842 τέκε
859 2788 891 2842 δέ
910 2790 994 2858 Byr,
1019 2788 1205 2857 probabiliter
1229 2821 1261 2828 -
1285 2786 1427 2857 μεμαότας
1446 2790 1568 2844 ΑΒΟΙ)
1585 2800 1608 2843 et

334 2860 434 2915 schol:
452 2859 608 2930 μεμαλότας
623 2861 724 2930 Rape.
740 2893 773 2900 -—
794 2865 835 2914 95.
853 2859 984 2928 Ἀλφαιοῦ
994 2861 1052 2913 A⁸⁰
1066 2891 1099 2899 —
1115 2865 1158 2915 96.
1172 2861 1332 2924 πολυξενοτ.
1345 2860 1434 2914 BCD
1451 2891 1482 2900 ·-
1503 2865 1548 2914 99.
1566 2861 1612 2914 ἀκ-

334 2929 384 3001 μαί
402 2930 438 2987 τ’;
459 2930 562 3001 ἀκμάτ’
583 2932 609 2984 Α
632 2965 661 2970 --
684 2937 742 2985 100.
763 2930 940 3003 ἀμφιβόητον
960 2933 985 2985 Α
1005 2961 1038 2970 -
1059 2937 1119 2984 101.
1139 2935 1256 3001 μελιττο.
1276 2931 1349 2998 AB,
1367 2936 1476 3000 μελιτω.
1496 2933 1527 2987 D
1545 2964 1577 2972 —

407 3079 448 3127 88.
470 3071 601 3141 ἐφάψατο
620 3091 643 3128 ο.
663 3074 720 3127 dat.
741 3074 776 3127 cf.
795 3073 824 3128 P.
840 3093 858 3126 x
873 3090 906 3127 aa.
930 3075 950 3127 l.
965 3093 996 3125 ru
1010 3090 1044 3128 so.
1069 3073 1102 3127 N.
1118 3093 1146 3126 ιν
1160 3089 1186 3127 ου
1206 3107 1238 3113 -
1258 3079 1300 3127 90.
1320 3073 1413 3132 alatos
1430 3074 1509 3143 quod
1528 3076 1613 3146 poeta

337 3161 422 3212 equos
434 3162 451 3198 a
461 3143 593 3214 Neptuno
609 3145 728 3198 donatos
743 3145 820 3213 dicit,
835 3149 958 3198 veterem
972 3145 1078 3198 famam
1092 3144 1122 3198 in
1136 3145 1208 3198 cista
1218 3135 1331 3215 Cypseli
1346 3161 1506 3215 expressam
1521 3147 1611 3214 (Paus.

335 3234 352 3268 v
368 3233 401 3282 ιτ,
414 3219 437 3284 τ)
454 3220 565 3270 secutus
580 3220 636 3282 est3
656 3216 731 3271 idem
745 3216 928 3285 Pherecydes,
944 3215 993 3284 qui
1006 3216 1064 3270 fere
1079 3233 1141 3269 cum
1156 3216 1278 3270 Pindaro
1292 3216 1440 3284 consentit,
1456 3216 1485 3270 in
1500 3217 1611 3270 scholiis

337 3287 532 3358 Soph.ldl.1o⁴
552 3290 581 3342 et
598 3287 746 3358 Euripides
766 3287 855 3342 Orest.
872 3303 911 3342 aaa
925 3287 1103 3341 tradiderunt
1126 3320 1159 3327 -
1179 3293 1221 3342 91.
1242 3287 1304 3341 ἕλεν
1322 3286 1349 3341 δ’
1373 3287 1518 3356 Οἰνομάου
1537 3287 1610 3360 μίαν
1666 3326 1667 3337 ,

335 3359 369 3413 δε
394 3358 569 3414 clandestino
594 3376 686 3414 amore
711 3358 919 3430 Hippodamiae
942 3361 971 3411 et
994 3358 1092 3413 fraude
1116 3359 1236 3426 Myrtili,
1260 3358 1377 3428 aurigae
1401 3359 1527 3440 Pelopis,
1551 3360 1612 3412 Pin-

333 3430 418 3484 darus
433 3433 484 3484 aut
501 3430 640 3485 nihildum
661 3431 744 3485 scivit
758 3434 808 3484 aut
822 3430 950 3484 consulto
965 3429 1109 3484 silentium
1123 3430 1191 3483 fecit
1213 3462 1248 3468 —
1272 3436 1314 3484 92.
1340 3429 1358 3483 ἃ
1376 3429 1439 3484 τέκε
1458 3449 1484 3483 ει
1496 3433 1570 3484 recte
1584 3431 1612 3483 in

333 3501 478 3556 codicibus
492 3503 630 3556 traditum
645 3505 695 3572 est,
710 3502 849 3556 Pindarus
863 3519 940 3556 more
954 3501 1113 3554 Atticorum
1126 3505 1273 3571 poetarum
1288 3501 1431 3570 dactylum
1451 3519 1502 3572 pro
1521 3501 1611 3555 iambo

334 3572 363 3625 in
381 3572 471 3643 primo
491 3574 562 3642 pede
582 3572 704 3626 dochmii
724 3573 872 3627 admisisse
891 3573 1033 3642 putandus
1052 3575 1108 3639 est;
1128 3573 1172 3626 sin
1190 3572 1340 3641 Byzantiui
1358 3572 1434 3626 felici
1454 3573 1611 3627 coniectura

332 3641 394 3698 τέκε
413 3663 442 3698 τε
460 3661 574 3697 manum
592 3648 693 3714 poetae
708 3645 899 3711 restituerunt,
914 3644 1031 3698 verbum
1043 3653 1135 3698 τεκεῖν
1149 3643 1186 3697 ad
1200 3647 1310 3713 patrem
1324 3661 1342 3697 a
1355 3643 1479 3699 Pindaro
1492 3645 1609 3698 relatum

333 3717 376 3769 est
391 3714 521 3769 similiter
535 3715 580 3769 hic
595 3719 681 3784 atque
696 3715 776 3770 O.v11
791 3733 814 3770 u
831 3719 860 3770 et
874 3732 959 3785 saepe
974 3716 1010 3770 ab
1020 3715 1140 3769 Homero
1154 3718 1184 3769 et
1192 3715 1295 3769 Atticis
1306 3715 1397 3785 poetis
1411 3747 1440 3755 -
1454 3715 1483 3782 ἓξ
1493 3761 1498 3771 .
1508 3717 1609 3777 ,υἱούς
1665 3750 1666 3753 =

330 3785 435 3855 Ἀτρέα,
457 3785 595 3856 Θυέστην,
615 3785 740 3854 Πιτθέα,
763 3786 914 3853 Ἆκάθουν,
938 3783 1112 3854 Πλεισθέτη,
1130 3786 1296 3853 Χρύσιππον
1314 3786 1400 3841 schol.
1421 3819 1454 3826 —-
1474 3786 1610 3857 μεμαότας

332 3875 383 3927 pro
398 3859 553 3928 μεμάῶτας,
568 3877 625 3926 qua
640 3859 729 3914 forma
743 3877 809 3912 usus
834 3863 878 3913 est
898 3859 933 3914 N.
948 3878 958 3910 1
972 3875 1009 3924 ιο;
1029 3857 1059 3910 in
1074 3858 1273 3912 commutanda
1291 3857 1454 3925 quantitate
1471 3859 1610 3912 vocalium

332 3951 350 3982 α
366 3933 395 3983 st
410 3950 433 3998 o,
453 3947 525 3998 quae
541 3930 607 3984 olim
623 3930 765 4001 digamma
781 3930 938 3984 disiunctae
953 3933 1041 3996 erant,
1060 3929 1199 3982 Pindarus
1218 3929 1332 3983 Homeri
1351 3928 1551 3983 auctoritatem
1570 3947 1611 3982 se·

332 4004 414 4054 cutus
430 4005 487 4070 θεῖς
510 4001 608 4056 dativo
623 4005 718 4054 autem
733 4001 785 4054 hoo
799 4001 916 4055 verbum
930 4001 1023 4055 iunxit
1037 4001 1074 4054 ad
1089 3999 1251 4070 analogiam
1266 4002 1414 4054 verborum
1427 3999 1568 4055 ἅπτεσθαι
1584 4006 1610 4054 et

331 4071 490 4142 θιγγάνειν.
529 4073 657 4128 Ceterum
676 4073 815 4139 Nonnum,
838 4091 901 4125 cum
923 4072 1036 4140 Dionys.
1051 4089 1085 4139 ar,
1102 4087 1140 4127 aaa
1158 4069 1306 4135 παντοίαις
1325 4073 1439 4143 ἀρετῇσι
1459 4071 1611 4142 μεμηλότας
1645 4083 1649 4107 ¹

333 4145 475 4212 scriberet,
495 4143 658 4214 μεμαλότας,
673 4162 729 4198 uon
749 4142 888 4214 μεμαότας
903 4144 980 4214 apud
993 4143 1147 4196 Pindarum
1161 4160 1271 4211 quoque
1286 4143 1389 4212 legisse
1403 4143 1556 4197 uerisimile
1570 4149 1610 4196 est

405 4221 438 4268 93
449 4233 484 4269 ss.
505 4216 608 4269 sensim
622 4220 706 4287 poeta
722 4219 753 4269 ut
768 4233 852 4284 supra
867 4233 900 4268 ex
914 4214 1056 4284 prooemio
1071 4214 1107 4267 ad
1122 4214 1288 4268 umbilicum
1305 4213 1437 4268 carminis
1452 4215 1610 4279 transierat,

334 4285 373 4340 sic
397 4286 443 4338 hic
468 4305 484 4340 a
508 4287 606 4340 sabula
629 4287 768 4341 Tantalea
796 4288 832 4340 ad
862 4305 977 4340 causam
1005 4285 1135 4340 Hieronis
1160 4285 1234 4339 redit
1261 4302 1353 4354 neque
1381 4290 1486 4339 temere
1516 4287 1608 4340 eodem
1664 4276 1665 4349 l

333 4356 483 4426 splendido
502 4359 640 4413 vocabule
660 4357 737 4422 κλέος
757 4361 822 4412 ante
840 4358 1031 4412 narrationem
1057 4363 1092 4426 (s.
1112 4360 1149 4425 rs)
1173 4362 1202 4410 et
1225 4360 1290 4427 post
1306 4357 1499 4411 narrationem
1523 4363 1559 4423 (r.
1576 4361 1610 4423 sa)

331 4445 398 4482 usus
418 4445 479 4483 esse
497 4430 610 4484 videtur
629 4461 662 4470 -
682 4437 724 4484 93.
744 4427 953 4499 αλμακουρλαις·
975 4427 1074 4483 schol:
1095 4429 1229 4496 Βοιωτικὴ
1248 4429 1266 4497 ἡ
1284 4427 1375 4498 φωνή.
1398 4429 1469 4482 Rem
1488 4429 1610 4482 illustrat

332 4499 415 4555 Paua.
435 4519 452 4553 v
473 4517 505 4568 18,
525 4519 536 4555 a
556 4501 660 4556 θόουοι
683 4501 714 4556 δὲ
739 4503 814 4574 αὐτῷ
838 4499 967 4570 (Πέλοπι)
992 4501 1040 4553 καὶ
1063 4508 1116 4554 νῦν
1140 4499 1180 4552 έτι
1206 4499 1233 4553 οἰ
1260 4500 1333 4553 κατὰ
1362 4498 1421 4561 έτος
1447 4499 1499 4562 τάς
1528 4500 1612 4572 ἀρχὰς

333 4571 455 4640 ἔχοντες
476 4572 507 4625 τὸ
522 4570 553 4626 δὲ
569 4570 671 4640 ἱερεῖόν
686 4573 743 4626 ἐστι
757 4574 834 4641 κριὸς
848 4572 932 4642 μέλας
947 4603 979 4611 —
999 4577 1041 4626 95,
1057 4568 1172 4638 κλιθείς,
1188 4570 1356 4639 κατάπτερος
1376 4570 1473 4625 dativo
1487 4571 1612 4626 iunctum

333 4645 426 4696 estut
445 4643 520 4711 apud
541 4643 691 4698 Homerum
710 4645 732 4698 Ε
753 4661 799 4698 τοο.
820 4645 842 4698 0
863 4661 902 4697 rso
921 4647 950 4697 et·
969 4643 1052 4710 Soph.
1072 4642 1172 4697 Trach.
1192 4659 1231 4696 roo
1253 4675 1290 4682 -
1312 4649 1354 4697 96.
1374 4645 1455 4714 βωμῷ
1475 4659 1514 4697 sc.
1536 4641 1611 4704 Διὸς·

335 4713 390 4766 fuit
409 4713 483 4767 enim
502 4713 644 4769 Πελόπιον
663 4733 711 4769 seu
735 4715 861 4769 tumulus
885 4713 997 4783 Pelopis
1021 4714 1051 4766 in
1068 4713 1128 4766 Alti
1154 4731 1241 4784 prope
1264 4714 1338 4768 Iovis
1361 4731 1452 4782 aram3
1477 4713 1512 4767 cf.
1533 4716 1612 4769 Paua.

333 4803 350 4838 v
361 4801 418 4854 ras
434 4817 467 4826 -
484 4791 525 4840 97.
542 4785 632 4856 gloria
647 4786 759 4856 Pelopis
775 4787 803 4840 in
819 4786 1028 4856 Olympicorum
1042 4785 1172 4839 ludorum
1186 4784 1333 4839 curriculis
1348 4785 1456 4840 eminus
1471 4785 1615 4855 splendet:
