3417 5434
300 298 443 354 xxxvia
810 298 1088 366 Paouaoousss.

302 487 340 528 er
364 463 450 528 binis
475 461 554 528 colis
579 465 768 528 constantes
790 461 827 525 10
849 461 961 526 eadem
980 461 1116 546 stropha
1135 460 1300 548 longiores
1319 461 1469 547 periodos
1488 461 1594 527 trium

301 571 484 656 pluriumve
517 570 739 635 membrorum
771 591 928 653 usurpare
961 573 994 634 et
1027 568 1098 634 cola
1119 569 1306 656 longiorum
1341 592 1491 635 versuum
1523 592 1593 634 non

302 679 409 743 minus
434 699 531 762 quam
558 677 744 742 breviorum
772 676 1000 742 communione
1028 678 1200 742 verborum
1223 674 1418 765 (συναφείᾳ)
1449 678 1593 743 conflare

302 787 389 850 inter
408 808 442 850 se
462 790 494 850 et
513 789 726 851 concatenare
745 784 862 848 solitus
877 789 935 848 est.
973 783 1176 868 Quamquam
1194 783 1297 869 igitur
1310 783 1442 849 Pindari
1461 806 1593 869 quoque

302 916 415 959 uersus
433 893 580 977 plerique
595 915 633 957 ex
648 891 735 957 binis
750 891 829 957 colis
850 896 1003 957 constant
1021 913 1126 975 neque
1145 891 1289 957 carmina
1307 892 1432 976 desunt,
1451 914 1594 977 quorum

302 1023 414 1066 versus
440 1022 552 1065 omnes
576 999 772 1064 bimembres
797 999 864 1064 sint
887 1003 925 1063 ut
947 997 982 1063 P.
1000 1016 1060 1084 xn,
1082 1004 1193 1064 tamen
1216 1004 1293 1064 sunt
1312 998 1368 1064 alii
1386 999 1488 1065 trium
1508 1000 1597 1065 colo-

302 1131 384 1193 rum,
408 1113 445 1172 ut
469 1107 586 1191 0.16,
609 1130 659 1191 ep.
679 1109 708 1172 8.
741 1104 774 1170 Ρ.
794 1123 832 1171 lx
851 1107 881 1172 5.
913 1105 954 1172 Ν.
973 1124 1000 1170 11
1019 1109 1050 1190 4,
1074 1105 1130 1170 alii
1153 1110 1306 1191 quatuor,
1335 1112 1373 1172 ut
1394 1105 1474 1171 Ru
1497 1129 1546 1191 ep.
1566 1111 1594 1172 1.
1702 1130 1703 1159 0

303 1234 341 1280 lx
360 1217 390 1281 5.
422 1215 463 1280 N.
482 1233 505 1277 v
527 1218 554 1279 l.
582 1231 619 1278 lx
638 1216 668 1278 4.
702 1213 727 1278 I.
746 1232 759 1277 Ι
778 1215 807 1278 4.
840 1216 945 1299 0115,
977 1213 1032 1277 051
1061 1213 1198 1297 denique
1227 1212 1368 1297 quinque
1392 1211 1442 1300 (P.
1460 1233 1474 1278 1
1494 1211 1531 1302 6)
1558 1220 1595 1279 et

303 1327 428 1408 septem
452 1320 598 1386 colorum
623 1319 662 1406 (l.
681 1337 745 1383 vm
764 1317 808 1407 5).
850 1319 1023 1384 Praeterea
1044 1320 1107 1385 hoc
1131 1319 1271 1385 maxime
1297 1325 1396 1406 poeta
1417 1320 1595 1387 Thebanus

303 1428 479 1513 adamavit,
510 1431 547 1491 ut
572 1427 643 1492 eolo
668 1426 724 1491 uni
748 1425 799 1491 vel
825 1426 975 1511 pluribus
1003 1425 1099 1491 iustis
1127 1426 1258 1491 breuem
1285 1427 1424 1513 epodum
1451 1425 1596 1516 (010000-

302 1535 383 1623 lam)
408 1537 545 1600 duorum
568 1533 619 1598 vel
643 1534 741 1598 trium
764 1534 884 1619 pedum
907 1533 1078 1619 subiceret,
1100 1555 1346 1618 nonnumquam
1366 1535 1464 1601 etiam
1484 1537 1592 1602 basim
1702 1616 1703 1631 ,

303 1645 439 1709 duarum
462 1642 634 1728 longarum
658 1639 709 1728 (Ο.
728 1660 751 1705 v
772 1643 800 1706 1.
820 1643 849 1706 2.
874 1663 923 1726 ep.
946 1645 972 1705 l.
992 1643 1021 1705 2.
1053 1640 1089 1705 Ρ.
1107 1659 1120 1704 1
1138 1642 1169 1707 3.
1196 1640 1222 1704 l.
1240 1658 1290 1705 vn
1309 1639 1345 1728 5)
1373 1642 1425 1707 001
1452 1644 1593 1709 duorum
1702 1694 1703 1719 2

303 1751 487 1816 iamborum
511 1747 559 1836 (P.
579 1767 605 1813 11
624 1773 672 1834 ep.
692 1749 720 1814 5.
744 1767 780 1814 vl
801 1753 824 1813 l.
848 1765 912 1812 vm
930 1769 978 1833 ep.
993 1750 1024 1812 4.
1047 1747 1185 1813 N.1114.
1209 1747 1358 1814 N.vn4.
1377 1772 1426 1834 ep.
1443 1748 1476 1837 1)
1497 1774 1594 1836 prae·
1702 1740 1703 1781 ³

303 1857 457 1923 mitteret.
500 1856 550 1921 Ne
575 1861 611 1921 tu
635 1854 751 1942 igitur,
778 1855 913 1921 candide
935 1855 1053 1938 lector,
1082 1855 1121 1919 de
1143 1854 1398 1921 inconcinnitate
1421 1862 1455 1922 et
1476 1857 1594 1923 incon-
1702 1862 1703 1911 ἒ

304 1965 428 2030 stantia
455 1962 588 2029 Pindari
621 1961 765 2047 queraris
795 1962 928 2046 eiusque
959 1966 1112 2027 naturam
1139 1961 1279 2028 modulis
1305 1963 1593 2048 pusillanimorum

304 2072 466 2138 artificum
490 2071 651 2154 metiaris3
678 2069 778 2134 immo
803 2074 839 2133 tu
862 2069 925 2135 hoc
947 2067 1110 2154 ingeniosi
1133 2072 1249 2154 poetae
1272 2091 1343 2135 esse
1366 2071 1480 2156 ducas,
1505 2073 1593 2157 quod

278 2202 369 2245 ·non
397 2178 489 2244 exilis
519 2181 551 2242 et
573 2177 700 2242 ieiunae
730 2177 897 2242 doetrinae
924 2176 1107 2260 praeceptis
1136 2199 1228 2241 suam
1255 2181 1359 2242 artem
1387 2179 1594 2264 constrinxit,

304 2288 360 2353 sed
383 2287 484 2351 libere
508 2284 709 2370 exspatiatus
732 2284 823 2350 uaria
846 2306 966 2371 genera
988 2283 1168 2348 carminum
1195 2289 1229 2348 et
1254 2305 1406 2350 versuum
1437 2286 1593 2372 amplecti
1702 2352 1703 2355 ,

304 2391 430 2458 maluit.

394 2501 448 2565 De
459 2500 632 2565 colorum
646 2498 796 2564 finibus
811 2499 1008 2584 scriptura
1022 2497 1309 2583 significandis.
1330 2499 1594 2585 Adpostremum

304 2608 417 2695 paucis
438 2608 630 2673 adumbrare
655 2606 760 2672 visum
784 2612 844 2692 est,
867 2627 964 2690 quam
988 2603 1073 2669 uiam
1097 2605 1138 2669 ad
1159 2605 1332 2671 indicanda
1349 2604 1423 2671 0010
1440 2629 1594 2674 versuum

305 2717 472 2802 ingressus
496 2715 567 2780 sim.
608 2713 718 2799 Atque
742 2735 840 2798 supra
862 2712 930 2777 iam
952 2711 1018 2776 dixi
1037 2733 1191 2778 versuum
1209 2712 1592 2798 dactylo-epitriticorum
1702 2770 1703 2773 ,

306 2822 377 2889 0010
401 2822 479 2887 0050
502 2820 537 2886 10
560 2821 744 2905 schematis,
767 2842 834 2886 non
853 2819 952 2885 etiam
971 2820 1006 2883 in
1024 2820 1198 2886 uerborum
1216 2823 1310 2885 textu
1328 2842 1348 2884 0
1365 2843 1417 2886 me
1436 2821 1542 2888 divisa
1560 2830 1594 2890 et

306 2929 448 2994 indicata
464 2950 543 2994 esse.
581 2928 672 2994 Idem
690 2929 790 2994 etiam
808 2927 842 2992 in
861 2926 1060 3014 logaoediois
1079 2927 1226 2992 versibus
1243 2949 1489 3012 nonnumquam
1508 2953 1594 2996 com·

307 3035 502 3101 mittendum
528 3035 656 3122 putavi,
689 3035 717 3100 si
745 3035 817 3100 cola
844 3034 1050 3100 breviuscula
1077 3056 1182 3119 neque
1211 3034 1467 3101 conformatione
1495 3037 1593 3103 metri

307 3148 458 3228 separata
481 3148 514 3208 01
537 3143 697 3227 dirempta
720 3142 794 3207 ridi.
837 3140 1028 3208 Ceterorum
1051 3145 1161 3206 autem
1193 3164 1343 3207 versuum
1371 3142 1445 3208 cola
1471 3144 1593 3230 duplici

307 3251 403 3316 modo
427 3251 462 3315 in
485 3256 575 3316 textu
600 3251 779 3334 separanda
802 3249 893 3336 duxi,
920 3253 957 3314 ut
980 3253 1038 3313 aut
1059 3249 1312 3333 unumquodque
1336 3249 1431 3314 colon
1458 3252 1593 3337 proprio

306 3381 402 3423 versu
430 3358 641 3443 includerem,
673 3363 729 3422 aut
761 3357 883 3422 lineola
913 3362 1100 3422 transversa
1122 3352 1169 3445 ()
1198 3356 1392 3441 interposita
1419 3358 1491 3423 0010
1519 3359 1594 3424 diri-

307 3488 436 3531 merem.
482 3465 554 3530 Hoc
582 3465 721 3530 alterum
749 3487 800 3530 me
829 3463 872 3529 iis
903 3464 939 3528 in
970 3464 1118 3532 versibus
1151 3463 1244 3549 0050,
1276 3486 1415 3550 quorum
1446 3466 1595 3552 rhythmi

307 3596 419 3638 cursus
452 3573 756 3658 interrumperetur,
790 3571 973 3638 instituisse
1005 3592 1072 3636 non
1099 3574 1150 3636 est
1177 3571 1264 3657 quod
1290 3571 1404 3637 multis
1431 3593 1593 3658 exponam

308 3686 341 3745 et
364 3680 542 3745 defendam.
585 3679 647 3746 Sed
671 3703 727 3746 our
749 3702 816 3744 000
838 3702 938 3744 unam
956 3679 1118 3744 rationem
1138 3678 1242 3744 solam
1260 3679 1399 3762 inierim,
1422 3685 1519 3745 amnt
1538 3683 1595 3766 qui

308 3809 360 3852 me
378 3787 582 3874 interrogent
601 3791 658 3852 aut
677 3787 775 3852 etiam
795 3791 938 3871 carpant.
981 3785 1106 3862 Quibus
1123 3786 1172 3850 ita
1190 3787 1378 3871 respondeo,
1401 3791 1439 3851 ut
1456 3809 1497 3852 ne
1516 3789 1595 3874 quid

307 3895 493 3960 reconditae
521 3894 658 3960 rationis
685 3894 720 3959 in
747 3895 808 3960 hac
837 3893 959 3980 duplici
990 3893 1041 3958 vel
1068 3893 1178 3979 potius
1206 3893 1329 3978 triplici
1356 3895 1410 3958 010
1437 3901 1595 3977 quaerant

307 4007 441 4088 rogatos
456 4001 561 4066 velim.
595 4001 672 4066 Non
686 4006 753 4066 tam
767 4001 893 4066 ratione
909 4001 1033 4083 ductus,
1053 4023 1152 4084 quam
1166 4001 1288 4084 partim
1301 4001 1491 4067 necessitati
1505 4004 1595 4069 0010-

307 4109 405 4175 minis
423 4131 549 4195 parens,
569 4109 689 4195 partim
709 4113 746 4174 ut
765 4108 896 4174 chartae
914 4129 1089 4192 parcerem,
1108 4108 1228 4193 partim
1246 4129 1286 4172 00
1305 4108 1412 4192 specie
1430 4109 1595 4176 inconcin-

307 4216 421 4282 nitatis
446 4216 558 4281 oculos
580 4217 739 4282 lectorum
765 4214 939 4299 laederem,
967 4214 1041 4298 plus
1068 4235 1167 4279 unam
1191 4213 1278 4278 viam
1305 4215 1433 4300 ingredi
1455 4215 1594 4282 institui.

308 4321 416 4408 Atque
439 4323 581 4409 primum
600 4324 720 4408 epodos
740 4327 773 4387 et
790 4322 932 4407 proodos
952 4343 990 4386 ex
1009 4321 1135 4386 duobus
1152 4321 1290 4408 pedibus
1309 4321 1390 4388 solis
1409 4328 1595 4390 constantes

308 4429 448 4516 propriis
472 4430 618 4496 versibus
642 4453 709 4495 non
732 4430 865 4515 inclusi,
887 4452 928 4494 ne
951 4434 1061 4495 textus
1084 4430 1258 4495 verborum
1280 4428 1380 4494 nimis
1402 4430 1539 4515 pusillas
1560 4433 1595 4496 in

307 4537 485 4623 particulas
509 4538 751 4624 discerperetur.
792 4536 917 4602 Deinde
941 4537 1041 4602 etiarn
1064 4536 1226 4602 clausulas
1249 4536 1352 4601 trium
1379 4538 1498 4622 pedum
1521 4561 1593 4603 cum

309 4645 518 4710 antecedente
542 4645 613 4709 colo
637 4667 737 4710 unum
760 4645 794 4710 in
818 4668 946 4710 versum
971 4644 1137 4729 coniunxi,
1166 4643 1270 4709 sicubi
1295 4643 1473 4710 clausulam
1495 4645 1594 4711 istam

309 4751 463 4839 rhythmo
496 4773 563 4817 non
594 4751 778 4838 interrupto
811 4751 1016 4818 antecedenti
1048 4751 1155 4817 versui
1187 4751 1416 4817 adhaerentem
1448 4751 1527 4838 vidi,
1559 4758 1596 4818 ut
1702 4794 1703 4825 ;
