3417 5434
879 956 1034 1010 ΠΤΘΙΟΝ.
1053 955 1097 1010 Β’.

636 1118 876 1202 ΙΕΡΩΝΙ
922 1118 1338 1208 ΣΥΡΑΚΟΣΙΩι

916 1314 1058 1369 ΑΡΜΑΤΙ.

900 1597 1075 1669 Strophee.

526 1734 563 1761 w
625 1708 1002 1776 nv-fflssuwv!

451 1800 457 1813 ⁸
526 1822 642 1850 xum
713 1794 1293 1869 ᾼῦὼυ.υβμμυ.υᾙ

866 3424 1108 3507 Argumentum.

438 3554 503 3624 Quo
526 3554 590 3614 leco
613 3554 749 3632 victorie,
773 3574 851 3631 quae
875 3558 981 3631 poetae
1004 3555 1060 3615 hoc
1084 3574 1203 3615 carmen
1226 3554 1378 3633 pangendi
1400 3556 1519 3632 copiam
1541 3556 1611 3629 lecit,

347 3646 501 3720 reportata
524 3644 572 3722 sit,
596 3644 657 3703 iam
679 3648 794 3703 veteres
818 3644 937 3704 criticos
960 3644 1095 3723 litigasse
1115 3644 1228 3704 scholia
1246 3644 1284 3703 ad
1302 3644 1390 3704 inser.
1409 3645 1611 3706 demonstrent.

348 3736 447 3810 Atque
471 3734 595 3809 Delphis
619 3754 685 3792 eam
708 3754 768 3793 nen
790 3738 910 3810 partem
933 3752 995 3793 esse
1019 3736 1050 3793 et
1073 3734 1149 3793 falso
1172 3734 1228 3793 hoc
1251 3752 1370 3793 carmen
1394 3734 1474 3794 inter
1496 3734 1612 3813 Pythice

346 3825 476 3883 relatum
499 3843 562 3882 esse
586 3844 620 3883 ex
643 3844 678 3882 eo
702 3823 776 3881 setis
799 3826 938 3900 apparet,
967 3823 1048 3899 qued
1075 3823 1152 3881 duee
1181 3822 1343 3898 Delphicae
1366 3823 1524 3903 victoriae,
1547 3840 1611 3901 quas

346 3916 466 3989 praeter
492 3913 650 3972 victoriam
677 3913 807 3973 carmine
830 3914 863 3971 P.
882 3932 893 3969 1
917 3912 1097 3971 celebratam
1120 3912 1211 3971 Hiero
1235 3912 1380 3989 obtinuit,
1408 3914 1502 3974 celete
1525 3931 1612 3990 reper-

347 4005 430 4061 tetee
453 4005 525 4059 sunt
547 3996 588 4082 (v.
607 4003 697 4061 schol.
717 4002 756 4060 ad
779 4003 810 4060 P.
829 4021 841 4059 1
864 3995 974 4083 insen),
1001 4002 1077 4061 hene
1105 4000 1260 4079 quadrigis
1287 4004 1406 4077 partam
1439 4022 1502 4063 esse
1534 4004 1611 4080 poete

348 4092 410 4168 ipse
429 4103 488 4152 nl
507 4091 673 4167 profitetur.
700 4092 736 4148 In
754 4111 786 4149 re
805 4090 920 4150 incerte
938 4090 1065 4150 maxime
1084 4090 1157 4149 mihi
1172 4090 1315 4149 Boeckhii
1334 4092 1485 4151 sententie
1504 4092 1610 4163 arridet,

348 4181 401 4257 qui
423 4180 521 4239 verbis
543 4179 609 4240 τόδε
631 4190 685 4240 τᾶν
709 4184 835 4258 λιπαρᾶν
860 4177 916 4239 ἀπὸ
943 4180 1047 4257 Θηβᾶν
1071 4176 1171 4257 φέρων
1195 4175 1280 4257 μέλος
1303 4177 1423 4260 ἔρχομαι
1447 4174 1489 4261 (v.
1510 4176 1540 4263 3)
1562 4198 1610 4239 nen

330 4271 445 4329 solnm
468 4271 575 4347 locum,
598 4270 677 4329 unde
701 4290 819 4329 carmen
843 4269 1023 4347 mitteretur,
1047 4270 1097 4328 sed
1121 4269 1213 4327 etiem
1236 4288 1319 4347 enm,
1345 4289 1404 4345 quo
1430 4271 1554 4330 victorie
1573 4287 1611 4326 re·

346 4362 468 4436 portate
496 4363 586 4437 esset,
614 4359 740 4419 indicari
769 4359 960 4419 existimavit.
993 4390 1029 4399 -—
1061 4358 1162 4417 Etiam
1192 4358 1289 4435 magis
1320 4357 1356 4417 de
1386 4362 1534 4438 tempore,
1562 4374 1610 4434 quc

346 4450 420 4508 haec
444 4448 501 4508 ode
524 4449 636 4525 scripta
663 4450 715 4526 sit,
746 4449 777 4507 in
805 4449 938 4508 diverses
965 4450 1066 4523 pentes
1089 4447 1146 4507 viri
1170 4448 1252 4507 docti
1274 4447 1439 4506 discedunt.
1486 4450 1610 4523 Namque

347 4538 516 4597 Beeckhius
545 4532 646 4614 (Expl.
666 4538 750 4597 Pind.
775 4541 806 4597 et
833 4539 880 4598 Kl.
901 4538 981 4598 Schr.
1002 4557 1045 4597 vu
1070 4548 1122 4595 430
1143 4528 1194 4617 ss.)
1225 4536 1391 4597 carminum
1420 4536 1452 4595 in
1483 4538 1609 4597 honorem

348 4626 486 4685 Hieronis
509 4628 590 4704 regis
613 4628 792 4704 scriptorum
815 4628 871 4687 hoc
890 4648 1008 4686 eermen
1029 4626 1272 4703 antiquissimum
1292 4644 1354 4685 esse
1373 4626 1535 4704 iudicavit3
1556 4642 1610 4685 con·

348 4719 396 4774 tra
419 4716 567 4794 Berghius
591 4720 621 4775 et
643 4718 871 4776 Drechmannus
895 4710 1013 4797 (Jahrb.
1029 4718 1047 4776 f.
1064 4717 1099 4777 cl.
1114 4716 1190 4775 Phil.
1209 4718 1294 4775 1890
1312 4736 1341 4791 p.
1356 4726 1406 4774 441
1423 4710 1468 4797 ff.)
1492 4720 1558 4794 post
1575 4731 1611 4770 re·
