3417 5434
867 959 1009 1014 ΟΛΤΜΠ.
1029 955 1080 1010 Η’.

520 1123 1014 1207 ΑΛΚΙΜΕΔΟΝΤΙ
1050 1121 1420 1206 ΑΙΓΙΝΗΤΗι

805 1319 913 1370 ΠΑΙΔΙ
932 1319 1142 1371 nehelami.

420 3429 595 3490 Alcimedon
618 3431 766 3509 Aegineta
790 3451 805 3490 e
829 3431 924 3491 nobili
947 3433 1036 3509 gente
1061 3429 1291 3506 Blepsiadarum
1313 3421 1355 3508 (v.
1376 3422 1424 3511 75)
1449 3428 1496 3490 01.
1514 3432 1554 3490 80
1568 3451 1606 3474 =

331 3520 395 3578 460
420 3537 446 3577 a.
470 3518 537 3581 Chr.
561 3539 636 3595 puer
658 3520 741 3579 lucta
764 3521 852 3596 vicit,
879 3520 944 3578 eius
973 3521 1069 3595 alipta
1090 3519 1229 3577 llelesias
1252 3518 1445 3578 Atheniensis
1468 3519 1537 3597 fuit,
1559 3515 1606 3594 qui

332 3608 422 3667 etiam
446 3609 663 3687 Aeginetarum
688 3609 874 3668 Timasarchi
901 3611 932 3668 et
954 3609 1120 3668 Alcimidaa
1147 3608 1292 3686 magister
1318 3607 1412 3667 fuisse
1440 3609 1607 3684 perhibetur

331 3690 382 3778 (N.
406 3715 438 3756 1v
462 3709 503 3758 93.
533 3717 564 3756 vr
590 3691 645 3779 74).
701 3699 730 3756 Is
759 3701 790 3756 et
818 3698 880 3774 ipse
908 3699 1041 3774 palmam
1071 3716 1159 3773 saepe
1188 3717 1223 3756 ex
1255 3697 1469 3757 certaminibus
1501 3698 1608 3756 tulerat·

329 3789 360 3845 et
387 3787 510 3845 laudum
541 3807 701 3863 puerorum
726 3807 744 3845 a
773 3807 802 3846 se
831 3787 1040 3847 institutorum
1072 3789 1190 3863 partem
1219 3787 1326 3846 merito
1354 3786 1411 3845 sibi
1439 3785 1605 3846 vindicavit.

331 3875 427 3936 Paulo
456 3880 524 3934 ante
549 3877 787 3935 Alcimedontem
810 3878 904 3936 frater
927 3877 991 3936 eius
1014 3876 1110 3936 maior
1133 3876 1339 3935 Timosthenes
1362 3877 1477 3935 Nemea
1500 3877 1607 3935 vicerat

331 3956 372 4044 (v.
389 3957 446 4044 15),
466 3966 551 4024 cuius
571 3966 728 4024 victoriam
747 3967 843 4043 magis
863 3966 955 4025 etiam
973 3966 1029 4024 hoc
1048 3966 1113 4024 loco
1133 3965 1251 4023 laudari
1271 3965 1437 4042 oportebat,
1457 3965 1484 4023 si
1501 3966 1607 4038 eodem,

329 4056 366 4111 ut
388 4073 444 4129 par
467 4057 520 4132 est,
544 4054 667 4114 Melesia
689 4055 785 4130 alipta
808 4074 882 4113 usus
906 4059 978 4114 erat.
1012 4055 1116 4112 Trium
1139 4054 1234 4132 igitur
1257 4055 1407 4113 victorum
1429 4055 1535 4114 laudes
1557 4054 1607 4112 hac

331 4142 388 4202 oda
412 4145 501 4218 poeta
525 4144 746 4221 complectitur,
775 4163 907 4204 summas
931 4144 1155 4221 Alcimedontis,
1179 4143 1233 4219 qui
1257 4141 1399 4220 Olympia
1422 4144 1545 4220 vicerat,
1568 4161 1607 4200 se·

331 4232 443 4290 cundas
467 4232 606 4291 Melesiae
631 4234 751 4311 aliptae,
777 4234 863 4294 cuius
886 4234 959 4293 haec
976 4234 1104 4294 victoria
1127 4233 1283 4311 trigesima
1305 4233 1373 4310 fuit,
1397 4233 1489 4292 tertia
1515 4233 1607 4291 'limo-

334 4321 448 4380 sthenis
470 4321 591 4380 Nemeis
615 4321 745 4381 victoris.

421 4411 455 4469 In
482 4411 603 4470 exordio
630 4412 770 4471 carminis
795 4417 885 4488 poeta
913 4411 1097 4489 Olympiam,
1125 4411 1204 4470 unde
1234 4411 1423 4489 Alcimedon,
1450 4415 1609 4489 antequam

331 4502 482 4562 certamen
506 4499 604 4579 iniret,
628 4502 763 4560 faustum
786 4502 949 4579 augurium
972 4505 1137 4577 acceperat,
1160 4501 1293 4578 invocat,
1321 4505 1357 4559 ut
1379 4501 1509 4579 benigne
1532 4521 1608 4578 pom·

329 4609 399 4664 pam
434 4589 619 4648 victorialem
653 4590 782 4666 accipiat
815 4584 951 4672 (1-10).
1002 4589 1159 4665 Olympiae
1192 4589 1326 4649 favorem
1358 4590 1452 4668 Iovis,
1485 4591 1608 4650 Alcime·

331 4677 416 4736 donti
448 4678 571 4754 eiusque
605 4680 691 4738 fratri
722 4680 908 4739 'limostheni
939 4698 1035 4754 nuper
1065 4678 1267 4756 impertitum,
1297 4682 1327 4738 et
1357 4679 1462 4739 laudes
1492 4678 1609 4740 victoris

332 4767 420 4842 pueri
444 4770 536 4842 atque
560 4769 694 4847 Aeginae
717 4769 834 4846 patriae
859 4769 991 4830 adnectit
1015 4761 1158 4850 (to-30).
1197 4768 1282 4839 Quod
1301 4768 1420 4847 Aegina
1443 4789 1462 4828 a
1484 4769 1609 4830 Doribus
