3417 5434
838 324 987 375 PINDARI
1005 323 1171 377 Ermum.

525 502 560 550 45
581 483 800 570 Ἀλεξιβιάδα,
823 482 860 551 σε
883 484 913 551 δ’
941 487 1040 570 ἠύκο-

625 617 682 678 μοι
705 592 863 678 φλέγοντι
887 593 1032 679 Χάριτες·

577 700 737 786 μακάριος
760 700 797 776 ὃς
819 703 903 784 ἔχεις

485 815 490 824 ’
578 805 634 871 καὶ
656 807 740 872 πεδά
762 805 868 889 μέγαν
890 806 1037 891 κάματον

581 916 690 995 λόγοιν
713 913 887 999 φερτάτων

581 1019 729 1105 μναμήι’.
774 1019 811 1085 ἐν
833 1021 1077 1107 τεσσαράκοντα
1100 1020 1163 1106 γάρ

527 1144 561 1191 oo
579 1131 792 1194 πετόντεσσιν
815 1127 963 1212 ἁνιόχοις
985 1128 1065 1193 ὅλον

581 1236 705 1321 δίφρον
727 1234 875 1320 κομίξαις
897 1234 1035 1319 ἀταρβεῖ
1056 1237 1158 1320 φρενί

579 1336 680 1424 ἦλθες
704 1342 768 1425 ἥδη
792 1343 922 1426 Λιβύας
944 1343 1060 1407 πεδίον
1084 1340 1116 1420 έξ
1139 1341 1273 1424 ἀγλαῶν

580 1447 714 1514 ἀέθλων
736 1447 793 1514 καὶ
814 1451 986 1532 πατρωίαν
1007 1452 1115 1515 πόλιν.
1452 1467 1486 1514 70

1297 1609 1364 1675 Ἐπ.
1387 1609 1431 1694 β’.

579 1721 693 1784 πόνων
716 1716 748 1783 δ’
774 1718 888 1794 οὔτις
911 1717 1097 1804 ἀπόκλαρός
1120 1717 1210 1783 ἐστιν
1232 1715 1305 1783 οὔτ’
1331 1721 1452 1782 ἔσεται·

526 1825 597 1890 556
621 1825 751 1890 Βάττου
775 1823 808 1888 δ’
832 1823 943 1890 ἕπεται
966 1826 1105 1902 παλαιὸς
1191 1901 1193 1908 ¹

622 1919 721 2016 ὄλβος
743 1935 849 2016 ἔμπαν
872 1933 912 1996 τά
935 1930 990 1997 καὶ
1012 1933 1053 1996 τά
1075 1931 1199 2016 νέμων,

577 2040 704 2125 πύργος
726 2039 842 2116 ἀστεος
865 2041 967 2124 όμ-μα
990 2062 1025 2105 τε
1048 2042 1275 2124 φαεννότατον
1452 2055 1484 2103 75

579 2145 710 2225 ξένοισι.
747 2148 859 2212 κεῖνόν
881 2170 918 2229 γε
941 2145 997 2211 καὶ
1019 2148 1226 2232 βαρύκομποι

579 2253 709 2331 λέοντες
730 2250 807 2339 περὶ
829 2253 958 2338 δείματι
981 2253 1107 2338 φύγον,

581 2367 735 2445 γλῶσσαν
758 2359 831 2425 ἐπεί
841 2400 855 2409 -
870 2377 953 2444 σφιν
975 2359 1145 2426 ἀπένεικεν
1167 2361 1250 2442 ὑπερ
1265 2395 1279 2404 -
1293 2363 1448 2425 ποντίαν·

527 2467 598 2534 εοδ
622 2466 654 2533 δ’
679 2467 861 2554 ἀρχαγέτας
883 2463 979 2532 ἔδωκ’
1000 2465 1171 2533 Ἀπόλλων
1450 2484 1484 2532 80

577 2581 687 2661 θῆραι·
709 2577 792 2662 αἰνῷ
816 2577 928 2662 φόβει,

436 2865 478 2913 49.
508 2857 649 2982 propris-ct.
663 2859 692 2912 D
718 2859 748 2912 et
775 2857 876 2912 schol:
899 2857 1040 2928 proprisos
1062 2861 1155 2928 (μνημ.
1179 2859 1216 2927 Β)
1241 2859 1304 2914 Bo
1323 2891 1356 2898 -
1376 2865 1419 2915 50.
1442 2852 1625 2927 ἁνιόχοιιιιιό1
1657 2913 1658 2916 ¹

367 2963 399 2971 —
424 2937 466 2985 51.
490 2931 537 2984 luc
580 2933 664 2983 esrmt
688 2931 712 2984 0
731 2961 766 2969 —-
789 2934 831 2984 52.
855 2931 967 2998 ἀγλαῶν
990 2928 1108 2984 Mosen:
1128 2933 1249 2998 ἀγαθῶν
1272 2930 1337 2984 BD
1359 2961 1394 2970 ·—
1413 2929 1505 2984 ἔσεται
1523 2925 1622 2982 Mosen:
1657 2961 1658 2974 2

366 3002 474 3056 ἔσσεται
492 3003 520 3055 Β
530 3003 560 3056 D
569 3002 600 3055 Β
615 3033 647 3041 -
662 3007 704 3056 5⁷.
724 3003 779 3066 ξεν.
794 3002 836 3056 X:
855 2997 922 3066 ξελν.
938 3003 966 3055 Β
975 3001 1005 3055 D
1014 3001 1045 3054 E
1059 3033 1091 3041 -
1106 3005 1148 3055 58.
1168 3001 1261 3072 φάγον
1279 3002 1397 3056 Mosch.:
1417 3009 1523 3071 propos
1537 3000 1561 3052 Β
1570 2993 1624 3051 ΒΕ

368 3106 400 3114 —
422 3078 464 3128 ot.
491 3071 635 3126 ἐπένεικεν
653 3071 756 3126 lemma
774 3072 835 3127 cod.
859 3073 886 3127 U
901 3071 1038 3142 probante
1056 3071 1165 3141 Heynio
1184 3105 1218 3114 -

437 3219 480 3268 45.
497 3213 679 3287 Ἀλεξιβιάδα·
695 3213 837 3283 Carrhete,
851 3213 998 3268 Alexibiae
1017 3213 1059 3268 fili
1073 3245 1108 3254 —
1121 3214 1309 3285 ἠόιιομοιφιο
1328 3215 1444 3285 atropos
1461 3216 1498 3270 ad
1515 3226 1621 3268 norman

365 3286 575 3341 Homerioorum
592 3286 736 3339 nominum
758 3287 893 3356 ἠόιιομος,
916 3283 1049 3368 ἡνγένεια
1067 3283 1264 3410 -φλέγοντι,
1290 3285 1450 3356 illustrant,
1476 3289 1508 3340 ut
1524 3285 1553 3338 0.
1567 3297 1619 3359 ιιξι

368 3391 400 3398 -
420 3364 463 3412 47.
482 3356 570 3411 πεδά·
589 3356 705 3412 Aeolica
722 3356 813 3411 forma
830 3357 1057 3426 praepositionis,
1075 3360 1109 3410 ut
1136 3379 1152 3412 ν
1167 3374 1229 3411 cum
1245 3375 1302 3412 acc.
1316 3375 1366 3427 pro
1382 3359 1439 3413 dat.
1456 3377 1480 3413 v.
1495 3375 1528 3424 ss,
1545 3351 1620 3409 Aeoli-

367 3447 414 3484 cos
433 3445 564 3482 numeros
582 3428 666 3482 huius
684 3428 817 3483 carminis
835 3428 929 3494 decet;
949 3428 1051 3482 mirum
1065 3431 1168 3496 tamen,
1183 3430 1258 3497 qnod
1272 3429 1351 3484 iuxta
1365 3430 1509 3484 Aeolicam
1522 3428 1621 3480 forman

368 3499 443 3555 πεδά
462 3500 549 3554 etiam
567 3499 693 3570 vulgaris
711 3499 781 3571 μετά
798 3519 824 3554 v.
844 3516 871 3554 οι
894 3504 1029 3570 usurpata
1054 3502 1106 3568 est,
1125 3500 1292 3569 scribarum,
1318 3501 1430 3571 opinor,
1464 3494 1620 3570 neglegentis

369 3603 400 3612 -
421 3578 463 3628 62.
482 3573 583 3626 πεδίον
598 3614 604 3625 .
621 3615 626 3625 .
642 3613 648 3626 .
663 3570 757 3626 πόλιν·
783 3572 818 3625 de
836 3572 999 3626 accusativo
1018 3571 1055 3626 ad
1074 3570 1179 3639 locum,
1199 3589 1282 3641 quem
1300 3575 1363 3641 quis
1381 3573 1465 3643 petit,
1484 3569 1620 3642 significan·

366 3645 433 3696 dum
451 3643 517 3696 vide
536 3643 573 3696 ad
593 3642 624 3696 0.
643 3663 661 3695 x
679 3660 704 3699 ss
724 3676 758 3683 —
778 3649 820 3698 ol.
840 3642 981 3697 sententia
1000 3641 1145 3696 simillima
1164 3643 1197 3700 Ο.
1215 3663 1233 3696 ιι
1252 3661 1278 3699 ιι
1297 3675 1331 3684 -
1349 3663 1400 3699 τε.
1418 3688 1423 3698 .
1440 3645 1533 3700 ,οὔτε
1551 3638 1618 3692 eliam

365 3717 384 3771 l.
404 3734 433 3768 vr
451 3731 477 3768 ιε
495 3717 525 3767 et
542 3714 577 3769 N.
596 3733 624 3766 n
642 3731 669 3769 ao
687 3714 743 3768 sibi
761 3715 939 3784 respondent.

439 3791 482 3840 55.
497 3785 533 3839 ad
549 3784 647 3840 laudes
660 3786 799 3841 maiorum
813 3785 928 3840 victoris
942 3785 1053 3854 transit,
1064 3803 1126 3839 cum
1141 3785 1282 3855 Apollinis
1297 3785 1381 3841 laude
1395 3803 1444 3841 eas
1459 3785 1620 3858 coniungens:

366 3857 495 3926 quamvis
519 3857 594 3911 enim
617 3873 674 3911 non
697 3858 757 3912 sine
779 3857 926 3911 laboribus
949 3874 1065 3928 prosper
1083 3861 1199 3910 eventus
1218 3859 1380 3912 certaminis
1399 3859 1567 3928 comparatus
1583 3851 1617 3926 sit

365 3929 487 3983 similem
511 3932 607 3984 tamen
630 3928 743 4000 (ἔμπαν)
765 3929 869 3984 veteris
893 3928 971 3982 Batti
995 3928 1136 3982 fortunam
1160 3929 1198 3983 ad
1221 3928 1280 3983 cius
1305 3929 1469 4001 progeniem
1491 3943 1537 4000 pro
1555 3936 1618 3991 agan

365 4033 399 4040 —
421 4000 457 4055 τὰ
480 4002 528 4054 καὶ
551 4000 587 4054 τὰ
609 3999 712 4067 νέμων·
733 4000 855 4055 secunda
875 4003 904 4055 et
922 4000 1041 4054 adversa
1059 4000 1191 4068 afferens,
1215 4003 1248 4053 ut
1271 4001 1291 4057 Ι.
1311 4021 1342 4054 ιιι
1360 4018 1384 4056 ει
1410 4033 1444 4041 -
1469 4009 1508 4055 55.
1531 3945 1618 4071 διατι·

366 4071 510 4142 conspirat
528 4071 607 4125 Batti
626 4088 685 4127 sors
704 4078 733 4126 et
751 4071 848 4127 fausta
866 4074 896 4125 et
914 4071 1033 4126 adversa
1052 4088 1146 4126 secum
1160 4071 1252 4126 ferens
1266 4089 1330 4126 cum
1345 4089 1385 4141 εο,
1421 4073 1477 4127 uod
1491 4074 1522 4126 de
1535 4067 1617 4122 laton·

365 4144 418 4197 bus
443 4161 507 4197 cum
530 4144 717 4214 prosperitate
736 4143 894 4198 coniunctis
913 4142 986 4211 dixi,
1010 4144 1084 4197 unde
1104 4143 1258 4197 scholiasta
1277 4144 1392 4198 verbnm
1426 4164 1507 4199 πεται
1524 4141 1551 4196 0.
1567 4149 1617 4188 11²l

365 4215 568 4285 interpretatur
589 4213 756 4285 ἁρμόζει-
774 4221 817 4269 67.
841 4214 957 4282 ξένοισι·
982 4214 1075 4268 laudis
1094 4214 1188 4286 gratia
1206 4218 1339 4286 augetur,
1363 4215 1389 4268 si
1411 4214 1555 4270 Pindarum
1571 4212 1615 4260 lum

367 4287 459 4357 ipsum
478 4285 673 4356 hospitalitate
692 4287 767 4357 regis
785 4304 867 4341 nsum
885 4289 1091 4340 statuamus-
1107 4291 1140 4341 ot
1155 4303 1190 4340 ss.
1210 4287 1378 4340 miraculum
1390 4287 1503 4341 leonum
1516 4303 1532 4340 a
1543 4281 1615 4337 Bello

367 4358 511 4414 conditore
535 4357 713 4427 Cyrenarum,
736 4358 767 4412 in
790 4359 888 4428 fugem
912 4357 1118 4427 compulsorum
1141 4362 1228 4428 auget
1245 4358 1333 4412 etiam
1350 4358 1433 4413 Paus.
1449 4378 1466 4411 x
1485 4375 1517 4426 ιι,
1534 4373 1555 4410 o:
1571 4347 1614 4402 lrsl

365 4428 447 4501 ᾤκισε
472 4428 576 4493 Βάττος
598 4430 649 4499 τὴν
675 4430 820 4501 Καρήνην,
844 4429 952 4500 λέγεται
975 4431 1022 4482 καλ
1046 4437 1095 4498 τῆς
1118 4437 1215 4498 φωνῆς
1232 4427 1367 4498 γενέσθαι
1385 4429 1413 4483 ολ
1430 4429 1536 4486 τοιόνδε
1552 4424 1613 4504 λαβέ

366 4501 452 4556 ἐπιὼν
478 4511 534 4556 τῶν
559 4501 728 4570 Κυρηναίων
755 4503 806 4571 τὴν
834 4503 928 4573 χάραν
954 4500 984 4554 έν
1009 4509 1067 4564 τοῖς
1092 4499 1218 4569 ἐσχάτοις
1243 4501 1329 4570 αὐτῆς
1354 4500 1467 4571 ἐρήμοις
1493 4495 1615 4576 sipirtus

364 4579 468 4628 θεᾶται
491 4571 603 4641 λέοντα,
626 4575 675 4627 καὶ
700 4574 787 4628 αὐτὸν
810 4573 842 4627 τὸ
869 4575 952 4644 δεῖμα
976 4573 1009 4626 τό
1036 4572 1066 4626 έιι
1090 4580 1139 4641 τῆς
1161 4571 1237 4635 θέας
1262 4573 1363 4645 βοῆσαι
1388 4571 1476 4642 σαφὲς
1500 4571 1543 4626 καλ
1562 4578 1615 4640 utta

365 4643 524 4714 ἠνάγκασεν
570 4644 674 4698 Contra
695 4645 833 4698 Pindarus
851 4661 921 4698 voce
939 4661 955 4698 e
973 4644 1040 4698 navi
1059 4659 1143 4713 super
1161 4659 1239 4697 mare
1257 4643 1344 4698 missa
1363 4643 1478 4698 Battum
1496 4643 1577 4698 leones
1591 4649 1612 4684 11¹

366 4717 462 4838 fugam
476 4716 594 4769 vertisse
607 4716 698 4784 fingit.
727 4717 767 4769 De
782 4716 886 4770 fabulis
902 4716 1045 4770 hominnm
1061 4733 1124 4768 cnm
1138 4714 1266 4769 leonibus
1284 4714 1314 4767 in
1332 4715 1422 4784 Libya
1441 4707 1613 4770 dimicantibus

366 4786 396 4841 vi
416 4803 432 4840 e
446 4787 483 4840 ad
497 4787 526 4841 P.
542 4807 569 4840 rr
584 4804 609 4842 ιτ
624 4819 659 4825 -
674 4793 716 4840 58.
730 4789 794 4855 περὶ
809 4784 928 4857 δείματι,
943 4804 1010 4858 pras
1024 4789 1113 4852 metu;
1133 4787 1168 4841 cs.
1183 4787 1247 4856 περὶ
1261 4785 1341 4860 φόβῳ
1356 4787 1454 4842 Aesch.
1470 4782 1576 4853 Ghoeph·
1588 4789 1612 4839 u,

366 4858 431 4926 περὶ
450 4857 545 4930 τάρβει
564 4859 662 4912 Aesch.
682 4859 757 4913 Pers.
776 4876 815 4913 soc
835 4891 868 4898 -
