3417 5434
311 315 377 379 266
779 317 927 369 Pinaria
946 317 1112 371 animari.

369 498 569 584 Τιμάσαρχε,
591 500 670 582 τεάν
693 496 906 563 ἐπινικίοισιν
928 495 1058 574 άοιδαῑς

363 607 534 691 πρόπολον
556 607 699 690 ἔμμεναι.
745 607 777 669 εί
798 603 837 669 δέ
858 627 909 669 τοι

311 729 345 776 80
363 713 475 800 μάτρφ
499 710 533 797 μ’
559 714 607 776 ἔτι
629 714 811 778 Καλλικλεῖ
830 711 974 788 κελεύεις
1537 729 1589 777 130

365 925 489 992 στάλαν
513 925 616 1009 θέμεν
638 928 771 1013 Παρίου
795 929 896 991 λίθου
912 967 925 975 -
941 925 1150 1011 λευκοτέραν·
1375 929 1455 1010 Στρ.
1475 925 1532 990 ια’.

363 1032 381 1098 ὁ
404 1034 527 1119 χρυσὸς
550 1031 709 1118 ἑψόμενος

363 1141 468 1224 αὐγάς
491 1137 613 1218 ἔδειξεν
634 1139 777 1223 ἀνιάσας,

407 1247 512 1333 ὕμνος
535 1244 572 1313 δὲ
595 1259 662 1314 τῶν
684 1245 823 1331 ἀγαθῶν

364 1353 535 1441 ἐργμάτων
557 1359 750 1440 βασιλεῦσιν
775 1355 973 1438 ἰσοδαίμονα
995 1355 1101 1439 τεύχει

310 1478 343 1526 05
362 1473 471 1548 φῶτα·
494 1473 603 1539 κεῖνος
625 1460 706 1547 ἀμφ’
732 1459 898 1547 Ἀχέροντι
921 1460 1083 1527 ναιετάων
1107 1457 1188 1546 ἐμὰν

361 1574 515 1653 γλῶσσαν
537 1567 658 1655 εὑρέτω
681 1569 857 1654 κελαδῆτιν
877 1566 1119 1654 Ὀρσοτριαίνα,

361 1675 407 1743 ἵν’
432 1676 469 1742 έν
492 1676 597 1761 ἀγῶνι
620 1677 834 1762 βαρυκτύπου

362 1784 508 1867 θάλλησε
531 1786 732 1870 Κορινθίοις
754 1786 911 1860 σελίνοις·

362 1998 421 2062 τὸν
443 1997 605 2082 Εὐφάνης
628 1995 755 2062 έθέλων
778 1998 925 2084 γεραι-ὸς
947 1997 1125 2084 προπάτωρ
1354 2002 1434 2086 Στρ.
1455 1996 1513 2082 ιβ’.
1533 2016 1588 2064 145
1680 2069 1681 2072 ,

309 2121 343 2169 90
362 2105 420 2181 σὸς
442 2105 552 2170 άεισεν
575 2106 662 2188 τότε,
685 2115 752 2169 παῖ.

362 2213 491 2277 άλλοισι
515 2208 547 2275 δ’
572 2211 682 2286 άλικες
704 2212 812 2277 άλλοι·

405 2319 445 2383 τὰ
468 2316 500 2382 δ’
526 2317 626 2394 αὐτὸς
648 2319 690 2383 άν
712 2341 763 2396 τις
786 2319 857 2404 ἴδη,

362 2428 494 2490 ἔλπεταί
514 2448 565 2502 τις
586 2423 721 2501 ἕκαστος
746 2423 928 2509 ἐξοχώτατα
950 2425 1091 2509 φάσθαι.

361 2524 435 2598 οἷον
457 2531 578 2598 αἰνέων
601 2555 636 2597 κε
660 2535 835 2616 Μελησίαν
858 2533 952 2618 ἔριδα
975 2531 1127 2619 στρέφοι,

308 2697 520 2704 ——---.-.——-.

308 2779 419 2849 πάτραν
433 2779 473 2835 ἵν’
487 2779 643 2836 Hermannz
661 2777 803 2849 πάτρανιν
816 2780 889 2849 1)st
908 2778 1021 2846 πάτραν
1039 2800 1084 2835 νιν
1104 2780 1130 2834 Β
1140 2781 1206 2835 D¹¹⁰
1222 2811 1253 2821 -
1270 2786 1311 2835 78.
1330 2779 1398 2836 τεὰν
1417 2781 1510 2837 codd:
1530 2780 1586 2835 σὰν

308 2852 451 2906 Hermann
469 2883 502 2892 -
522 2857 564 2906 82.
588 2851 722 2942 σρρυσὸς
741 2849 769 2906 δ’
786 2847 830 2920 io.
846 2851 918 2906 coni.
933 2850 1045 2906 Bocchh
1066 2883 1095 2891 -
1116 2856 1159 2906 87.
1183 2849 1222 2905 ἴτ’
1239 2850 1270 2906 ἐν
1288 2852 1382 2907 codd:
1409 2851 1439 2915 ὃς
1462 2852 1492 2907 ἐν
1511 2853 1585 2907 coni.
1682 2899 1683 2906 ,

307 2923 527 2990 Rauchenetein‚
554 2921 618 2977 ένειι
648 2923 805 2978 Mommsen
829 2955 860 2964 *
885 2926 927 2976 88.
953 2921 1076 2992 θάλλησε
1096 2922 1222 2978 Schmid:
1248 2922 1356 2993 θάλησε
1375 2924 1471 2992 codd.;
1494 2923 1529 2978 cf.
1549 2923 1585 2977 N.

310 3015 327 3048 x
340 3011 367 3048 ιι
382 2998 411 3050 et
429 2994 501 3050 Prol.
516 3013 545 3048 11
565 3026 595 3034 -
616 2999 658 3048 90.
678 2994 726 3057 σὸς
744 2994 838 3049 ἄεισεν
857 2992 918 3049 τότε
937 2995 1016 3062 (ποτε
1034 2993 1188 3065 Hermann)
1205 3002 1260 3049 ταῑ
1276 2995 1346 3049 coni.
1362 2993 1586 3051 Ranchenstein:

308 3066 323 3120 ὁ
338 3065 385 3130 σὸς
403 3063 527 3121 erasm
544 3074 599 3120 παῖ
614 3065 695 3122 codd.
715 3070 744 3120 et
762 3065 846 3120 schol.
864 3099 896 3106 -
912 3070 952 3119 91.
974 3065 1011 3121 dv
1024 3086 1066 3129 τις
1079 3065 1126 3136 ίδη
1140 3081 1174 3120 ex
1190 3065 1303 3120 scholiis
1317 3065 1472 3123 Hermann:
1492 3066 1530 3121 ἄν
1543 3087 1587 3130 τις

308 3138 378 3210 τύχη
397 3137 486 3208 codd,
501 3137 573 3192 άντα
586 3137 655 3209 τύχη
670 3137 716 3192 vel
730 3137 864 3209 άντιτύχη
878 3135 1039 3208 Mingerelli
1053 3169 1085 3176 -
1101 3142 1142 3192 93.
1158 3133 1218 3192 οἷον
1233 3138 1263 3192 D
1276 3137 1425 3206 Didymus:
1446 3133 1507 3192 aios
1522 3139 1586 3192 Ari-

380 3285 421 3335 81.
451 3279 610 3335 columnam
634 3280 716 3336 Pario
741 3296 879 3334 marmore
905 3278 1095 3334 candidiorem
1120 3279 1191 3334 dicit
1215 3296 1327 3334 cumen
1352 3279 1519 3350 epinicium;
1548 3281 1585 3336 cf.

308 3351 343 3406 N.
357 3370 375 3404 v
393 3350 431 3405 in.
451 3355 480 3405 ct
497 3351 563 3406 Hor.
583 3351 611 3406 (l.
630 3371 658 3406 ιτ
676 3369 697 3421 ε,
718 3369 755 3407 rr:
775 3369 830 3408 ποιι
847 3353 938 3406 incisa
955 3354 1028 3405 actis
1045 3368 1181 3406 marmora
1196 3353 1318 3421 publicis
1336 3353 1440 3407 clasiae
1458 3354 1587 3406 indicant

308 3423 403 3477 ῑααδιε
420 3441 502 3493 qaam
517 3422 650 3479 Calabrae
663 3425 793 3478 Pierides.
824 3422 980 3478 candorem
994 3422 1068 3476 idem
1083 3421 1216 3476 Horatius
1230 3421 1258 3478 G.
1273 3441 1284 3475 1
1299 3439 1331 3490 ιο,
1346 3441 1357 3477 ι
1373 3423 1585 3494 comparatione

308 3493 384 3547 Parii
406 3493 552 3548 marmoris
575 3494 711 3550 illustrat:
737 3495 869 3565 Glycerae
891 3497 966 3549 nitor
987 3495 1154 3562 splendentia
1173 3495 1260 3548 Pario
1278 3511 1410 3549 nsarmore
1427 3497 1531 3564 μανίαι
1547 3526 1584 3534 --

308 3570 350 3620 82.
361 3564 449 3619 verba
462 3565 607 3648 δρρυσὸς,
624 3609 629 3620 .
646 3610 651 3620 .
668 3575 756 3635 φῶτα,
773 3565 875 3634 quibus
890 3581 933 3620 res
948 3565 978 3618 in
991 3565 1097 3635 protasi
1112 3564 1271 3635 significata
1285 3566 1474 3634 confirmatur,
1489 3565 1585 3619 medin

308 3637 381 3691 inter
394 3639 521 3706 protasm
534 3647 571 3703 (v.
586 3654 612 3692 so
627 3641 660 3707 s.)
675 3640 705 3692 et
718 3637 855 3707 apodosin
874 3639 909 3761 ρρ.
925 3653 951 3690 ετ
966 3639 1012 3705 ss.)
1030 3636 1178 3691 interiecta
1197 3640 1273 3704 sunt;
1293 3637 1469 3719 paratactica
1488 3639 1584 3691 antem

307 3711 447 3762 structura
461 3725 495 3762 ea
509 3709 746 3778 comparationem
761 3708 823 3762 auri
838 3711 867 3763 et
900 3707 977 3777 ymni
992 3707 1133 3776 exhibent,
1146 3710 1180 3761 ut
1192 3707 1262 3762 haec
1277 3711 1315 3762 ert
1327 3723 1459 3763 versuum
1473 3711 1584 3762 senten-

306 3779 362 3834 tia:
381 3795 538 3834 marmorea
556 3779 687 3834 columna
704 3779 896 3850 praestantius
915 3781 1123 3834 monumentum
1143 3795 1255 3833 carmen
1273 3782 1325 3847 eet,
1344 3779 1419 3848 qnod
1434 3784 1467 3833 ut
1483 3796 1584 3833 aurum

309 3851 374 3932 igne
393 3851 652 3977 ρρὶιιιρτράρωιρλιοι
670 3851 824 3976 Ιοωίσίλιρὶρ
842 3851 972 3906 clarescit
991 3850 1082 3975 (cladi).
1098 3870 1114 3975 1t
1122 3849 1509 3976 ἰο.),8ἰρε”ιρεέοεροὸρεειρο
1523 3867 1583 3975 ιρι-ἁ

306 3939 409 3976 mines
433 3941 465 3976 ne
543 3939 854 3977 eommemrerns
898 3938 1022 3976 aremre
1063 3940 1099 3975 un
1131 3953 1166 3962 —
1222 3943 1275 3978 ,ιν
1322 3943 1338 3976 ν
1417 3941 1526 3977 νι·ινα

308 3993 470 4063 genetivum
490 3992 697 4063 Ὀρσοτριαίνα,
721 3943 807 4064 quiga
824 3941 937 4048 noniine
956 3992 1064 4047 verbali
1087 3995 1247 4061 κελαδῆσαι
1265 3942 1392 4063 pendet?
1406 3993 1583 4049 referendum

308 4067 358 4134 est,
378 4065 434 4118 nisi
452 4065 524 4120 forte
544 4065 733 4121 coniunctioni
752 4064 799 4121 ἵνα
817 4065 864 4119 hic
882 4082 937 4120 non
957 4064 1055 4118 localis
1072 4067 1122 4118 aut
1136 4063 1228 4118 finalis
1243 4064 1292 4119 ssd
1307 4063 1428 4120 modalis
1442 4065 1485 4120 vis
1498 4063 1583 4131 inest,

308 4137 340 4189 ut
353 4140 476 4207 cognata
489 4137 630 4218 particula
648 4135 705 4192 ὅπα
723 4139 753 4191 et
772 4134 843 4190 ‘ubi'
865 4140 894 4190 et
915 4137 981 4205 ‘quo
1000 4137 1091 4205 parto’
1114 4135 1262 4206 significat.
1287 4136 1327 4192 De
1342 4135 1444 4190 animis
1457 4139 1583 4190 mortno-

306 4224 368 4261 rum
394 4209 469 4278 apud
494 4209 598 4263 inferos
623 4208 717 4263 vivere
743 4225 793 4278 per
828 4207 925 4262 ntibus
951 4208 1045 4262 conler
1070 4207 1141 4262 Erw.
1162 4207 1273 4274 mide,
1301 4205 1409 4276 Psyche
1434 4227 1461 4278 p.
1482 4224 1522 4262 ιοσ
1548 4239 1582 4248 -

307 4283 349 4332 89.
376 4278 514 4349 Εὐφάνης
537 4297 608 4334 avus
631 4283 773 4334 maternus
792 4225 973 4334 6leimasarchi
999 4280 1027 4333 et
1051 4281 1132 4348 pater
1150 4277 1274 4332 Calliclis
1293 4278 1380 4333 faisse
1398 4279 1515 4346 dicitur,
1533 4280 1584 4348 qni

306 4350 396 4404 lilium
421 4369 502 4405 snum
521 4350 681 4419 Calliclem,
707 4356 740 4405 ut
761 4351 974 4405 'limaearchum
993 4349 1051 4404 eius
1070 4351 1151 4430 pater
1169 4349 1351 4416 Timocritue‚
1377 4350 1499 4404 carmine
1518 4349 1585 4404 illu-

307 4423 447 4476 straverat
468 4454 495 4462 -
518 4431 561 4478 91.
580 4423 687 4479 ἆλλοισι
705 4422 733 4478 δ’
755 4422 848 4487 ἅλικες
867 4421 957 4476 ἄλλοι·
980 4420 1095 4492 respicit
1112 4421 1290 4491 proverbium
1308 4420 1368 4491 ἥλιξ
1387 4419 1470 4491 ἥλικα
1487 4419 1585 4491 τέρπει

310 4524 342 4533 -
362 4499 404 4548 93.
424 4493 476 4547 suh
494 4495 578 4548 finem
597 4493 728 4549 carminis
747 4494 849 4549 eximie
867 4496 952 4564 poeta
970 4491 1116 4547 Melesiam
1129 4492 1338 4561 Atheniensem,
1355 4491 1475 4564 aliptam
1489 4493 1586 4548 Tima-

307 4563 413 4634 sarchi,
440 4563 611 4635 imaginibus
635 4583 652 4620 a
674 4566 820 4637 palaestra
842 4564 935 4619 ductis
958 4566 1052 4631 ornat3
1079 4564 1115 4617 ad
1134 4563 1241 4618 luctam
1263 4563 1338 4618 enim
1361 4565 1504 4635 pertinent
1527 4583 1586 4620 non

307 4635 399 4690 solum
423 4636 562 4690 vocabula
587 4636 759 4702 ἀπάλαιστος
785 4640 815 4692 et
839 4635 910 4705 ἔφεδ
928 4655 971 4702 σς,
997 4635 1046 4689 sed
1071 4633 1157 4690 etiam
1176 4634 1263 4690 verba
1288 4633 1419 4705 στρέφειν
1443 4639 1585 4706 torquere,

306 4705 418 4761 πλέκειν
445 4707 568 4774 flectere,
595 4706 684 4764 έλκειι
708 4709 872 4763 trahere-
893 4657 967 4774 sios,
993 4706 1017 4760 si
1041 4709 1116 4761 recte
1140 4723 1169 4760 se
1192 4706 1286 4775 hahet,
1309 4723 1399 4776 neque
1424 4707 1461 4762 ad
1480 4705 1585 4762 αἰτέων

304 4794 395 4846 neque
414 4777 451 4832 ad
472 4777 562 4847 ἔριδα,
581 4780 631 4834 sed
649 4781 687 4834 ad
704 4780 821 4852 phrasin
840 4779 919 4848 ἔριδα
938 4775 1052 4848 στρέφοι
1070 4777 1246 4832 referendum
1264 4779 1309 4832 est
1327 4810 1360 4819 -
