3417 5434
315 317 406 372 XXVI
820 319 1099 373 Pronnoouans.

315 504 389 546 rum
406 481 536 566 formis,
555 483 673 568 quibus
693 481 742 548 via
761 481 913 566 ancipitis
933 481 1070 566 exprimi
1088 485 1212 567 potest,
1234 481 1338 548 altera
1355 481 1462 548 forma
1479 481 1602 568 longae

316 589 461 674 syllabae
486 611 552 654 una
573 594 731 674 usurpata
754 589 798 654 sit

404 819 548 886 Paeones
562 844 638 887 vero
653 822 739 906 quod
751 821 837 886 inter
847 822 1014 908 dipodicos
1025 778 1135 906 potius
1146 845 1242 906 quam
1253 823 1416 908 simplices
1426 824 1525 908 pedes
1535 829 1603 887 ret-

314 929 458 1013 tulimus,
473 929 597 994 duabus
613 929 719 996 causis
733 929 864 995 adducti
879 917 1155 1015 sumus,'primum
1168 930 1255 1014 quod
1265 931 1401 996 creticus
1411 953 1479 1016 pes,
1493 930 1551 1016 qui
1561 953 1603 994 ex

313 1036 449 1121 pedibus
463 1037 611 1122 paeonici
627 1037 754 1123 generis
769 1037 1053 1123 ¹frequentissimus
1068 1041 1127 1121 est,
1141 1038 1282 1122 speciem
1296 1037 1445 1122 dipodiae
1459 1037 1604 1102 trochai-

314 1166 370 1209 cae
385 1143 592 1210 catalecticae
605 1144 714 1229 habet,
729 1144 843 1209 deiude
858 1143 944 1228 quod
954 1144 1093 1228 dipodiis
1104 1144 1277 1209 trochaicis
1292 1144 1403 1209 cretici
1416 1149 1449 1208 et
1457 1167 1602 1229 paeones
1701 1154 1702 1213 i

315 1273 411 1336 saepe
435 1251 600 1317 coniuncti
624 1250 846 1333 inveniuntur,
874 1250 1020 1315 velutin
1042 1273 1138 1317 versu
1160 1251 1332 1316 notissimo
1356 1249 1601 1336 Aristophaneo

957 1370 974 1378 “
1063 1381 1205 1409 iau-us(

340 1480 342 1484 ·
461 1446 562 1513 οὐδέν
586 1445 654 1512 ἐστι
677 1380 801 1532 appion
824 1382 1218 1534 mirabilium-espec
1242 1445 1331 1536 (hys.
1353 1445 1453 1534 1014)

314 1579 347 1639 et
369 1574 405 1638 in
423 1573 556 1638 Pindari
576 1572 680 1658 ipsius
699 1573 846 1638 versibus
866 1572 986 1639 0.118.
1006 1575 1142 1659 aphet
1164 1573 1282 1638 P.v2.
1300 1595 1349 1658 ep.
1364 1575 1393 1638 2.
1409 1575 1436 1638 7.
1472 1572 1602 1649 Quibus

314 1686 424 1746 autem
443 1680 624 1745 rationibus
644 1678 740 1744 Plato
759 1677 812 1768 (de
831 1704 899 1766 rep.
913 1699 953 1745 111
971 1704 1001 1766 p.
1015 1683 1082 1747 400
1091 1678 1151 1769 A),
1173 1680 1370 1745 Aristoteles
1388 1679 1485 1767 (rhet.
1499 1699 1539 1744 111
1555 1679 1602 1768 8),

313 1789 544 1874 Aristoxenus,
570 1792 696 1852 veteres
724 1788 839 1854 musici
867 1810 979 1854 omnes
1003 1789 1133 1853 adducti
1157 1789 1238 1872 siut,
1264 1792 1302 1852 ut
1324 1787 1411 1851 inter
1434 1787 1601 1872 simplices

1703 1794 1705 1885 l

313 1896 410 1980 pedes
438 1917 578 1980 paeones
605 1895 777 1979 referrent,
806 1897 868 1961 boc
895 1896 968 1961 loco
998 1918 1157 1980 exponere
1184 1895 1319 1980 longum
1347 1898 1398 1958 est
1424 1914 1529 1979 neque
1558 1897 1601 1960 ad
1703 1906 1704 1949 ἶ

313 2025 382 2068 rem
405 2002 608 2087 propositam
631 2002 760 2068 attinet.

402 2109 561 2175 Baccbios
575 2112 609 2174 et
622 2108 747 2174 ionicos
762 2133 860 2195 supra
872 2133 939 2174 non
954 2110 1288 2192 commemoravimus,
1308 2110 1462 2193 quoniam
1476 2109 1511 2173 in
1524 2110 1602 2175 Pin·

313 2217 382 2282 dari
397 2215 594 2283 carminibus
610 2215 756 2281 confinui
772 2223 805 2282 et
818 2218 939 2303 integri
954 2239 1020 2282 non
1033 2218 1256 2303 inveniuntur,
1271 2217 1424 2282 differunt
1438 2222 1547 2282 autam
1562 2218 1601 2281 hi

312 2349 331 2390 a
345 2325 461 2390 ceteris
476 2323 613 2409 pedibus
627 2324 828 2410 compositis,
844 2325 930 2410 quod
942 2347 1010 2391 non
1024 2325 1060 2389 in
1074 2325 1171 2409 pedes
1187 2324 1349 2408 simplices
1364 2324 1420 2389 sed
1430 2329 1601 2409 tamquam

312 2431 508 2517 principales
517 2430 614 2514 pedes
624 2428 747 2494 directa
761 2432 814 2496 ria
827 2433 863 2497 in
877 2433 976 2498 araim
990 2438 1024 2497 et
1036 2433 1154 2497 thesim
1171 2432 1389 2514 solvebantur,
1402 2453 1600 2515 quamquam

312 2539 411 2604 etiam
426 2539 466 2604 ad
481 2537 717 2604 choriambioos
731 2544 763 2603 et
778 2541 950 2624 paeonicos
965 2541 1062 2624 pedes
1077 2541 1191 2605 referri
1205 2543 1344 2624 possunt
1359 2537 1483 2623 syllaba
1496 2537 1600 2623 longa

311 2646 430 2711 initiali
442 2645 569 2711 abiecta
577 2645 629 2710 vel
639 2645 775 2711 traiecta
786 2651 842 2711 aut
852 2647 1002 2713 anacrusi
1010 2647 1211 2712 iambicavel
1222 2645 1599 2730 anapasticapraemissa
1705 2734 1706 2737 Ἴ

402 2965 457 3031 Do
490 2965 662 3031 colorum
696 2966 914 3052 generibus.
961 2965 1042 3032 Cola
1073 2970 1226 3033 constant
1257 2967 1392 3032 minima
1424 2990 1463 3033 ex
1491 2967 1600 3032 tribus

314 3074 451 3160 pedibus
475 3072 693 3159 simplicibus,
715 3073 805 3138 velut

314 3289 473 3374 Pleraque
497 3311 534 3353 ex
559 3293 634 3353 octo
657 3287 794 3372 pedibus
818 3287 1019 3372 simplicibus
1045 3289 1112 3353 sive
1133 3289 1259 3353 duabus
1277 3287 1415 3372 dipodiis
1436 3291 1599 3375 constant,

312 3397 397 3462 unde
429 3419 502 3461 cum
535 3399 592 3461 aut
619 3395 772 3481 dactylici
800 3399 857 3458 aut
885 3394 1043 3460 trochaici
1070 3401 1128 3460 aut
1154 3393 1336 3482 logaoedici
1364 3399 1423 3460 aut
1449 3395 1599 3479 paeonici

314 3503 441 3591 generis
466 3503 532 3567 sint
555 3508 588 3568 et
611 3508 668 3567 aut
691 3503 784 3588 plene
809 3507 982 3567 excurrant
1005 3507 1062 3568 aut
1084 3503 1119 3567 in
1142 3503 1205 3567 fine
1225 3502 1378 3568 mutilata
1396 3500 1598 3589 (κατάληκτα

312 3611 333 3696 ἣ
356 3608 663 3698 βραχυκατάληκτα)
688 3610 767 3694 sint,
789 3611 851 3675 hae
875 3609 1016 3674 evadunt
1038 3610 1164 3675 formae
1187 3609 1391 3695 potissimae:

313 3717 475 3802 dactylica
562 3748 637 3786 soc
660 3779 677 3786 -
699 3761 736 3786 oc
757 3766 775 3786 a
798 3761 895 3786 w--
968 3744 1235 3786 ammos-
1318 3746 1329 3785 τ,
1352 3759 1388 3784 w
1410 3777 1427 3785 -
1450 3758 1519 3786 oca
1563 3779 1580 3786 -

313 3825 480 3891 trochaica
558 3853 626 3894 ac
657 3887 674 3895 -
705 3860 724 3894 o
755 3871 772 3894 t
804 3857 894 3894 o-0
964 3851 1235 3894 amoro-
1318 3852 1323 3879 τ
1410 3885 1427 3893 -

312 3932 502 4020 10830θῶ08
550 3961 724 4002 soemo
755 3978 772 4001 .·.
804 3965 895 4002 υ-ῡ
956 3960 1233 4000 immunia-
1316 3959 1377 3988 ἲ·

314 4040 629 4110 choriambicasoo
660 4102 677 4110 -
749 4083 865 4110 aco-
959 4067 977 4108 s
1057 4098 1075 4107 -
1136 4084 1154 4106 a
1218 4098 1235 4106 -
1309 4065 1314 4092 =
1410 4099 1426 4106 -

289 4147 470 4232 'paeonica
566 4175 571 4202 :
1310 4206 1328 4213 -
1409 4205 1425 4213 -
1499 4205 1517 4212 -

315 4254 433 4339 quibus
446 4254 561 4320 formis
576 4255 832 4340 tetrapodiarum
846 4254 984 4320 totidem
999 4252 1156 4318 accedunt
1170 4251 1319 4316 anacrusi
1335 4256 1457 4334 auctae,
1476 4251 1597 4336 partim

315 4362 552 4446 anapaesticae,
576 4363 696 4448 partim
719 4362 891 4446 iambicae,
914 4359 1035 4446 partim
1061 4359 1188 4424 ionicae
1211 4363 1244 4423 et
1267 4357 1466 4423 bacchiacae.

401 4467 543 4533 Maxima
562 4471 635 4536 cola
652 4471 687 4535 in
704 4470 845 4535 iambico
866 4490 996 4556 genere,
1021 4468 1050 4533 si
1069 4467 1234 4533 veteribus
1253 4463 1481 4552 rhythmicis¹)
1499 4466 1597 4531 fidem

313 4574 484 4658 habemus,
508 4597 547 4641 ex
571 4599 626 4642 sex
650 4577 787 4662 pedibus
811 4576 1014 4662 simplicibus
1039 4580 1204 4658 constant,
1226 4574 1316 4638 velut

404 4718 430 4781 1)
449 4715 613 4786 Westphal,
632 4717 685 4771 Dio
703 4717 872 4788 Fragmenta
891 4717 949 4770 und
969 4716 1015 4771 dio
1033 4715 1184 4770 Lehrsatze
1204 4715 1254 4768 der
1272 4713 1467 4783 griechischen
1485 4715 1596 4785 Rhyth-

313 4785 403 4840 milrer
420 4806 447 4858 p.
463 4793 496 4841 37
516 4791 545 4843 et
565 4793 615 4842 123
627 4805 663 4844 ss.
