3417 5434
331 371 397 438 436
891 375 1042 426 Ριιιοιιιι

931 545 1003 602 280.

421 650 508 710 Philo
528 649 563 710 (lo
582 649 668 709 ourit.
686 661 735 710 24:
758 647 855 710 ἔπειτα
879 642 911 709 δ’
931 647 976 710 δτι
1002 647 1192 728 φρονήματος
1214 646 1369 720 ὑπόπλεος
1394 644 1506 728 ἀλόγου
1528 646 1610 728 γετό

334 761 422 818 μενος
451 749 510 812 πᾶς
539 735 653 810 άλαζὺν
683 736 750 799 οὔτε
779 737 876 818 ἀνδρα
906 736 973 799 οὔτε
1000 734 1128 818 ἡμίθεον
1151 741 1261 816 μᾶλλον
1283 733 1304 816 ἢ
1327 729 1374 819 (δὲ
1396 738 1473 798 ooni
1496 731 1612 816 Bergk)

335 829 463 908 δαίμονα
489 827 563 890 κατά
593 827 644 889 τὸν
667 828 823 911 Πίνδαρον
852 827 1055 908 ὑπολαμβάνει
1082 825 1204 905 ἑαυτόν,
1235 823 1310 907 ὑπὲρ
1339 827 1409 898 τοὺς
1439 826 1530 906 ὅρους
1561 836 1612 906 τῆς

332 915 528 998 ἀνθρωπίνης
550 918 669 996 φάσεως
692 914 783 991 ἀξιῶν
806 919 931 1000 βαίνειν.

936 1099 1008 1158 281.

425 1201 526 1284 [Philo
550 1204 585 1265 do
609 1203 721 1281 provid.
741 1223 764 1262 11
784 1215 848 1264 113:
871 1223 926 1282 pro
948 1203 1060 1264 honoro
1082 1203 1186 1282 igitur,
1207 1205 1245 1262 ut
1266 1202 1343 1262 dixit
1365 1201 1436 1264 olim
1453 1202 1613 1280 Pindarus,

333 1294 487 1354 silentium
509 1293 709 1354 laetabundus
732 1287 917 1373 suscipiam]

875 1475 938 1534 κεν
963 1465 1067 1551 [11o].

423 1580 520 1641 Schol.
535 1579 620 1640 Arut.
635 1591 702 1640 282:
721 1575 863 1659 ὑδροχόος
882 1573 914 1637 δὲ
932 1569 1021 1650 οὑτος
1039 1577 1126 1639 δοκεῖ
1138 1579 1301 1656 κεκλῆσθαι
1318 1573 1376 1639 ἀπό
1395 1585 1447 1658 τῆς
1465 1577 1611 1659 πράξεως·

332 1667 407 1750 ἔχων
429 1667 485 1751 γὰρ
508 1666 629 1748 ἕστηκεν
652 1667 791 1748 οἰνοχόην
813 1665 865 1728 καλ
887 1665 1004 1747 ἔκχυσιν
1026 1666 1139 1746 πολλὴν
1161 1671 1287 1728 ποιεῖται
1309 1666 1422 1749 ὑγροῦ,
1444 1666 1511 1746 ἥτις
1533 1668 1611 1728 είκά-

332 1761 407 1832 ζεται
430 1763 470 1843 τῷ
494 1757 611 1838 νίκταρι
633 1766 686 1819 τοῦ
710 1756 919 1837 Γανυμήδους.
953 1755 1005 1818 τόν
1027 1755 1213 1836 Γανυμήδην
1239 1755 1295 1838 γὰρ
1322 1756 1414 1818 αὐτόν
1442 1755 1560 1836 ἔφασαν
1584 1761 1611 1818 οἱ

331 1848 397 1930 περὶ
424 1848 580 1929 Πίνδαρον
610 1845 910 1928 ἕκατοντόρχυιον
936 1839 1213 1929 (ἓτατοντορόχυιον
1241 1848 1317 1908 coni
1341 1839 1456 1928 Bergk)
1484 1844 1610 1929 ἀνδρι-

331 1939 433 2019 άντα,
457 1932 511 2016 ἀφ’
537 1931 574 1999 οὑ
596 1946 650 2016 τῆς
671 1937 815 2015 κινήσεως
837 1945 897 1996 τῶν
915 1935 1019 1997 ποδῶν
1037 1935 1088 1998 τόν
1106 1938 1219 1997 Νεῖλον
1235 1938 1431 2017 πλημμυρεῖν.
1468 1937 1610 1997 Philostr.

332 2030 385 2088 vit
409 2029 509 2106 Apoll.
534 2028 627 2104 Tyon.
651 2047 683 2088 τι
705 2038 753 2087 26:
780 2024 836 2104 τὴν
864 2022 896 2086 δὲ
922 2024 1023 2106 πρόσω
1051 2021 1123 2087 όδδν
1150 2023 1206 2104 τὴν
1228 2022 1277 2086 ἐπὶ
1299 2023 1352 2098 τὰς
1373 2023 1491 2102 πρώτας
1514 2025 1612 2106 πηγὰς

332 2109 474 2202 (Νείλου)
493 2113 626 2198 άγουσαν
644 2113 759 2196 ἀπορον
773 2112 827 2194 μὲν
845 2112 947 2175 ἐλθεῖν
964 2132 1068 2193 φασιν,
1085 2111 1200 2195 άπορον
1219 2111 1251 2175 δὲ
1269 2112 1499 2193 ἐνθυμηθῆναι·
1518 2115 1610 2174 πολλὰ

331 2206 387 2288 yolo
405 2205 456 2267 καλ
474 2205 541 2289 περὶ
560 2205 711 2286 δαιμόνων
729 2201 866 2289 ᾅδουσιν,
885 2198 934 2266 ολα
950 2203 1001 2264 καλ
1014 2202 1158 2288 Πινδάρῳ
1175 2202 1250 2264 κατὰ
1268 2205 1380 2283 σοφίαν
1397 2203 1528 2283 ὕμνηται
1545 2203 1609 2284 περὶ

332 2305 386 2357 τοῦ
406 2296 560 2375 δαίμονος,
578 2291 615 2356 δν
633 2300 696 2368 ταῖς
714 2299 823 2374 πηγαῖς
841 2293 960 2366 ταὺταις
977 2291 1133 2372 ἐφίστησιν
1146 2290 1220 2373 ὑπὲρ
1234 2294 1412 2375 συμμετρίας
1424 2303 1479 2356 τοῦ
1489 2293 1609 2355 Νείλου.

333 2385 416 2446 Oonf.
440 2385 581 2447 Philostr.
605 2385 698 2465 Imug.
722 2404 734 2444 1
757 2396 789 2463 ο,
818 2387 849 2444 st
872 2383 1032 2460 Porphyrii
1054 2384 1166 2444 librum
1187 2382 1255 2462 περὶ
1276 2391 1336 2444 τῶν
1357 2381 1431 2444 κατὰ
1453 2383 1611 2465 Πίνδαρον

331 2483 384 2536 τοῦ
408 2475 519 2536 Νείλου
542 2483 654 2556 πηγῶν.
700 2475 882 2551 Interpretos
908 2473 1034 2534 Pindari
1062 2466 1109 2555 (οῖ
1131 2470 1199 2553 περὶ
1224 2465 1395 2556 Πίνδαρον)
1422 2471 1610 2554 ἓκατοντορό·
1687 2464 1688 2481 ’

331 2587 418 2644 χυιου
441 2561 617 2643 ἀνδριάντα,
645 2583 734 2641 quom
760 2563 910 2623 Pindarus
932 2562 1068 2623 fontibus
1094 2563 1159 2622 Nili
1186 2563 1305 2622 udstnro
1332 2563 1362 2620 in
1390 2562 1503 2639 hymno
1530 2564 1610 2625 Iovis
1687 2558 1688 2561 ’

328 2651 486 2714 Ammonis
509 2645 559 2737 (fr.
582 2645 632 2736 36)
656 2653 784 2732 ffixerut,
809 2651 1013 2730 Ganymedem
1035 2651 1226 2728 interpretati
1249 2669 1312 2711 osse
1334 2651 1483 2712 videntur.

871 2834 933 2893 τοι
960 2825 1064 2911 [111].

423 2939 551 3002 Photius
573 2940 643 3001 Lex.
662 2942 694 3000 ot
712 2939 820 3000 Suidos
843 2959 870 3000 v.
892 2935 988 3018 Ἥρας
1011 2937 1138 3017 δεσμοὺς
1160 2935 1220 2998 ὑπδ
1242 2934 1323 3010 υἱέος
1342 2929 1434 3020 (Plot.
1454 2938 1491 2998 do
1509 2958 1572 3016 rep.
1591 2959 1611 2997 n

332 3049 360 3108 p.
386 3043 438 3091 378
462 3023 512 3113 B).
557 3027 637 3112 παρὰ
660 3029 804 3113 Πινδάρῳ
823 3023 904 3109 Ἥρα
935 3025 994 3088 ὑπὸ
1022 3022 1188 3104 Ἡφαίστου
1220 3027 1388 3106 δεσμεὺεται
1419 3024 1452 3088 ἐν
1483 3033 1525 3113 τῷ
1557 3023 1609 3087 ὑπ’

333 3119 426 3182 αὑτοῦ
449 3117 717 3181 κατασκευασθέντι
739 3117 857 3201 θρόνῳ·
881 3116 898 3178 ό
920 3138 997 3190 τινες
1019 3114 1217 3197 ἀγνοήσαντες
1239 3117 1408 3198 γράφουσιν
1431 3113 1503 3177 ‘oso
1516 3113 1610 3190 Διός’.

330 3210 383 3271 καί
404 3227 478 3288 φασι
501 3209 629 3287 δεθῆναι
652 3205 746 3286 αὐτὴν
773 3204 1027 3287 ἐπιβουλεύσασαν
1050 3201 1195 3288 Ἡρακλεῖ.
1241 3206 1412 3285 Κλήμεντος
1437 3203 1458 3286 ἡ
1485 3205 1609 3284 ἱστορία,

331 3298 381 3360 καλ
400 3297 480 3379 παρὰ
497 3292 664 3384 ’Ἐπιχάρμῳ
679 3295 712 3358 ἒν
725 3299 903 3376 Κωμασταῖς
916 3291 1106 3382 ἣἮφαόστῳ.
1133 3297 1302 3357 Boookhius
1315 3296 1440 3356 Pindari
1451 3296 1610 3357 bistonum

332 3389 370 3449 ud
393 3389 525 3466 primum
546 3388 692 3465 hymnum
714 3386 846 3465 rettulit,
874 3387 1002 3447 fortusse
1029 3405 1096 3446 som
1123 3386 1231 3464 respici
1253 3385 1291 3445 sb
1314 3385 1447 3446 Aristide
1468 3405 1481 3444 1
1503 3398 1539 3445 49
1563 3407 1610 3445 ox-

330 3478 416 3555 ponit
438 3477 653 3556 Wilomowitz‚
676 3476 872 3555 HephaistoS‚
894 3474 1004 3536 Nuohr.
1027 3475 1055 3534 d.
1079 3475 1161 3537 uoto
1185 3475 1250 3536 Gon.
1276 3478 1360 3538 1895
1384 3496 1412 3551 p.
1436 3487 1498 3535 218.

871 3657 934 3715 τοι
959 3647 1063 3734 [141].

422 3765 518 3825 Sohol.
544 3763 582 3824 ud
605 3763 692 3823 Hom.
711 3762 746 3822 Il.
765 3757 873 3826 2319:
896 3760 973 3839 αὑτη
997 3758 1029 3820 δὲ
1052 3753 1197 3843 (Δανάη),
1221 3759 1263 3832 ὥς
1285 3775 1360 3839 φησι
1380 3759 1536 3840 Πίνδαρος
1558 3760 1608 3821 καλ
1686 3810 1687 3815 ,

331 3850 413 3914 ἀλλοι
436 3851 524 3932 τινός,
541 3849 663 3932 ἕφθάρη
686 3849 745 3912 ὑπὸ
767 3859 820 3912 τοῦ
844 3847 1053 3931 πατραδέλφου
1070 3849 1162 3930 αὑτῆς
1180 3849 1325 3930 Προίτου,
1342 3848 1417 3910 ὅθεν
1434 3849 1539 3922 αὑτοῖς
1556 3851 1609 3910 καὶ

330 3943 430 4015 στάσις
452 3940 588 4021 ἐκινήθη.
624 3943 789 4020 Vulgarum
807 3941 843 4001 do
862 3941 933 4001 Iove
955 3961 1011 4018 per
1031 3941 1168 4017 pluviam
1190 3959 1313 4000 aureum
1331 3939 1469 3999 Danaum
1490 3941 1608 4001 visente
1686 3990 1687 4003 ι

329 4033 465 4093 subulam
488 4033 625 4110 sequitur
647 4031 796 4090 Pindarus
818 4029 851 4089 P.
876 4049 920 4088 ιιι
945 4041 985 4089 17.
1032 4030 1069 4089 N.
1092 4048 1112 4088 x
1137 4042 1178 4090 11.

932 4211 1006 4269 285.

416 4317 556 4396 Fulgent.
580 4317 705 4393 Mythol.
729 4335 741 4374 1
765 4327 812 4376 12:
834 4316 867 4374 in
893 4315 984 4374 huius
1012 4305 1190 4394 (Apollinis)
1217 4314 1309 4374 otium
1331 4314 1462 4376 tutulum
1484 4335 1607 4380 corvum

330 4409 448 4484 ponunt
473 4453 479 4465 .
505 4455 511 4467 .
536 4455 542 4466 .
566 4407 629 4467 sive
662 4406 743 4484 quod
766 4453 772 4466 .
796 4451 802 4464 .
827 4451 833 4462 .
858 4450 865 4462 .
889 4404 1053 4465 secundum
1085 4402 1249 4463 Pindarum
1279 4405 1361 4464 solus
1393 4405 1475 4467 inter
1506 4428 1607 4470 omnes

329 4515 399 4557 aves
427 4496 583 4574 sexaginta
611 4500 743 4573 quotuor
765 4493 998 4574 significationes
1020 4492 1112 4553 hubot
1133 4512 1249 4554 vocum.
1294 4493 1378 4556 Hooo
1399 4517 1437 4556 ox
1458 4517 1606 4559 commen·

328 4587 413 4645 tsriis
437 4586 475 4646 od
496 4585 529 4644 P.
553 4603 589 4644 111
612 4597 646 4646 τε
668 4585 764 4663 potita
786 4602 850 4644 osse
873 4583 1022 4644 videntur.

326 4707 539 4714 -u--q--ffl—

399 4773 444 4828 Fr.
463 4778 524 4828 281.
561 4771 794 4828 Wilumowituius
816 4772 876 4827 Ind.
896 4771 960 4827 loct.
980 4771 1056 4826 Gott.
1078 4776 1146 4825 1889
1171 4791 1198 4844 p.
1217 4789 1244 4827 ss
1266 4772 1320 4827 hoo
1343 4769 1522 4829 referundum
1544 4790 1604 4832 osso

328 4844 426 4899 docuit
444 4844 482 4899 ud
501 4843 652 4900 Simonidis
671 4844 703 4899 fr.
720 4861 755 4915 so,
772 4861 830 4900 non
847 4843 973 4915 Pindari,
992 4851 1089 4915 σιχᾶς
1107 4841 1295 4900 ἀκίνδυνον
1313 4841 1422 4915 χέρας.
