3417 5434
656 338 787 389 PYTHIA
805 339 826 391 1.

197 498 402 585 ἐστρατεύθη.
447 501 511 564 σὺν
535 497 572 563 θ’
595 498 723 587 ἀνάγκᾳ
745 522 801 563 νιν
823 502 924 583 φίλον

195 610 316 695 καίιτις
339 607 404 673 έὼν
426 606 565 691 μεγαλί-

232 739 300 802 νωρ
324 717 450 779 ἔσανεν.
495 712 598 799 φαντὶ
621 710 658 779 δέ
681 715 863 799 Λαμνόθεν
885 712 971 779 ἕλκει

232 823 424 908 τειρόμενον
445 821 605 906 μετανίσ-
619 837 739 898 σοντας
762 820 876 887 έλθεῖν

190 1002 297 1085 ἥρωας
320 998 500 1077 ἀντνθέους
523 1002 689 1077 Ποίαντος
711 1000 789 1064 υίὸν
811 998 962 1078 τοξόταν·
1159 999 1227 1067 'Era
1251 1001 1297 1086 γ’.

189 1107 224 1184 ὃς
245 1107 414 1194 Πριάμοιο
436 1109 536 1173 πόλιν
557 1105 688 1192 πέρσεν,
711 1106 905 1172 τελεύτασέν
926 1129 961 1172 τε
983 1112 1109 1185 πόνους
1130 1114 1288 1193 Δαναοῖς,
1326 1128 1377 1175 105

89 1233 126 1278 55
188 1214 326 1280 ἀσθενεῖ
345 1212 406 1299 μέν
428 1212 530 1301 χρωτὶ
553 1217 696 1298 βαίνων,
719 1212 803 1278 ἀλλὰ
824 1214 1009 1299 μοι-ρίθιον
1031 1208 1082 1298 ἦν.

186 1321 271 1387 οὕτω
295 1319 329 1385 δ’
350 1319 475 1405 Ἱέρωνι
498 1312 579 1405 baba
601 1320 757 1407 ὀρθωτὴρ
780 1317 873 1405 πέλοι

186 1429 245 1493 τὸν
265 1428 497 1513 προσέρποντα
520 1430 658 1514 χρόνον,
681 1421 730 1492 ὧν
753 1430 866 1511 ἔραται
888 1428 1006 1514 καιρὸν
1030 1427 1155 1505 διδούς.
1325 1447 1376 1494 110

189 1540 316 1619 Μοῖσα,
339 1535 395 1600 καί
417 1557 485 1621 παρ
508 1532 702 1619 Δεινομένει
725 1534 905 1618 κελαδῆσαι

184 1645 284 1708 πίθεό
307 1667 364 1727 μοι
386 1645 509 1708 ποινὰν
532 1645 734 1728 τεθρίππων.

228 1750 337 1836 χάρμα
360 1747 392 1814 θ’
417 1749 479 1815 οὐκ
502 1747 679 1836 ἀλλότριον
700 1750 882 1833 νικαφορία
904 1746 1054 1834 πατέρος,

93 1874 125 1919 ου
184 1854 235 1939 ἄγ’
262 1856 363 1922 ἔπειτ’
390 1863 517 1933 Αἴτνας
538 1860 670 1941 βασιλεῖ

228 1968 344 2050 φίλιον
368 1963 550 2049 ἐξεύρωμεν
572 1963 688 2047 ὕμνον.

164 2164 210 2213 bl.
233 2156 346 2228 ἀνάγκα
365 2177 414 2228 μιν
432 2154 514 2226 φίλον
535 2157 602 2213 OD:
633 2154 776 2231 ἀναγκαία
800 2153 883 2226 φίλον
907 2154 978 2211 eoni.
997 2155 1141 2210 Hermann
1160 2173 1253 2228 opusc.
1269 2177 1307 2211 vn
1327 2176 1374 2230 1111,

93 2228 207 2304 ἀνάγκᾳ
225 2230 262 2299 μὴ
278 2227 362 2301 φίλον
375 2228 592 2299 Rauchenstein,
611 2227 723 2303 ἀνάγκᾳ
737 2248 782 2282 νιν
798 2225 882 2282 νόσου
896 2228 1051 2282 Mommsen
1070 2260 1104 2269 -
1124 2234 1166 2283 52.
1186 2228 1374 2298 μετανοίασον-

92 2323 140 2365 τας
166 2300 239 2357 coni.
259 2300 419 2356 Wakefield
444 2301 482 2354 ad
508 2299 591 2371 Soph.
610 2298 682 2355 Phil.
702 2314 754 2356 aas:
779 2299 1003 2369 μεταλάσσουτας
1022 2300 1055 2367 0,
1079 2300 1317 2371 μεταλλάττοντας
1335 2302 1373 2373 D,

93 2372 304 2447 μεταβάσοντας
326 2372 397 2427 coni.
416 2371 525 2499 ngser
547 2402 581 2411 -
605 2376 647 2427 66.
672 2370 801 2440 όρθωτὴς
826 2371 859 2439 03
883 2371 953 2436 θεὸς
978 2370 1068 2440 σωτὴρ
1093 2371 1164 2427 coni.
1184 2372 1313 2443 Hartung
1338 2406 1372 2415 —

93 2449 132 2499 58.
150 2444 214 2514 κὰρ
231 2442 329 2501 Tricl:
352 2442 431 2512 παρὰ
481 2443 561 2513 ⁸⁰D,
579 2443 644 2511 περὶ
664 2443 726 2497 0¹³⁰
744 2474 778 2482 -
798 2442 954 2526 Δεινομένη
975 2443 1035 2498 ο1Ιο
1054 2473 1087 2482 —
1107 2448 1149 2497 59.
1168 2446 1256 2499 πίθεο
1274 2444 1371 2502 Tricl:

92 2518 195 2571 πείθεο
216 2515 271 2571 01)
290 2548 322 2556 -
344 2520 386 2570 60.
410 2514 558 2585 έξεόρομεν
580 2514 624 2584 0¹,
649 2512 807 2584 ἐξάρχωμεν
826 2531 898 2569 com.
917 2514 1014 2568 Nabar
1032 2514 1137 2569 collato
1156 2514 1190 2571 N.
1209 2534 1230 2568 11
1249 2532 1274 2573 11
1293 2548 1327 2557 -

93 2660 139 2713 καί
147 2657 256 2731 μεγάλῃ
266 2656 408 2734 ναυμαχίᾳ
419 2658 592 2727 νικήσαντες,
600 2658 666 2721 τοὺς
675 2656 727 2728 μέν
734 2656 897 2726 Τυρρηνοὺς
907 2653 1105 2725 ἐταπείνωσαν,
1115 2658 1181 2721 τοὺς
1188 2656 1219 2713 δὲ
1228 2656 1372 2729 Κυμαίους

95 2730 292 2800 ἠλευθέρωσαν
309 2740 366 2786 τῶν
384 2728 489 2804 φόβων.
516 2730 584 2784 Inde
597 2728 708 2799 legatos
723 2729 892 2783 Graecorum
912 2729 949 2783 ad
967 2728 1155 2784 Philoctetam
1175 2730 1372 2785 arcessendum

94 2802 191 2857 missos
215 2820 280 2858 cnm
298 2800 430 2857 Cumanis
453 2801 556 2872 legatis
580 2800 718 2855 auxilium
736 2802 766 2854 et
783 2800 940 2855 amicitiam
958 2800 1088 2855 Hieronis
1107 2800 1323 2871 implorantibus
1343 2805 1373 2857 et

93 2874 243 2929 Hieronem
252 2874 346 2943 ipsum
359 2872 427 2928 licet
441 2875 644 2943 aegrotantem,
659 2876 754 2926 tamen
768 2872 826 2925 suis
840 2872 974 2941 auspiciis
988 2872 1083 2927 hostes
1098 2872 1293 2928 devincentem
1308 2890 1371 2927 curn

95 2945 253 3001 Philocteta
270 2962 355 3015 aegro
374 2943 490 2999 Graecis
514 2946 581 2999 ante
599 2944 712 2999 Troiam
730 2942 926 2997 laborantibus
944 2960 961 2998 ο
982 2943 1104 2998 itulante
1122 2944 1268 3015 aptissime
1286 2948 1371 3015 poeta

94 3016 275 3087 comparavit.
311 3015 488 3071 Scholiastae
506 3033 570 3069 cum
589 3014 765 3083 Anaxilaum,
785 3017 935 3083 tyrannum
980 3014 1057 3083 hegii
1075 3017 1136 3069 tum
1155 3016 1212 3070 iam
1230 3018 1371 3071 mortuum

95 3088 135 3153 (ci.
149 3107 176 3159 p.
191 3092 252 3159 ira),
271 3087 493 3159 intellegendum
510 3104 571 3142 esse
589 3086 645 3141 sibi
663 3086 877 3157 persuasissent,
897 3086 948 3141 bos
962 3103 1059 3141 versus
1074 3088 1111 3141 ad
1125 3087 1216 3142 minas
1230 3086 1369 3158 Hieronis,

96 3160 193 3227 quibus
211 3159 268 3214 iste
285 3176 321 3214 ne
339 3159 435 3214 Locris
454 3157 560 3213 bellum
579 3158 695 3212 inferret
712 3157 906 3213 deterrebatur
919 3163 955 3226 (v.
970 3158 1000 3212 P.
1015 3176 1036 3211 11
1052 3161 1095 3227 ιο),
1114 3159 1206 3212 minus
1225 3160 1370 3215 commode

95 3232 259 3287 referebant.
279 3230 360 3297 Quod
374 3234 470 3285 autem
483 3229 527 3284 illi
542 3231 577 3284 ad
592 3229 838 3299 inpetrasset
852 3226 957 3301 φορείῳ
971 3228 1003 3283 δὲ
1018 3227 1173 3301 φερόμενος
1187 3230 1201 3285 ό
1213 3228 1307 3299 Ἱέρων
1321 3230 1371 3286 διὰ

97 3303 142 3372 τὴν
158 3300 330 3373 λιθουργίαν
347 3299 549 3372 νανηγυνίζετο
566 3302 632 3364 τοὺς
650 3298 803 3370 ἐναντίους,
822 3317 878 3370 quo
896 3302 959 3355 loco
977 3303 1007 3355 et
1025 3304 1082 3355 tarn
1102 3318 1150 3355 ore
1169 3302 1205 3357 ab
1225 3302 1370 3356 annalium

96 3375 438 3513 ahmiu
449 3320 1369 3515 1111111νεωτερίσωσιν,οω

640 3515 646 3527 ι
719 3514 725 3527 ι
1194 3488 1199 3498 Ι
1242 3489 1248 3515 ,
1304 3489 1311 3513 ’
1347 3516 1354 3527 ν

97 3515 1370 3657 ί.ίῗῖλιῗίὲῗὲἶῖἳίίίίέλὲλλῗλίλῖλῗίλλλίλίίεἷῖἒῗίίίίίτῖίῗίέὲέ

98 3659 237 3716 adraecis
252 3659 392 3731 superatis
405 3659 523 3730 μεθίστη
542 3661 689 3730 μηνίεται
702 3658 746 3712 his
759 3658 853 3713 verbis
868 3658 939 3713 alias
955 3676 998 3713 res
1013 3661 1098 3729 atque
1112 3676 1156 3713 vv.
1170 3676 1195 3713 11
1210 3677 1245 3713 ss.
1261 3658 1366 3729 signifi-

98 3731 149 3784 rari
169 3732 230 3787 veri
254 3731 475 3786 dissimillimum
498 3733 542 3785 est
564 3762 597 3771 -
622 3736 662 3784 53.
688 3728 793 3800 ἥρωας·
816 3746 954 3800 quosnam
976 3732 1062 3811 poeta
1087 3730 1259 3792 intellexerit
1283 3730 1367 3798 latet;

95 3800 207 3860 Lesebes
226 3804 258 3857 in
276 3820 365 3873 parva
382 3802 472 3857 Iliade
494 3820 580 3856 unum
602 3802 766 3856 Diomedem
789 3802 906 3855 missum
931 3802 1010 3869 feeit,
1037 3800 1185 3872 Euripides
1203 3800 1368 3857 Diomedem

99 3876 123 3926 at
143 3874 268 3944 Ulixem,
294 3873 447 3945 Sophocles
475 3873 582 3929 Ulixem
605 3876 634 3928 et
655 3872 888 3943 Neoptolemum
914 3872 949 3927 cf.
970 3872 1063 3927 Christ
1082 3871 1190 3927 Grieeh.
1204 3871 1274 3927 Lit.¹
1286 3892 1313 3943 p.
1329 3888 1368 3929 eos

99 3974 126 3984 ·-
144 3952 183 4001 tt.
202 3947 275 4010 θεὸς
292 3944 481 4014 monosyllabi
499 3944 557 4000 vim
579 3945 667 3999 babet
685 3948 717 3999 ut
735 3944 811 4015 apud
830 3944 914 4015 Soph.
929 3944 971 3999 El.
986 3960 1033 3999 111.
1054 3943 1104 3999 OC
1123 3960 1162 3999 aas
1181 3947 1210 3998 et
1228 3944 1258 3997 in
1275 3943 1367 3999 ionico

97 4034 168 4072 versu
186 4018 270 4088 Isylli
286 4017 405 4089 paeanis
424 4017 560 4072 λεπαιᾶνα
577 4016 650 4071 θεὸν
667 4014 779 4070 ἀείσατε
797 4018 869 4071 λαοί.

160 4094 275 4145 58-80.
299 4093 446 4159 tamquam
467 4104 572 4143 norum
595 4103 706 4143 carmen
725 4087 907 4142 inhonorem
926 4086 1102 4153 Dinomenis,
1121 4086 1250 4141 Hieronis
1269 4084 1321 4139 filii
1340 4088 1369 4140 et

98 4160 194 4217 Aetnae
213 4162 294 4215 urbis
312 4162 395 4231 regis,
414 4161 535 4230 orditur,
554 4177 610 4229 quo
628 4158 752 4214 carmine
771 4160 880 4215 Aetnae
898 4158 1038 4227 instituta,
1058 4160 1184 4213 veterum
1202 4157 1368 4212 Doricamm

101 4230 249 4289 civitatium
267 4232 331 4286 iura
348 4232 493 4287 imitantia
510 4232 611 4286 laudat
629 4233 659 4286 et
675 4230 725 4301 pia
738 4234 806 4286 vota
823 4248 875 4301 pro
893 4230 989 4285 futura
1008 4231 1121 4285 fortuna
1135 4228 1212 4284 urbis
1232 4231 1261 4283 et
1279 4228 1380 4283 totins·

101 4301 200 4360 Siciliae
227 4304 306 4359 facit.
343 4304 442 4358 Novae
465 4303 548 4357 huius
570 4302 660 4374 partis
684 4302 828 4358 exordium
846 4302 877 4356 in
895 4301 989 4356 media
1008 4302 1097 4372 epodo
1117 4300 1240 4372 positum
1259 4302 1315 4369 est,
1335 4303 1367 4354 ut

99 4389 163 4429 nora
174 4394 241 4447 pars
255 4376 319 4446 ipsa
332 4392 351 4429 a
361 4391 437 4429 nova
450 4375 567 4445 stropha
581 4374 700 4445 incipiat
714 4406 748 4414 -
763 4378 805 4428 58.
820 4374 869 4428 aul
883 4374 940 4443 πὰρ
955 4372 1130 4443 Δεινομένει·
1147 4390 1209 4427 eum
1223 4371 1366 4427 Boeclrhio

102 4442 270 4517 interpretor:
288 4447 343 4501 etsi
362 4446 483 4502 victoria
501 4446 631 4501 Hieronis
650 4446 695 4514 sit,
713 4448 811 4500 tamen
829 4462 892 4500 eam
911 4445 998 4499 etiam
1017 4445 1093 4516 apud
1106 4445 1299 4512 Dinomenem,
1314 4444 1367 4498 boc

102 4520 137 4570 est
152 4519 179 4573 in
195 4518 265 4575 aula
283 4517 447 4572 Dinomenis
465 4535 495 4573 re
517 4518 539 4571 's
553 4517 673 4572 Aetnaei
693 4517 873 4589 praedicabo,
892 4516 1121 4588 quandoquidem
1139 4514 1258 4570 victoria
1276 4515 1367 4597 patris

103 4589 187 4645 atilio
207 4608 266 4645 non
289 4590 384 4644 aliena
406 4592 457 4645 est.
526 4606 596 4657 eque
619 4606 772 4670 pronomen
795 4586 894 4645 κείναν
912 4608 937 4644 v.
958 4605 992 4657 oi,
1012 4588 1159 4657 quominus
1182 4587 1256 4643 hanc
1280 4590 1366 4639 mter-

103 4663 277 4725 pretationem
295 4660 507 4731 amplectamur,
526 4660 657 4731 impedit,
677 4660 810 4729 qnoniam
830 4660 961 4715 similiter
980 4663 1065 4729 atque
1084 4676 1169 4730 supra
1187 4676 1254 4713 1111
1273 4657 1365 4725 ἄνδρα

103 4738 182 4787 κεῖνον
198 4752 257 4789 non
275 4749 335 4788 rem
348 4735 493 4801 remotam,
508 4732 557 4786 sed
572 4732 720 4786 sublimem
734 4734 764 4786 et
776 4734 900 4787 carmine
914 4731 1112 4786 illustrandam
1127 4730 1282 4801 significat;
1301 4746 1365 4783 con-

104 4798 179 4859 ferde
191 4803 281 4859 simili
294 4804 323 4859 vi
337 4802 509 4875 pronominis
523 4802 608 4859 τάνδε
622 4804 653 4860 0.
664 4822 712 4857 vm
727 4810 858 4861 11-69.
873 4802 989 4860 ποινάν·
1005 4802 1170 4877 praemium,
1185 4805 1217 4858 ut
1231 4800 1264 4857 N.
1276 4817 1366 4883 111-
