3417 5434
893 1200 1036 1253 OATMH.
1056 1196 1103 1250 IB'

626 1362 1015 1446 ΕΡΓΟΤΕΛΕΙ
1062 1361 1380 1448 ΙΜΕΡΑΙΩι

918 1560 1081 1614 nonnum.

880 3404 1122 3487 Argumentum.

446 3536 492 3594 De
519 3536 662 3616 Ergotale
689 3536 860 3595 Philanoris
886 3535 948 3595 filio
976 3534 1148 3613 Himeraao,
1176 3534 1263 3594 auius
1287 3533 1432 3593 uictorias
1456 3532 1617 3609 Olympicus,
1666 3530 1667 3533 ’

358 3643 449 3684 cursu
471 3626 561 3703 longo
582 3618 715 3711 (δολίχῳ)
736 3624 781 3686 Ol.
799 3629 838 3685 77
855 3650 898 3673 =
915 3627 976 3683 472
994 3644 1019 3683 a.
1035 3623 1103 3684 Chr.
1122 3626 1236 3702 pariae,
1255 3624 1311 3683 hoa
1331 3642 1450 3683 cannen
1469 3622 1617 3682 dedicatum

359 3717 412 3793 est,
435 3714 602 3775 Pausanias
625 3728 701 3794 v14,
722 3728 752 3774 11
774 3716 847 3774 haec
870 3714 1030 3774 memoriae
1053 3714 1198 3790 prodidit:
1219 3705 1392 3793 Ἐργοτέλης
1416 3706 1444 3772 δ’
1471 3710 1487 3772 ὁ
1511 3710 1615 3771 Φιλάνο-

355 3826 406 3883 ρος
440 3803 558 3884 δολίχου
589 3805 644 3865 δύο
674 3802 706 3865 έν
731 3798 876 3887 Ὀλυμπίᾳ
905 3804 1007 3881 νίκας,
1036 3803 1180 3875 τοσαύτας
1211 3800 1243 3863 δὲ
1273 3799 1362 3874 έίλλας
1392 3805 1503 3863 Πυθοῖ
1526 3798 1570 3861 καὶ
1594 3795 1618 3857 ἕν

353 3886 462 3977 Ἰσθμῷ
486 3916 516 3954 τε
538 3892 589 3955 καί
612 3893 749 3973 Νεμείων
771 3890 968 3978 ἀνῃρημένος,
992 3892 1046 3973 οὐχ
1064 3889 1207 3973 Ἱμεραῖος
1226 3884 1303 3952 εἶναι
1321 3890 1353 3952 τὸ
1373 3890 1401 3965 ἐξ
1423 3890 1522 3973 ἀρχῆς,
1539 3888 1618 3950 καθί-

353 4004 407 4063 περ
434 4006 466 4063 γε
489 3983 522 4044 τὸ
545 3982 713 4065 ἐπίγραμμα
735 3982 768 4043 τὸ
796 3977 841 4042 ἐπ’
868 3980 947 4066 αὐτῷ
975 4000 1065 4061 φησι,
1089 3981 1172 4062 Κρὴς
1197 3978 1228 4042 δέ
1251 3974 1329 4042 εἶναι
1352 3979 1463 4061 λέγεται
1486 3980 1615 4049 Κνώσιος·

354 4070 485 4133 ἐκπεσὼν
509 4070 541 4133 δέ
563 4072 623 4133 ὑπὸ
646 4081 812 4133 στασιωτῶν
835 4069 868 4131 έιι
891 4074 1017 4133 Κνωσοῦ
1037 4070 1087 4133 καί
1105 4070 1135 4144 ἐς
1155 4068 1270 4152 Ἱμέραν
1289 4068 1472 4151 ἀφικόμενος
1489 4068 1616 4137 πολιτείας

353 4163 509 4242 τετύχηκεν
536 4161 586 4223 καί
609 4161 702 4222 πολλὰ
725 4162 824 4241 εὕρετο
852 4158 925 4221 τ’ίλλα
947 4159 978 4234 ές
1001 4160 1097 4241 τιμήν.
1143 4162 1199 4221 His
1227 4161 1338 4219 similia
1366 4162 1480 4221 scholia
1507 4162 1543 4219 ad
1568 4178 1617 4219 aar·
1666 4164 1667 4239 ζ

352 4253 442 4312 minis
469 4253 556 4315 inser.
579 4254 726 4314 referunt:
751 4245 923 4333 Ἐργοτέλης
948 4250 1028 4331 Κρὴς
1057 4248 1110 4329 μὲν
1137 4243 1183 4331 ίγνΙ
1199 4254 1238 4334 τῷ
1261 4246 1339 4330 γένει
1361 4248 1473 4322 πόλεως
1497 4253 1616 4322 Κνωσοῦ,

353 4338 386 4414 ὃς
405 4340 570 4423 ἠγωνίσατο
587 4341 642 4420 τὴν
659 4336 705 4413 οζ’
721 4335 903 4422 Ὀλυμπιάδα
920 4339 969 4401 καὶ
987 4339 1042 4417 τὴν
1061 4338 1129 4419 ἑξῆς
1144 4338 1290 4401 Πυθιάδα
1307 4333 1370 4399 κθ’.
1408 4336 1616 4419 στασιαζομίνης
1666 4342 1667 4353 ’

354 4428 386 4491 δέ
410 4441 462 4512 τῆς
486 4432 597 4505 πόλεως
620 4429 719 4512 φυγὰς
743 4431 785 4503 εἰς
811 4426 927 4510 Ἱμέραν
954 4429 1040 4490 πόλιν
1064 4428 1275 4507 Σικελιωτιοιὴν
1298 4426 1416 4509 ἀπῆλθε
1438 4427 1488 4489 καί
1509 4431 1615 4489 καταλο-

354 4519 418 4600 βὼυ
447 4522 537 4582 πάλιν
571 4520 605 4581 τὰ
637 4520 670 4580 έν
699 4521 820 4604 Σικελίᾳ
851 4520 1007 4600 πράγματα
1038 4518 1249 4597 στασιαζὸμενα
1279 4517 1353 4600 πρὸς
1386 4516 1518 4591 Γέλωνος
1548 4510 1616 4598 (fori
1666 4558 1667 4583 τ

356 4606 512 4694 Θήρωνος)
541 4611 590 4672 καί
614 4607 748 4691 Ἱέρωνος
775 4608 966 4690 ἐκδεξάμενος
995 4608 1117 4689 εἰρήνην
1147 4606 1291 4686 ἐνίκησεν.
1337 4609 1382 4668 De
1414 4628 1465 4668 sex
1493 4605 1616 4680 victoriis,
1666 4610 1667 4671 η

355 4719 430 4776 quas
457 4702 624 4761 Pausanias
653 4704 820 4779 enumerat,
848 4719 910 4759 una
934 4697 1103 4778 Olympica,
1128 4700 1204 4758 duae
1228 4698 1386 4777 Pythicae,
1410 4717 1472 4757 una
1494 4695 1616 4757 Isthmia
1666 4746 1667 4755 ,

353 4790 415 4852 iam
439 4793 514 4870 tum,
537 4811 605 4851 cnm
627 4790 776 4849 Pindarus
799 4790 855 4849 hoc
879 4809 996 4849 carmen
1020 4790 1140 4865 scripsit
1158 4782 1199 4869 (v.
1216 4800 1249 4847 17
1264 4780 1332 4869 sq.),
1351 4791 1520 4864 reportatas
1538 4786 1616 4857 erant,
