3417 5434
604 1274 772 1329 ΙΣΘΜΙΟΝ.
791 1273 834 1329 Β’.

205 1434 655 1519 ΞΕΝΟΚΡΑΤΕΙ
701 1439 1232 1523 ΑΚΡΑΓΑΝΤΙΝΩι

645 1634 786 1686 ΑΡΜΑΤΙ.

592 3293 835 3376 Argumentum.
930 3363 934 3367 ,

161 3422 245 3481 Inter
272 3422 399 3499 epinicia
427 3424 483 3482 boc
511 3443 628 3483 carmen
653 3443 671 3481 a
694 3425 900 3502 grammaticis
927 3425 1056 3484 relatum
1081 3429 1139 3503 est,
1167 3444 1351 3503 quamquam

64 3516 104 3571 ut
124 3512 300 3571 memoriam
319 3512 495 3572 Xenocratis
513 3514 577 3573 vita
596 3513 657 3572 iam
676 3513 809 3573 defuncti
828 3514 1021 3573 resuscitaret
1039 3515 1154 3574 factum
1173 3518 1226 3575 est.
1264 3515 1350 3585 Quod

65 3606 175 3660 autam
199 3600 277 3660 inter
300 3602 403 3660 laudes
425 3602 600 3661 Xenocratis
623 3602 765 3662 victorias
788 3604 819 3661 in
842 3604 923 3662 ludis
946 3604 1038 3663 sacris
1061 3608 1230 3680 reportatas
1253 3605 1349 3680 primo

65 3692 136 3750 loco
160 3695 251 3766 poeta
269 3691 379 3769 posuit,
398 3690 429 3749 id
448 3694 596 3767 quantum
614 3692 661 3750 his
681 3692 895 3751 certaminibus
914 3693 1036 3752 ludicris
1056 3694 1161 3753 Graeci
1180 3694 1349 3771 tribuerint,

66 3780 241 3839 luculenter
260 3780 452 3840 demonstrat.
489 3781 572 3839 Inter
590 3780 733 3840 Isthmica
752 3802 822 3841 vero
846 3781 975 3858 epinicia
998 3784 1187 3860 grammatici
1209 3784 1265 3841 hoc
1286 3802 1349 3841 car-

66 3889 139 3928 men
164 3869 401 3947 collocaverunt,
430 3870 510 3946 quod
534 3870 612 3929 inter
634 3870 775 3931 victorias
798 3871 975 3930 Xenocratis
998 3872 1094 3947 primo
1118 3873 1183 3931 loco
1206 3872 1349 3930 Isthmica

67 3959 228 4017 illustrata
246 3961 292 4017 est
311 3950 352 4040 (v.
375 3950 435 4040 13);
458 3962 614 4035 practerea
637 3959 782 4035 suspicari
809 3960 896 4019 nobis
918 3960 990 4018 licet
1011 3961 1154 4020 redeunte
1177 3980 1264 4038 anno,
1288 3980 1348 4036 quo

68 4048 216 4107 Isthmica
238 4048 365 4107 victoria
387 4052 476 4125 parta
500 4052 573 4127 erat,
596 4049 653 4108 hoc
675 4067 794 4108 carmen
815 4052 851 4107 ut
870 4053 1027 4108 caneretur
1045 4050 1229 4109 destinatum
1247 4051 1349 4109 fuisse.

70 4137 208 4213 Denique
231 4138 356 4196 missum
380 4156 398 4196 a
421 4138 550 4197 Pindaro
574 4139 629 4197 hoc
653 4156 770 4196 carmen
795 4142 840 4197 est
859 4138 1056 4217 Thrasybulo,
1079 4140 1254 4199 Xenocratis
1277 4139 1348 4217 filio,

68 4226 119 4285 cui
149 4230 240 4302 poeta
267 4226 328 4285 iam
356 4229 445 4286 antea
473 4247 589 4286 carmen
615 4228 645 4287 P.
666 4246 697 4286 VI
720 4226 880 4303 scripserat
909 4231 940 4286 et
967 4228 1020 4303 qui
1047 4229 1143 4304 patris
1165 4229 1348 4306 memoriam,

69 4334 133 4391 qua
157 4317 222 4374 erat
244 4315 356 4391 pictate
381 4308 422 4397 (r.
442 4318 474 4375 P.
494 4335 525 4375 vl
545 4328 577 4375 19
593 4309 653 4395 ss),
677 4335 865 4392 summopere
888 4316 1013 4375 colebat.
1050 4318 1116 4388 Quo
1140 4321 1273 4394 tempore
1291 4319 1347 4377 hoc

69 4424 191 4464 carmen
214 4405 329 4465 factum
352 4406 400 4481 sit,
424 4405 534 4465 diserto
558 4406 729 4465 testimonio
754 4424 898 4482 caremus,
921 4406 979 4463 nisi
1002 4407 1083 4482 quod
1106 4427 1140 4466 ex
1158 4426 1247 4466 versu
1265 4407 1346 4484 rige-

69 4495 146 4577 simp
175 4494 265 4553 tertio
293 4497 362 4570 post
385 4494 573 4571 Olympicam
600 4494 757 4554 victoriam
780 4495 925 4554 Theronis
957 4496 1027 4554 anni
1052 4499 1115 4555 476
1141 4488 1202 4575 (01.
1227 4499 1277 4572 76,
1304 4490 1346 4577 1),

69 4604 106 4642 ex
130 4583 224 4659 epodo
247 4583 357 4642 ultima
379 4587 448 4659 post
469 4584 600 4642 reditum
622 4587 728 4660 poetae
752 4604 787 4642 ex
810 4583 916 4642 itinere
940 4585 1129 4659 Syracusano
1153 4584 1184 4642 id
1202 4585 1346 4661 scripturn

69 4692 133 4731 esse
157 4672 307 4732 discimus.
352 4673 564 4733 verisimiliter·
586 4673 681 4750 igitur
703 4673 760 4733 viri
784 4671 864 4732 docti
888 4675 1005 4733 natales
1031 4674 1170 4735 carminis
1193 4674 1272 4733 circa
1295 4693 1346 4733 au-

69 4782 143 4820 num
167 4764 232 4821 470
255 4766 379 4838 ponunt.
