3417 5434
319 325 385 389 270
789 329 939 380 Planum
958 330 1124 382 semela

318 494 429 555 dicium
453 498 564 573 exstat;
586 494 677 555 immo
703 495 926 572 comparatione
952 516 1020 557 oum
1045 496 1134 557 choro
1160 497 1328 575 Musarum,
1352 497 1383 557 iu
1409 518 1470 575 quo
1496 497 1600 557 medio

318 585 427 661 Apollo
446 585 519 645 deus
542 587 625 645 stans
643 585 791 645 citharam
809 584 923 661 plectro
941 586 1052 662 pulsat,
1071 586 1205 646 versibus
1225 598 1339 645 22—24
1358 587 1500 647 instituta
1517 586 1601 646 effici

318 673 438 733 videtur
459 674 490 733 in
513 674 569 734 hoc
597 692 717 751 quoque
744 674 875 734 carmine
903 674 991 735 choro
1020 676 1139 735 canenti
1166 679 1287 752 poetam
1309 675 1419 735 fidibus
1441 676 1487 735 ita
1508 696 1601 753 prae-

319 763 456 841 cinuisse,
478 766 514 822 ut
536 783 596 824 uno
621 764 686 823 loco
709 762 785 823 fixus
809 765 945 823 maneret
966 783 1063 843 noque
1086 764 1208 824 choreas
1231 765 1362 825 duceret

374 918 444 983 Οὐκ
467 917 743 1003 ἀνδριαντοποιός
765 916 841 1003 εἰμ’,
1399 926 1478 1005 Στρ.
1498 919 1544 985 α’.

418 1022 494 1089 ὥστ’
524 1023 718 1091 ἐλινύσοντα
740 1025 958 1110 ἰεργάζεσθαι
983 1025 1138 1111 ἀγάλματ’
1167 1024 1217 1092 ἐπ’
1243 1027 1346 1104 αὐτᾶς
1366 1029 1535 1112 βαθμίδος

372 1128 514 1197 ἑσταότ’·
537 1131 608 1198 ἀλλ’
637 1130 689 1198 έπί
712 1132 818 1209 πάσας
841 1132 982 1209 ὁλκάδος
1004 1136 1041 1198 ἔν
1063 1132 1091 1199 τ’
1119 1133 1243 1222 ἀκάτῳ,
1266 1134 1394 1217 γλυκεῖ’
1420 1134 1533 1219 torte,
1586 1153 1602 1198 o

373 1238 473 1325 στεῖχ’
500 1238 556 1305 ἀπ’
582 1242 737 1323 Αἰγίνας,
760 1238 994 1323 θιαγγέλίοιά,
1017 1241 1068 1306 ὅτι

372 1346 559 1431 Λάμπωνος
581 1348 654 1423 υίὸς
677 1342 816 1422 Πυθέας
838 1344 1044 1431 εὐρυσθενὴς

337 1454 447 1535 ονίκη
470 1454 626 1537 Νεμείοις
649 1454 852 1537 παγκρατίου
876 1451 1056 1536 στέφανον,

372 1560 464 1625 otae
488 1558 604 1642 γένυσι
627 1562 760 1644 φαίνων
782 1558 933 1644 τέρειναν
955 1557 1068 1644 ματέρ’
1093 1560 1255 1638 οἰνάνθας
1277 1562 1427 1649 ὀπώραν,
1568 1583 1603 1629 lo

371 1737 406 1803 έκ
429 1734 465 1803 dt
489 1739 624 1821 Κρόνου
647 1736 702 1803 καί
727 1738 834 1821 Ζηνὸς
856 1738 893 1821 ἥ·
1394 1739 1478 1807 ’Λντ
1496 1741 1543 1809 α’.

416 1868 504 1929 ρωας
526 1845 685 1929 αἰχματὰς
708 1843 937 1929 φυτευθέντας
958 1842 1013 1909 καί
1036 1844 1100 1910 ἀπὸ
1124 1855 1268 1930 χρυσεᾶν
1290 1848 1474 1930 Νηρηίδων

365 1952 528 2029 Αἰακίδας
550 1950 705 2037 έγίραρεν
727 1954 931 2036 ματρόπολίν
953 1974 1002 2035 τε,
1026 1956 1130 2037 φίλαν
1152 1950 1257 2029 ξένων
1279 1955 1440 2040 ἄρουραν·
1568 1973 1603 2020 15

319 2078 530 2087 n-—....-..-.-..-

388 2164 469 2199 vaura
488 2163 591 2199 necno.
628 2144 711 2199 Insor.
731 2142 834 2218 Πυθέᾳ
852 2144 935 2198 παιδὶ
953 2144 1027 2214 (fort.
1047 2144 1204 2215 Λάμπωνος
1221 2148 1314 2216 παιδί)
1333 2146 1465 2220 Αἰγινήτῃ
1484 2149 1545 2217 dibri
1569 2150 1601 2203 ε’

320 2218 355 2282 Β,
374 2216 477 2291 Πυθέᾳ
495 2216 546 2270 cici
564 2215 722 2285 Λάμπωνος
739 2223 949 2287 παγκρατιαστῇ
964 2217 994 2271 D
1013 2249 1047 2257 -
1062 2225 1085 2272 1.
1108 2218 1224 2273 έλινύοσ.
1241 2220 1270 2272 D
1283 2251 1317 2259 -
1332 2228 1356 2274 *2.
1378 2220 1409 2273 in
1421 2237 1511 2291 marg.
1526 2220 1603 2274 add.
1686 2235 1687 2254 ³

318 2289 348 2343 D
367 2320 400 2329 -
418 2287 511 2351 πάσας
529 2272 625 2343 *Priola
648 2286 740 2356 πάσης
762 2288 829 2342 BD
847 2320 882 2329 —
901 2294 926 2343 5.
950 2284 1014 2357 νίκη
1037 2288 1146 2357 Heyne:
1169 2297 1235 2357 νιαη
1257 2290 1333 2356 BD,
1358 2300 1423 2361 νικῇ
1447 2290 1544 2363 Bergk
1565 2324 1603 2333 -

319 2368 342 2415 6.
363 2358 441 2429 γένυι
459 2359 529 2414 coni.
549 2358 692 2413 Hermann
715 2390 748 2399 —
774 2358 917 2413 οἰνάνθαν
940 2358 1051 2427 ὀπώρας
1074 2360 1144 2415 coni.
1163 2360 1251 2414 Pauw
1267 2392 1303 2401 -
1323 2366 1346 2415 7.
1371 2363 1509 2431 νηρεΐδων
1526 2364 1604 2417 BD
1686 2415 1687 2438 ,

320 2463 353 2471 -
373 2436 396 2486 8.
417 2429 541 2503 ἐγέραιρε
561 2431 637 2487 BD:
657 2426 770 2500 ἰγέραρε
790 2430 832 2485 ed.
851 2430 930 2485 Rom.
951 2463 984 2471 -

388 2592 576 2627 comerrien.
613 2590 639 2627 v.
656 2578 670 2626 1
686 2590 721 2627 es.
746 2571 864 2627 Carmen
887 2572 1038 2643 epinicium
1057 2575 1152 2628 statua
1170 2574 1264 2645 potius
1288 2591 1349 2629 esse
1372 2575 1498 2645 exponit,
1518 2576 1605 2645 quod
1686 2549 1687 2620 i

317 2660 372 2699 nou
392 2647 423 2698 ut
442 2642 492 2698 illa
515 2644 613 2699 eodem
639 2643 701 2699 loco
726 2645 812 2698 fixum
836 2648 963 2713 maneat,
989 2645 1039 2698 sed
1064 2646 1210 2715 tamquam
1233 2646 1379 2716 navigium
1397 2664 1479 2719 super
1498 2648 1605 2701 omnia
1686 2651 1687 2708 l

317 2715 408 2769 maria
426 2714 531 2769 samam
545 2714 660 2771 victoris
674 2714 824 2771 diffundat.
851 2714 941 2769 Huius
959 2732 1025 2770 vero
1044 2716 1261 2786 comparationis
1280 2716 1413 2788 lepidam,
1432 2718 1499 2772 licet
1518 2736 1605 2773 com-
1686 2717 1687 2768 t

316 2786 492 2853 menticiam,
516 2802 631 2841 causam
654 2786 761 2841 scholia
785 2786 907 2841 afferunt
928 2786 1014 2842 hano:
1039 2786 1192 2841 Pindarum
1211 2787 1342 2843 carminis
1361 2790 1519 2845 mercedem
1538 2792 1606 2844 tria

317 2857 397 2912 milia
417 2858 612 2912 drachmarum
630 2858 799 2929 poposcisse,
814 2857 890 2927 quod
903 2858 1023 2928 primum
1038 2874 1181 2913 recusasse
1195 2859 1315 2930 gentiles
1329 2860 1454 2929 Pytheae
1468 2862 1605 2925 victoris,

317 2930 429 3011 quaudo
454 2929 565 3012 signum
589 2946 706 3012 aeneum
729 2932 811 2983 tanta
834 2928 955 2999 pecunia
968 2930 1129 3011 ,comparari
1157 2934 1266 3012 posset,
1284 2934 1385 3014 poetae
1402 2935 1510 3013 autem,
1529 2949 1606 3013 cum

319 3017 442 3127 teate?
461 3002 884 3127 ‘sentententiam
897 3000 1607 3144 ttmtdtttttttttweatttttt

319 3145 426 3199 reducit
442 3145 556 3213 Ιμαίιιια
579 3144 701 3198 coelectos
720 3144 843 3215 pugilem
866 3162 993 3213 equumve
1008 3147 1013 3213 1
1029 3145 1098 3198 dicit
1115 3152 1141 3199 ct
1158 3152 1266 3199 uentum
1286 3147 1392 3215 potiore
1410 3148 1498 3217 sipoto
1514 3150 1518 3215 Ι
1534 3164 1604 3201 mu-

319 3233 382 3270 nere
401 3217 492 3270 durrat.
531 3214 571 3269 De
591 3215 692 3269 statuis
711 3214 848 3269 victorum
867 3213 983 3268 Pindari
1001 3218 1095 3269 aetate
1114 3216 1214 3284 positis
1233 3216 1345 3287 copiose
1365 3216 1494 3288 disputat
1510 3218 1604 3285 Jebb,

317 3284 433 3339 Journal
445 3286 476 3339 of
486 3285 558 3340 Heli.
570 3285 642 3341 stud.
654 3305 685 3339 111
700 3301 738 3341 no
753 3304 787 3340 se.
801 3319 831 3326 -
848 3286 936 3348 αἰνᾶς
946 3313 979 3331 =
990 3296 1039 3350 τᾶς
1048 3287 1143 3350 αὐτᾶς,
1158 3286 1233 3356 quod
1248 3287 1361 3342 dicendi
1375 3304 1463 3358 genus
1476 3288 1605 3344 Pindari

317 3359 346 3411 et
368 3355 481 3412 Homeri
506 3374 566 3411 esse
590 3359 702 3412 constat
720 3389 754 3397 -
778 3363 802 3412 θ.
827 3360 893 3427 apte
918 3360 1003 3427 poeta
1029 3358 1063 3413 de
1087 3357 1193 3413 maiore
1215 3359 1283 3413 navi
1305 3358 1515 3430 praepositione
1538 3361 1604 3430 ἐπί,

317 3428 350 3482 de
369 3445 457 3498 parva
482 3428 567 3483 lintre
591 3427 798 3499 praepositione
825 3427 855 3482 έν
880 3446 947 3483 usus
973 3433 1031 3499 est;
1056 3429 1128 3484 bene
1152 3429 1228 3484 idem
1251 3431 1281 3483 in
1299 3430 1393 3485 insula
1415 3435 1602 3489 mercaturae

317 3500 444 3553 studiosa
462 3500 585 3571 imagine
604 3499 794 3572 navigationis
814 3499 1037 3571 divulgationem
1060 3500 1153 3554 famae
1176 3500 1330 3556 illustravit
1349 3534 1382 3543 -
1401 3508 1425 3557 5.
1451 3500 1515 3571 νίκη
1535 3503 1602 3559 στέ-

318 3590 420 3639 φανον,
440 3573 604 3626 consecutus
623 3574 667 3625 est
684 3570 804 3626 victoria
822 3588 966 3638 coronam,
991 3572 1031 3626 eie
1049 3580 1133 3626 νικᾶν
1155 3570 1260 3642 χαλκόν
1282 3572 1316 3627 N.
1336 3593 1354 3626 x
1372 3591 1411 3641 aa,
1436 3583 1521 3628 νικᾶν
1538 3574 1604 3645 τρί-

316 3644 391 3695 ποδα
411 3642 529 3712 append.
545 3642 631 3713 epigr.
648 3658 673 3697 ιο
687 3674 722 3683 -
737 3649 760 3697 6,
779 3640 876 3713 ματέρ’
894 3643 1032 3706 οἰνάνθας
1051 3643 1166 3710 ὀπώραν
1187 3643 1211 3697 si
1231 3648 1305 3699 recte
1325 3660 1355 3698 se
1373 3644 1489 3712 habent,
1507 3652 1604 3714 poeta

317 3712 431 3781 ὀπώραν
453 3730 509 3767 nou
535 3718 711 3783 autumnum,
738 3713 788 3769 sed
814 3714 932 3768 aestatis
958 3714 1079 3769 calorem
1103 3713 1256 3784 intellexit,
1283 3734 1368 3785 quam
1394 3716 1517 3771 similem
1535 3717 1601 3771 vim

315 3783 382 3838 huic
406 3783 545 3839 vocabulo
569 3788 654 3855 poeta
680 3785 782 3841 tribuit
806 3785 826 3839 I.
846 3804 867 3837 11
885 3803 912 3855 ⁵3
938 3784 973 3839 de
998 3786 1207 3856 comparatione
1232 3787 1375 3856 lanuginis
1399 3788 1506 3842 barbae
1530 3806 1601 3843 cum

316 3855 391 3910 viteo
410 3856 535 3925 germine
555 3856 648 3911 confer
667 3857 730 3911 Eur.
745 3855 849 3911 Phoen.
866 3874 917 3911 noo
932 3857 1054 3912 οἰνωπὸν
1068 3855 1153 3927 γένυν
1169 3890 1200 3899 -
1217 3864 1240 3912 7.
1261 3858 1360 3913 schol:
1380 3858 1411 3912 ἐν
1430 3858 1462 3913 δὲ
1481 3858 1603 3927 Κρόνου

316 3928 364 3981 καί
385 3925 484 3996 Ζηνός·
508 3929 639 3998 Τελαμὼν
657 3928 705 3982 καί
724 3929 841 3996 Πηλεύς,
861 3927 910 3997 qui
927 3928 980 3982 filii
999 3928 1092 3997 Aeaci,
1111 3928 1163 3982 filii
1182 3928 1268 3998 Jovis,
1288 3932 1317 3984 et
1334 3930 1481 3999 Endeidis,
1499 3934 1603 4022 neptis
1686 3979 1687 3988 .

316 3998 438 4066 Saturni,
457 4003 551 4068 erant;
575 4000 673 4054 schol:
698 3996 809 4067 Κρόνου
832 3998 884 4069 μὲν
902 3999 956 4069 γὰρ
974 4002 1083 4068 Χείρων
1101 4002 1150 4054 καί
1169 4002 1301 4070 Φιλύρας,
1323 3999 1466 4069 Χείρωνος
1483 4001 1515 4056 δὲ
1539 4006 1602 4057 Εν-
1686 4053 1687 4072 ,

317 4070 386 4138 ὀηίς,
404 4068 551 4139 Ἐνδηίδος
570 4069 601 4125 δὲ
618 4072 750 4141 Τελαμὼν
766 4072 815 4123 καί
828 4072 937 4139 Πηλεὺς
957 4070 984 4137 ἐξ
999 4072 1112 4126 Αἰακοῦ.
1140 4073 1233 4141 Atque
1251 4072 1304 4127 hoe
1319 4071 1433 4141 quidem
1452 4073 1514 4128 loeo
1528 4074 1602 4127 Pin-
1686 4087 1687 4098 ¹

317 4142 400 4195 darus
419 4158 449 4196 re
467 4158 534 4196 vera
553 4142 709 4196 Eudaidem
731 4158 781 4211 pro
801 4140 930 4196 Chironis
953 4141 1012 4196 filia
1031 4142 1200 4213 Saturnique
1218 4147 1302 4215 nepte
1320 4143 1454 4199 habuisse
1473 4144 1602 4215 videtur,

316 4229 468 4282 quamqam
494 4212 558 4267 aliie
583 4212 652 4268 locis
678 4212 838 4282 Chironem,
864 4213 968 4337 quippe
993 4230 1076 4283 quem
1094 4214 1212 4268 Achillia
1235 4218 1265 4269 et
1291 4214 1399 4270 Iasonis
1425 4216 1600 4286 magistrum

316 4283 426 4352 dixerit,
440 4284 576 4339 minorem
591 4286 658 4339 natu
672 4300 758 4353 quam
771 4285 895 4339 Aeaeum
922 4284 995 4339 uisse
1010 4284 1111 4339 statuit
1124 4288 1154 4340 et
1167 4285 1217 4340 alii
1232 4286 1380 4357 scriptores
1395 4289 1431 4349 (v.
1442 4287 1516 4342 Prol.
1529 4295 1600 4345 cxxi

315 4354 472 4410 Eudaidcm
494 4373 550 4410 non
569 4355 709 4421 Chironis,
734 4356 783 4409 sed
807 4355 930 4410 Scironis
955 4354 1042 4410 filiam
1065 4356 1151 4411 fuisse
1170 4358 1364 4427 perhibebant.
1401 4358 1542 4413 Nimirum
1564 4364 1597 4413 in

315 4427 481 4495 permutatis
506 4428 550 4482 his
576 4427 735 4483 nominibus
761 4426 900 4497 (Chironia
920 4430 949 4481 et
967 4427 1099 4497 Scironis)
1124 4427 1259 4483 historiae
1284 4429 1423 4484 fabularis
1449 4430 1600 4485 scintillae

316 4497 470 4553 simultatis
487 4498 697 4555 Atheniensium
717 4502 747 4553 et
759 4498 961 4571 Aeginetarum
979 4497 1079 4566 latent,
1097 4516 1186 4569 neque
1206 4500 1263 4555 scio
1283 4518 1320 4555 an
1338 4500 1478 4555 Pindarus
1494 4501 1525 4555 in
1538 4502 1598 4557 hac

315 4568 413 4623 fabula
432 4569 507 4623 etin
527 4587 568 4639 ea,
588 4588 672 4639 quam
692 4570 726 4625 de
745 4570 833 4624 Aeaci
851 4570 957 4625 auxilio
972 4587 990 4624 a
1004 4570 1118 4626 Graecis
1139 4572 1268 4625 omnihus
1286 4571 1437 4642 implorato
1452 4572 1487 4627 N.
1503 4592 1552 4626 v111
1570 4593 1597 4629 rc
1686 4583 1687 4610 ί

315 4640 460 4710 exposuit,
480 4645 577 4696 auctor
596 4641 782 4712 interpolatae
801 4646 831 4695 et
849 4659 929 4697 corru
948 4645 995 4696 tae
1014 4642 1117 4697 veteris
1136 4642 1298 4697 traditionis
1317 4643 1460 4699 exstiterit
1480 4677 1512 4686 -
1532 4648 1597 4715 Νη-

316 4713 433 4781 ρηΐδων·
457 4729 491 4766 ex
514 4712 616 4781 quibus
640 4715 669 4767 et
685 4713 795 4767 Phocus
814 4713 901 4767 Aeaci
919 4661 993 4768 filiius
1012 4717 1042 4768 et
1058 4713 1183 4768 Achilles
1202 4713 1279 4768 Pelei
1297 4715 1372 4769 filius
1391 4716 1454 4770 nati
1472 4720 1539 4771 sunt
1558 4750 1594 4757 -—

317 4789 340 4838 S.
360 4780 543 4854 ματρόπολιν·
562 4784 609 4839 hic
628 4785 725 4838 matris
745 4785 842 4839 urbem
862 4784 921 4839 sive
940 4785 1124 4839 Aeacidarum
1143 4786 1264 4857 putrium
1284 4786 1329 4855 (cf.
1349 4787 1433 4857 Soph.
1453 4789 1518 4844 Ant.
1539 4806 1594 4843 rim
1686 4819 1687 4828 .
