3417 5434
514 310 564 362 III.
590 310 641 362 DE
659 308 769 361 LUDIS
788 309 834 362 ΕΤ
852 308 1031 363 EPlNICIIS.
1315 305 1415 360 LXXV

123 477 159 538 et
187 494 308 560 pueros
333 472 548 538 certaminum
571 477 739 538 consortes
762 472 833 537 fieri
857 471 1043 558 voluerunt,
1070 475 1200 536 etcum
1226 491 1346 554 pueros
1369 469 1416 535 in·

122 581 241 646 firmos
261 602 335 644 cum
353 579 433 645 viris
453 580 573 644 adultis
593 579 797 645 committere
814 578 964 664 iniquum
983 601 1053 645 csse
1073 578 1244 663 videretur,
1265 583 1416 663 separata

123 687 308 754 certamina
321 709 495 772 puerorum
508 682 668 775 (παίδων)
683 691 715 752 et
730 687 873 752 virorum
889 683 1052 774 (ἀνδρῶν)
1065 686 1288 751 instituerunt.
1314 685 1414 751 Athe·

125 795 258 861 nienses
282 816 359 860 vero
382 793 457 859 inde
481 817 501 859 a
524 799 640 878 quarto
671 795 799 860 sacculo
824 817 851 860 a.
871 792 945 860 Chr.
969 794 1069 859 etiam
1096 794 1227 881 longius
1249 793 1415 879 progressi

125 905 274 990 primum
302 901 368 967 tria
394 902 608 968 certaminum
636 901 824 967 discrimina
851 902 983 967 παίδων
1009 898 1065 966 καὶ
1092 901 1254 984 ἀγενείων
1280 898 1336 965 καὶ
1359 899 1416 964 ἀν-

127 1011 232 1094 δρῶν,
255 1008 368 1074 deinde
387 1009 439 1074 rel
458 1013 598 1093 quatuor
617 1009 734 1074 aetatis
754 1009 874 1094 gradus
893 1012 1086 1074 statuerunt.
1093 1007 1120 1097 1)
1152 1008 1261 1093 Atque
1276 1011 1417 1092 quatuor

126 1116 262 1202 quidem
281 1116 399 1181 aetatis
423 1116 542 1202 gradus
560 1115 643 1180 nihil
662 1119 748 1181 certe
768 1116 808 1180 ad
826 1115 959 1180 Pindari
977 1116 1117 1201 epinicia
1134 1116 1313 1201 pertinent3
1335 1114 1417 1180 illud

126 1229 242 1290 autem
265 1223 410 1289 dubitari
432 1228 556 1310 potest,
577 1245 656 1288 num
678 1222 838 1288 Pindarus
861 1222 1034 1288 discrimen
1056 1245 1233 1309 puerorum
1256 1220 1416 1310 (παίδων)

128 1337 162 1398 et
185 1332 341 1398 iuvenum
365 1328 554 1418 (ἀγενείων)
581 1353 714 1416 prorsus
742 1329 952 1416 ignoraverit.
998 1329 1177 1416 Olympicis
1202 1330 1332 1414 quidem
1355 1327 1418 1415 Py·

127 1440 274 1525 thiisque
305 1438 391 1504 ludis
424 1439 554 1521 ἀγῶνας
585 1439 716 1504 παίδων
748 1443 781 1503 et
815 1437 975 1520 ἀγενείων
1007 1460 1074 1504 non
1107 1437 1281 1503 distinctos
1314 1437 1416 1502 fluisse

128 1570 169 1613 ex
193 1545 394 1614 testimoniis
417 1546 596 1612 Pausaniae
619 1551 653 1612 et
674 1545 870 1612 Philostrati
898 1567 996 1631 supra
1019 1544 1128 1611 allatis
1156 1541 1416 1632 cognorimus3¹)

128 1655 188 1721 sed
212 1655 241 1719 si
265 1654 337 1740 quis
360 1653 396 1719 in
418 1653 539 1720 Atticis
563 1653 751 1720 civitatibus
779 1653 845 1720 iam
869 1657 940 1718 tum
966 1652 1048 1717 illud
1075 1653 1250 1718 discrimen
1279 1650 1417 1718 valuisse

127 1761 299 1847 statuerit,
325 1783 394 1827 non
415 1761 520 1827 habeo
544 1783 608 1847 quo
633 1783 707 1826 eum
729 1759 929 1847 redarguam.
976 1759 1048 1836 Qua
1070 1760 1109 1825 de
1132 1782 1230 1826 eausa
1251 1759 1287 1825 in
1309 1758 1417 1824 medio

126 1868 282 1956 equidem
305 1868 464 1954 relinquo,
486 1873 596 1935 utrum
619 1867 777 1933 Pindarus
801 1866 837 1933 0.
857 1868 956 1934 1189
981 1865 1018 1931 έν
1040 1871 1233 1952 Μαραθῶνι
1257 1863 1418 1944 συλαθεὶς

128 1977 294 2060 ἀγενείων
316 1973 416 2060 μένεν
439 1975 551 2060 ἀγῶνα
573 1975 818 2063 πρεσβυτέρων,
842 1979 875 2039 et
894 1974 930 2039 O.
945 1992 1008 2039 vm
1023 1975 1065 2038 55
1084 1977 1117 2039 εί
1135 1973 1167 2039 δ’
1185 1973 1248 2058 ἐγὼ
1263 1977 1418 2062 Μελησίᾳ

128 2083 163 2162 ἐξ
190 2083 351 2167 ἀγενείων
378 2085 480 2161 κῦδος
508 2081 692 2170 ἀνέδραμεν
713 2081 807 2171 ἀμνω
836 2081 996 2148 vocabulo
1025 2082 1184 2165 ἀγενείων
1210 2082 1297 2147 idem
1320 2086 1418 2165 atque

126 2191 264 2257 παίδων
288 2191 530 2277 significaverit,
552 2213 594 2256 an
613 2189 754 2256 medium
773 2190 935 2274 quoddam
953 2189 1041 2254 inter
1058 2189 1216 2275 puerilem
1235 2194 1269 2254 et
1290 2188 1418 2254 virilem

128 2303 275 2364 aetatem
298 2297 441 2364 indicare
463 2299 612 2364 uoluerit.
658 2297 771 2381 Neque
795 2302 906 2362 tamen
929 2298 969 2362 ad
993 2296 1103 2376 omnia
1125 2296 1303 2377 certamina
1324 2295 1417 2380 pueri

126 2405 403 2491 admittebantur3
432 2428 473 2470 ne
500 2405 639 2471 Athenis
668 2403 797 2489 quidem
824 2404 886 2469 hoc
911 2403 1036 2470 factum
1063 2409 1127 2491 θείς
1155 2403 1277 2468 diutius
1306 2408 1416 2469 autem

125 2511 302 2598 Olympiae
332 2517 365 2577 et
392 2511 529 2598 Delphis
559 2513 732 2597 cavebant,
761 2533 802 2576 ne
831 2510 1005 2576 laboriosis
1031 2516 1064 2576 et
1093 2511 1285 2597 periculosis
1315 2513 1416 2576 certa-

125 2619 275 2685 minibus
291 2619 351 2684 flos
368 2619 546 2686 iuventutis
563 2620 834 2706 pessumdaretur.
866 2618 1039 2684 Pancratio
1055 2623 1142 2684 certe
1155 2618 1288 2683 Pindari
1308 2621 1415 2684 aetate

126 2726 313 2813 Olympicis
338 2726 506 2812 Pythiisve
531 2727 617 2792 ludis
642 2725 735 2812 pueri
760 2747 827 2790 non
855 2727 1038 2812 certabant,
1065 2731 1099 2791 et
1124 2724 1331 2812 pentathlum
1358 2747 1417 2810 pu·

126 2855 262 2898 erorum
286 2856 360 2900 eum
382 2856 448 2900 una
471 2833 662 2920 Olympiade
686 2833 864 2898 admissum
888 2833 996 2919 fuerit,
1019 2855 1095 2899 mox
1119 2855 1231 2900 rursus
1255 2831 1415 2898 abolitum

126 2963 202 3006 esse
231 2963 330 3026 supra
358 2943 578 3028 cognovimus.
625 2940 673 3006 De
697 2939 830 3006 Nemeis
853 2945 886 3005 et
909 2940 1057 3006 Isthmiis
1079 2963 1121 3007 ne
1143 2941 1204 3007 hac
1228 2940 1358 3026 quidem
1380 2941 1416 3005 in

124 3073 164 3114 re
188 3049 367 3133 quidquam
391 3050 524 3116 testium
548 3050 611 3114 fide
634 3053 779 3134 constat3
804 3070 908 3132 neque
931 3054 1043 3114 tamen
1065 3049 1217 3115 credibile
1236 3052 1287 3114 est
1304 3045 1416 3113 Oorin-

127 3157 219 3222 thios
239 3159 298 3220 aut
316 3155 497 3222 Nemeaeos
515 3161 583 3222 tam
602 3156 698 3243 longe
718 3160 793 3220 ante
812 3155 911 3220 Eleos
928 3156 1097 3240 pancratio
1117 3162 1279 3223 certamen
1302 3177 1416 3242 puero

127 3287 203 3329 rum
226 3264 393 3349 probasse.
435 3261 691 3350 Chronologieas
715 3267 825 3328 autem
848 3263 1006 3347 quasdam
1029 3264 1252 3350 difficultates,
1275 3286 1355 3350 quas
1378 3267 1417 3328 ut

127 3376 351 3438 summoveret
373 3369 550 3456 Herbigius
579 3394 670 3437 meus
698 3368 894 3457 (Comment.
912 3371 1024 3456 philol.
1044 3371 1170 3438 Monac.
1192 3395 1222 3457 p.
1239 3367 1319 3458 140)
1341 3392 1415 3442 eon-

127 3479 270 3545 trarium
303 3483 446 3544 statuere
478 3501 575 3544 aursus
609 3483 672 3564 est,
705 3477 769 3543 alio
800 3477 897 3542 modo
931 3479 972 3542 ad
999 3479 1022 3543 l.
1044 3497 1107 3543 vm
1141 3500 1207 3565 arg.
1237 3477 1415 3564 expediam.

128 3585 224 3651 Nihil
250 3607 328 3650 vero
355 3585 568 3670 inscriptione
598 3585 750 3678 carminis
774 3583 813 3647 N.
828 3602 851 3648 v
879 3583 975 3649 παιδί
1002 3597 1248 3672 παγκρατιαστῇ
1276 3607 1416 3650 commo-

127 3715 221 3777 veor,
250 3693 370 3778 quippe
398 3714 481 3776 quae
508 3696 541 3758 et
569 3693 716 3758 codicum
744 3691 806 3756 fide
834 3714 949 3776 parum
972 3692 1088 3757 fulcita
1115 3693 1159 3757 sit
1187 3698 1220 3758 et
1242 3697 1280 3758 ut
1303 3714 1415 3757 omnes

128 3799 361 3885 inscriptiones
390 3799 584 3866 auctoritate
606 3798 726 3864 veteris
754 3799 929 3864 memoriae
957 3805 1074 3865 careat.
1119 3799 1158 3865 Id
1184 3805 1296 3864 tamen
1320 3797 1415 3863 facile

128 3908 267 3995 largior,
294 3905 428 3971 iuvenes
452 3903 578 3995 (νέους)
605 3906 672 3972 fere
697 3910 830 3993 vegetae
859 3907 976 3972 aetatis
1006 3908 1047 3973 ad
1074 3907 1273 3993 quinquertii
1299 3907 1415 3992 longas

128 4013 357 4081 contentiones
385 4014 568 4080 subeundas
595 4013 729 4079 nomina
755 4013 921 4098 professos
950 4036 1028 4080 esse.
1074 4013 1223 4098 Denique
1252 4013 1415 4101 singulare

128 4127 200 4188 erat
228 4121 433 4187 Heraeorum
461 4120 718 4207 Olympicorum,
750 4121 837 4206 quod
865 4121 965 4187 etiam
995 4123 1136 4209 virgines
1164 4120 1270 4187 tribus
1298 4121 1416 4186 aetatis

128 4229 286 4315 gradibus
309 4229 467 4295 discretas
490 4229 525 4294 in
549 4233 713 4294 certamen
736 4227 833 4294 stadii
857 4229 1020 4294 vocabant
1044 4227 1153 4316 (Paua.
1166 4247 1191 4292 v
1211 4229 1261 4313 16,
1280 4226 1325 4316 2).

199 4393 287 4400 --..-,..-
294 4393 345 4399 ..h--

219 4499 245 4564 1)
265 4515 292 4549 v.
311 4494 384 4550 Plat.
400 4495 475 4565 legg.
489 4513 539 4548 rur
556 4515 583 4566 p.
599 4501 658 4550 833.
682 4493 782 4548 Athen.
797 4512 832 4546 xv
850 4512 878 4563 p.
894 4500 945 4548 678
956 4493 990 4563 C,
1009 4493 1138 4564 lapidum
1156 4493 1321 4549 testimonia
1340 4495 1415 4564 apud

128 4566 348 4622 Mommsenium
364 4565 489 4623 Heortol.
506 4573 555 4622 141
565 4585 601 4623 ss.

217 4644 245 4708 2)
266 4637 461 4693 Nihilominus
481 4639 580 4694 Πύθια
604 4635 738 4709 ἀγενείων
761 4635 938 4708 παγκράτιον
961 4654 995 4692 ex
1019 4639 1114 4692 aetate
1136 4638 1339 4708 imperatorum
1360 4637 1415 4691 Ro-

131 4728 277 4766 manorum
296 4711 551 4765 commemorantur
568 4710 598 4763 in
616 4708 711 4779 lapide
730 4707 919 4780 Neapolitano
939 4707 1017 4764 lesi.
1031 4715 1082 4763 74⁷
1102 4711 1132 4765 et
1144 4708 1260 4779 Ἴσθμια
1279 4706 1416 4779 ἀγενείων

132 4782 307 4852 παγκράτιον
326 4779 405 4836 IGSl.
421 4785 479 4834 746.
881 4780 886 4788 ’
