3417 5434
324 354 391 419 298
797 352 944 403 munins
964 352 1128 403 surricis.

378 519 512 583 άπτεται
535 515 565 581 θ’
593 514 698 581 ἐσλῶν
722 514 787 597 ἀεί,

424 627 607 709 χειρόνεσσι
631 620 662 686 θ’
688 621 749 686 ούκ
772 620 878 707 ἐρίζει.

1401 722 1485 789 Ἀντ.
1503 721 1551 806 β’.

378 852 486 916 κεῖνος
509 836 564 903 καλ
592 840 785 921 Τελαμῶνος
808 833 914 913 δάψεν
936 835 1013 899 υἱὸν
1035 832 1197 920 φασγάνῳ
1221 831 1467 917 ἀμφικυλίσαις.
1570 847 1605 892 ιο

379 942 398 1029 ἦ
421 945 485 1012 τιν’
511 948 685 1028 ἄγλωσσον
708 942 783 1029 μέν,
806 936 886 1027 ἦτορ
909 940 940 1006 δ’
968 943 1107 1025 ἀλκιμον
1130 939 1220 1006 λάθα
1241 937 1367 1022 κατέχει

325 1072 359 1120 25
380 1054 416 1119 ἐν
439 1059 550 1141 λυγρῷ
574 1054 687 1118 νείκει·
711 1050 866 1135 μέγιστον
890 1047 921 1113 θ’
947 1050 1049 1135 αλόλῳ
1072 1048 1188 1124 ψεύδει
1211 1044 1309 1132 γέρας
1331 1043 1513 1110 ἀντέταται.

378 1162 550 1246 κρυφίαισι
576 1159 639 1241 γάρ
663 1155 699 1222 ἐν
722 1156 847 1240 ψάφοις
869 1154 981 1220 Ὀδυσ-

423 1276 463 1350 σῆ
487 1262 617 1331 Δαναοὶ
640 1263 866 1349 θεράπευσαν·

379 1371 529 1459 χρυσέων
552 1371 580 1436 θ’
610 1376 695 1449 Aloe
718 1389 830 1456 στερη-

418 1478 496 1556 θεὶς
518 1479 630 1545 ὅπλον
653 1481 746 1565 φόνῳ
770 1476 939 1543 πάλαισεν.

383 1674 401 1761 ἦ
424 1677 491 1761 μάν
515 1674 655 1760 ἀνόμοιά
677 1697 713 1758 γε
737 1672 794 1738 δά·
1418 1667 1484 1734 ’Em
1503 1667 1548 1753 β’.

424 1802 511 1849 οισιν
535 1782 571 1847 έν
594 1788 708 1869 θερμῷ
733 1781 809 1865 χρολ

380 1891 473 1957 ἕλκεα
497 1889 600 1977 ῥῆξαν
622 1890 866 1973 πελεμιζόμενοι
1570 1900 1603 1945 σο

325 2018 359 2064 30
378 1996 434 2064 ὑπ’
461 1994 697 2082 ἀλεξιμβρότῳ
722 1996 838 2081 λόγχᾳ,
862 1995 902 2058 τά
924 1990 985 2077 μὲν
1008 1990 1090 2077 ἀμφ’
1114 1990 1235 2077 Ἀχιλεῑ
1255 1993 1433 2078 νεοκτόνῳ,

379 2108 490 2172 ἀλλων
513 2126 547 2169 τε
570 2107 708 2188 μόχθων
732 2100 767 2166 έν
790 2102 1024 2185 πολυφθόροις

379 2210 522 2297 ἁμέραις.
569 2209 674 2295 ἐχθρά
697 2206 727 2272 θ’
755 2210 819 2292 ἀρα
841 2207 1011 2293 πάρφασις
1033 2202 1075 2290 ἦν
1093 2204 1180 2271 -καλ
1202 2206 1318 2289 πάλαι,

379 2321 530 2403 αἱμύλων
551 2318 673 2402 μύθων
695 2314 831 2400 ὁμόφοι-

425 2450 494 2508 τος,
518 2423 745 2509 δολοφραδής,
769 2424 949 2487 κακοποιὸν
971 2422 1112 2499 ὄνειδος·

380 2536 401 2599 ά
424 2535 460 2598 τὸ
483 2528 543 2617 μὲν
568 2531 717 2616 λαμπρὸν
740 2534 866 2614 βιᾶται,

424 2650 492 2705 τῶν
515 2639 552 2703 θ’
576 2638 734 2723 ἀφάντων
757 2636 859 2713 κῦδος
882 2635 1024 2701 ἀντείνει
1047 2638 1185 2719 σαθρόν.

398 2856 439 2905 23.
465 2846 662 2920 ἀμφικυλίσαις
686 2848 813 2903 Boeckh:
837 2845 1052 2917 ἀμφικυλύσσαις
1074 2846 1141 2902 BD
1158 2879 1194 2887 -
1212 2852 1254 2901 al.
1278 2845 1373 2904 λάθαν
1392 2846 1423 2899 D
1440 2877 1475 2885 —
1493 2843 1602 2915 κατέχει

328 2923 358 2979 έν
377 2927 451 2994 λυγρ.
467 2920 537 2977 coni.
553 2920 708 2975 Hermann:
728 2917 838 2991 κατέχει
853 2940 870 2973 ν
884 2923 959 2989 λυγρ.
975 2920 1012 2987 D,
1028 2916 1138 2990 κατέχει
1156 2938 1185 2972 σε
1204 2922 1278 2989 λυγρ.
1295 2919 1331 2985 Β,
1345 2915 1462 2987 κάτεχεν
1482 2916 1512 2970 ἐν
1527 2921 1602 2986 λσγρ.
1689 2944 1690 2971 1

327 2994 420 3065 Bergk
445 3026 474 3033 -
501 3000 543 3047 25.
568 2990 736 3047 ἀντέτακται
759 2992 788 3045 D
807 3023 840 3031 -
861 2997 902 3045 26.
927 2989 1039 3056 ψάθοις
1060 2992 1090 3046 D
1107 3023 1143 3031 -
1161 2996 1203 3044 27.
1228 2988 1318 3045 ὅπλαν
1340 2989 1370 3043 D
1388 3020 1423 3029 -
1441 2992 1484 3043 29.
1509 2993 1601 3057 πελεμ.
1689 3010 1690 3057 f

328 3066 398 3121 coni.
414 3063 571 3119 Wakefield
586 3062 742 3117 Aristarchi
762 3062 1023 3133 interpretationem
1041 3062 1203 3130 κινούμενοι
1225 3064 1349 3116 secutus:
1372 3064 1468 3127 πολεμ.
1488 3060 1551 3115 BD
1570 3092 1600 3099 -

328 3142 370 3191 30.
390 3138 510 3209 άλεξιβρ.
530 3136 560 3189 D
579 3166 611 3175 -—
631 3140 673 3189 31.
694 3134 724 3190 έν
744 3133 938 3203 πολυφθόροις
957 3134 1027 3189 coni.
1047 3134 1172 3188 Boeckh:
1191 3130 1418 3203 πολυφθόροισιν
1437 3128 1469 3187 ἐν
1487 3132 1552 3186 BD
1570 3163 1602 3171 —

329 3214 370 3263 33.
391 3207 515 3277 αἱμύλων
533 3205 630 3260 Trici:
651 3203 784 3277 αλμυλέων
803 3205 866 3259 BD
885 3238 913 3246 -
937 3203 1077 3276 diriperae
1095 3206 1121 3259 Β
1140 3237 1173 3245 -

328 3386 435 3441 eisdem
455 3384 547 3439 verbis
569 3383 658 3438 utitur
675 3384 815 3455 Aristopb.
832 3384 897 3438 nub.
913 3399 964 3450 ιρις
991 3384 1026 3439 ef.
1045 3392 1136 3455 χρῆμα
1157 3392 1216 3438 πᾶν
1236 3384 1256 3437 I.
1270 3400 1320 3436 vm
1341 3398 1373 3449 ιι,
1393 3391 1473 3436 πᾶσα
1493 3380 1602 3451 ἀνάγκη
1688 3370 1690 3439 f

327 3457 400 3511 Plat.
421 3455 491 3511 Tim.
510 3470 574 3525 sse,
592 3456 678 3525 πολλὴ
698 3454 807 3525 ἀνάγκη
828 3455 905 3509 Dem.
924 3454 955 3508 in
973 3456 1051 3525 Lept.
1071 3472 1097 3510 is
1114 3486 1149 3496 -
1167 3460 1210 3509 tt.
1230 3458 1316 3537 poeta
1334 3470 1366 3509 eo
1386 3469 1415 3508 se
1434 3454 1602 3521 consolatur,
1688 3456 1690 3499 i

328 3528 403 3597 quod
429 3544 444 3581 o
465 3526 565 3581 timum
591 3527 721 3596 quodque
739 3525 862 3580 maxime
879 3526 988 3580 invidia
1006 3527 1112 3609 petitur
1131 3529 1160 3580 et
1178 3524 1407 3580 cavillationibus
1427 3525 1552 3596 carpitur
1570 3556 1601 3566 -

328 3605 363 3653 28
378 3618 413 3653 ss.
450 3598 536 3652 abula
559 3598 712 3667 derbisire,
736 3596 811 3667 qnod
830 3596 931 3652 Achivi
954 3597 1061 3653 iudices
1085 3597 1207 3652 astutiae
1226 3596 1316 3652 Ulixis
1339 3597 1403 3667 plns
1426 3614 1513 3665 quam
1537 3612 1602 3651 suae

327 3669 488 3725 fortitudini
508 3669 685 3737 tribuissent,
708 3672 826 3723 mortem
850 3668 904 3723 sibi
928 3669 1118 3724 consciscente
1140 3669 1199 3723 iam
1217 3668 1354 3739 inparve
1375 3667 1466 3723 Iliade
1488 3672 1602 3723 narrata

329 3737 402 3807 erat';
427 3741 521 3796 nescio
545 3744 641 3795 tamen
664 3758 700 3795 an
724 3738 870 3811 Sophoclis
888 3740 1038 3810 tragoedia
1056 3740 1163 3807 Aiacis,
1182 3757 1268 3809 quam
1287 3740 1361 3795 cirea
1385 3740 1454 3794 haec
1478 3742 1603 3810 tempora

329 3813 447 3867 Athenis
466 3813 496 3866 in
516 3829 627 3867 scenam
646 3812 812 3883 productam
831 3828 891 3865 esse
909 3815 1028 3878 constat
1047 3812 1169 3867 Pindaro
1184 3829 1283 3866 ansam
1297 3811 1431 3865 narrandi
1446 3826 1510 3866 eam
1525 3827 1601 3881 prse-

330 3884 431 3940 buerit.
460 3884 589 3953 Namque
609 3900 665 3938 non
689 3883 779 3938 solum
795 3882 909 3937 Aiacem
928 3883 958 3937 in
976 3883 1103 3953 gladium
1122 3883 1339 3950 incumbentem,
1358 3883 1408 3937 sed
1428 3883 1515 3937 etiam
1532 3882 1602 3936 indi·
1689 3908 1690 3915 ι

329 3973 393 4011 cum
407 3954 542 4027 suffragia
556 3972 605 4026 per
618 3955 747 4010 fraudem
762 3958 892 4025 corrupta
905 3953 1043 4009 Pindarus
1059 3954 1189 4010 similiter
1203 3957 1288 4024 atque
1302 3952 1456 4024 Sophocles
1465 3954 1509 4009 Δί.
1520 3970 1559 4010 ιιι
1568 3971 1602 4007 ss.
1689 3982 1690 4021 ρ

329 4032 358 4082 et
376 4044 429 4084 εισι
445 4046 479 4081 ss.
504 4027 634 4097 exposuit
652 4059 685 4067 —
706 4032 740 4081 24
754 4044 774 4079 s.
799 4025 890 4080 locum
911 4042 1084 4081 communem
1104 4043 1165 4081 esse
1184 4025 1378 4081 demonstrent
1399 4025 1507 4080 formae
1525 4042 1600 4096 prae-
1689 4030 1690 4081 l

330 4099 416 4154 sentis
441 4098 573 4168 temporis
597 4101 626 4153 et
644 4114 795 4169 pronomen
814 4098 990 4151 indefinitum
1013 4119 1077 4153 τινα
1097 4099 1272 4165 ‘munchen’3
1298 4098 1369 4152 baec
1392 4100 1488 4152 antem
1511 4097 1601 4151 omnis
1689 4104 1690 4159 ἕ

328 4188 384 4224 non
408 4170 499 4224 minus
523 4170 553 4224 in
575 4169 729 4239 praeterita
752 4184 836 4238 quam
860 4168 890 4222 in
912 4170 1073 4240 praesentia
1098 4172 1225 4294 tempora
1248 4168 1348 4223 cadere
1370 4185 1457 4294 supra
1475 4168 1505 4223 in
1523 4186 1600 4240 argn-
1688 4166 1690 4237 j

329 4244 423 4296 mento
448 4241 579 4296 carminis
603 4240 780 4311 exposuimus
804 4274 837 4281 -
862 4246 903 4295 26,
929 4244 1072 4311 κρυφίαισι
1095 4286 1126 4296 ..
1159 4261 1177 4295 ν
1202 4240 1323 4311 ψάφοις·
1352 4239 1513 4295 decamata
1535 4241 1600 4294 baec

330 4330 390 4368 esse
410 4312 535 4383 suspicor
552 4316 650 4367 contra
669 4312 804 4383 suffragia
822 4328 872 4382 per
889 4312 1011 4367 tabellas
1034 4312 1162 4379 serenda,
1186 4313 1261 4381 quod
1283 4310 1447 4366 institutum
1470 4311 1601 4383 populere

329 4385 416 4439 etiam
439 4385 544 4439 Romae
568 4386 605 4439 ab
628 4384 814 4455 optimatibus
837 4383 1034 4454 impugnatum
1059 4400 1120 4439 esse
1138 4384 1268 4438 novimus
1286 4416 1322 4423 -
1340 4389 1382 4437 27.
1401 4382 1550 4438 πάλαισεν·
1567 4384 1600 4435 cf.

329 4457 393 4511 Hes.
414 4474 476 4527 opp.
496 4474 536 4511 ιιο
556 4456 627 4526 ἀνὴρ
647 4456 741 4511 ἀταισι
759 4452 874 4509 παλαίει
892 4488 926 4495 -
945 4460 987 4511 30.
1008 4454 1057 4509 ὑπ’
1074 4453 1261 4529 ἀλεξιμβρότῳ
1277 4452 1372 4546 λόγχᾳ,
1386 4472 1444 4524 qua
1457 4455 1541 4509 hasta
1554 4470 1601 4509 suu

330 4543 446 4597 corpora
463 4528 628 4595 tuebantur,
648 4526 822 4583 adversarios
842 4526 1052 4599 propulsantem
1070 4531 1167 4581 tamen
1185 4526 1258 4581 scuti
1276 4529 1392 4595 (σκυτει)
1409 4526 1504 4596 magis
1521 4542 1601 4595 quam
1689 4554 1690 4567 ι

329 4600 428 4652 hastae
448 4596 552 4672 (λόγχᾳ)
571 4598 740 4654 mentionem
764 4599 824 4653 fieri
843 4602 996 4669 exspectes.
1033 4600 1073 4654 De
1091 4598 1121 4653 vi
1139 4597 1356 4668 praepositionis
1376 4596 1472 4651 confer
1490 4597 1519 4652 P.
1534 4616 1552 4649 τ
1564 4613 1601 4651 ruo
1688 4590 1690 4625 ³

331 4666 487 4737 ᾆανθελσαν
510 4671 566 4725 est
589 4673 736 4741 χεύμασιν,
760 4671 793 4726 N.
814 4690 823 4723 1
842 4688 868 4725 ee
885 4672 1067 4741 πεφύρσεθαι
1089 4669 1145 4725 ὑπὸ
1168 4666 1277 4737 ῥιπαῖσι
1300 4699 1333 4709 -
1353 4675 1396 4724 30.
1420 4668 1494 4739 ἀμφ’
1512 4668 1537 4723 Ἀ
1554 4672 1602 4722 au

330 4738 476 4813 νεοκτόνῳ,
498 4758 571 4809 quae
589 4742 716 4811 proxima
735 4758 820 4796 causa
838 4741 961 4795 rixarum
975 4742 1050 4796 inter
1062 4742 1176 4796 Aiacem
1194 4744 1224 4794 et
1237 4740 1347 4795 Ulixem
1365 4740 1421 4793 fuit
1435 4772 1469 4781 —
1484 4746 1525 4795 33.
1537 4690 1601 4809 ips

331 4829 429 4880 φοιτος
447 4828 469 4866 e.
484 4828 547 4883 gen.
562 4812 694 4884 iunctum,
714 4816 746 4868 ut
764 4810 860 4883 ὕμνων
878 4813 1034 4883 σύντροφος
1052 4814 1149 4884 ἀηδών
1167 4829 1211 4883 ap.
1227 4811 1311 4866 Arist.
1326 4828 1370 4866 av.
1385 4827 1433 4867 eeu.
