3417 5434
462 329 496 380 Il.
525 328 574 378 DE
595 329 687 380 ARTE
705 329 866 380 murales
884 328 1042 380 PlNDARl.
1313 323 1390 378 XXV

102 491 204 574 pedes
230 489 412 573 solvantur,
436 489 471 554 in
494 489 566 554 cola
588 489 759 555 dirimendi
781 495 871 574 sunt,
893 490 978 554 undu
996 489 1214 574 rhythmicam
1234 488 1392 573 cumposi-

103 597 232 662 tioncm
265 597 335 662 sine
369 597 515 662 versibus
547 601 581 661 et
612 597 749 682 pedibus
781 597 852 661 fieri
880 619 976 681 posse
1002 618 1116 682 neges,
1148 596 1228 661 colis
1256 596 1391 661 eandem

105 725 216 769 carere
240 725 338 788 posse
362 705 529 770 concedas.
566 701 725 768 Nonnulli
749 703 879 787 quidem
901 708 1030 788 poetae,
1051 703 1215 788 inprimis,
1238 702 1294 787 qui
1318 726 1391 768 ana-

104 811 254 897 paestica
285 811 453 876 trochaica
482 810 591 876 ionica
613 810 757 876 carmina
784 815 1050 896 composuerunt,
1081 816 1186 876 metra
1216 832 1283 876 non
1310 809 1392 875 fece·

106 923 199 1004 runt,
222 918 288 983 nisi
311 940 394 1004 quae
419 941 456 982 ex
480 919 606 983 duobus
629 918 817 1003 pluribusve
841 918 921 983 colis
945 922 1141 983 constarent.
1189 915 1252 982 Sed
1274 917 1391 981 horum

108 1049 146 1090 ex
181 1047 318 1090 numero
347 1024 505 1090 Pindarus
533 1047 600 1090 nun
626 1025 703 1110 fuit,
734 1047 839 1110 neque
871 1026 895 1090 ii
927 1025 1060 1090 fuerunt
1090 1031 1221 1112 poetae,
1253 1047 1391 1110 quorum

107 1137 213 1198 artem
236 1131 388 1217 inprimis
412 1137 541 1198 secutus
565 1137 628 1218 cst,
651 1155 755 1218 neque
779 1131 986 1198 Stesichorus
1008 1156 1113 1218 neque
1138 1133 1284 1198 Alcaeus.

198 1239 252 1304 De
280 1240 446 1324 pe'dibus
475 1239 732 1324 simplicibus.
777 1240 880 1306 Pedes
909 1240 1072 1325 simplices
1099 1237 1296 1324 principales
1315 1243 1392 1302 sunt

108 1348 187 1431 duo,
212 1351 353 1431 quatuor
376 1353 433 1412 aut
456 1347 556 1412 trium
580 1351 764 1432 temporum
787 1346 934 1434 (χρόνων
956 1344 1125 1434 sputum:

604 1515 621 1523 -
639 1495 675 1522 ω
697 1454 859 1540 dactylus,

605 1621 620 1629 -
640 1603 658 1628 o
698 1561 881 1626 trochaeus.

109 1669 196 1736 Nam
224 1669 384 1736 iambicos
411 1674 444 1734 ct
469 1668 694 1752 anapaesticus
719 1668 847 1734 ordines
870 1668 953 1732 nihil
977 1669 1064 1734 aliud
1088 1692 1157 1735 esse
1181 1674 1273 1754 patet
1295 1691 1392 1754 quam

108 1777 295 1844 trochaicus
328 1781 385 1842 aut
417 1776 608 1861 dactylicos,
641 1775 759 1860 quibus
797 1776 963 1841 anacrusis
999 1777 1226 1862 monosyllaba
1260 1781 1318 1842 aut
1348 1776 1394 1840 di-

108 1884 237 1970 syllaba
267 1884 447 1968 praemissa
480 1883 531 1950 sit.
577 1883 721 1948 Paeones
750 1887 861 1948 autem
887 1889 921 1948 et
948 1884 1099 1968 epitritos
1126 1889 1159 1948 et
1187 1883 1393 1950 choriambus

107 1993 195 2056 inter
219 1991 317 2076 pedes
342 1989 542 2074 compositos
565 1990 675 2076 potius
700 2012 796 2074 quam
825 1990 990 2075 simplices
1016 2013 1078 2056 nos
1108 1990 1293 2056 referendos
1324 2012 1393 2056 esse

109 2099 268 2164 ducimus.
310 2096 381 2174 Qua
403 2095 437 2160 in
460 2119 494 2162 re
516 2096 698 2162 dissensum
716 2101 865 2163 veterum
882 2097 1156 2184 rhythmicorum,
1179 2098 1236 2183 qui
1253 2119 1394 2182 paeones

107 2213 142 2271 et
174 2205 296 2291 partim
328 2204 428 2268 etiam
460 2204 610 2290 epitritus
642 2204 728 2270 intur
760 2203 926 2290 simplices
955 2206 1053 2289 pedes
1086 2204 1297 2290 rettulerunt,
1327 2226 1395 2268 non

109 2313 252 2378 multum
269 2311 419 2397 equidem
437 2333 560 2398 moror,
578 2311 770 2397 praesertim
789 2334 863 2377 cum
883 2317 916 2377 et
933 2313 1087 2398 prosodia
1106 2311 1264 2378 sermonis
1279 2309 1394 2376 Graeci

110 2425 297 2504 accentum,
320 2439 384 2504 quo
408 2440 464 2502 pes
488 2418 626 2484 creticus
650 2415 682 2506 (a
700 2460 718 2486 o
736 2415 768 2506 .)
796 2423 853 2484 aut
875 2441 981 2503 paeon
1002 2419 1128 2505 primus
1152 2416 1183 2503 (a
1200 2460 1220 2486 υ
1236 2459 1255 2485 u
1272 2415 1304 2504 u)
1329 2416 1396 2481 effi-

110 2529 219 2594 ciatur
239 2527 370 2610 reiciat,
393 2529 426 2588 et
448 2524 599 2611 princeps
622 2531 770 2590 veterum
793 2527 992 2591 musicorum
1014 2527 1230 2591 Aristoxenus
1253 2524 1395 2608 primum

111 2635 176 2698 duo
206 2631 400 2718 principalia
426 2653 545 2718 genera
567 2633 685 2718 pedum
709 2655 809 2718 eaque
834 2635 945 2698 eadem
969 2639 1068 2719 atquc
1090 2655 1151 2698 nus
1175 2632 1328 2698 statuerit
1352 2630 1394 2718 (.

111 2739 257 2804 Ariston.
286 2737 377 2803 elem.
406 2739 548 2823 rhythm.
576 2764 606 2826 p.
626 2741 691 2806 288
714 2741 760 2806 cd.
781 2738 878 2828 Mor.)
906 2745 940 2805 et
965 2745 1081 2825 postea
1108 2740 1238 2805 demum
1260 2739 1393 2804 tertium

110 2869 215 2933 genus
234 2867 397 2929 paeonum
417 2846 571 2911 adiecerit
589 2845 624 2935 (l.
637 2847 657 2912 l.
672 2871 702 2932 p.
718 2849 782 2913 298
803 2853 836 2912 at
855 2845 945 2934 300).
986 2847 1127 2913 Pedibus
1146 2869 1222 2912 vero
1242 2845 1395 2931 simplici·

109 2955 172 3020 bus
186 2953 364 3019 adnumero
380 2953 478 3020 etiam
495 2955 643 3039 dactylos
658 2955 798 3039 cyclicus
812 2954 1087 3041 autlugaoediuos
1097 2954 1198 3019 trium
1209 2958 1394 3038 temporum

111 3170 166 3253 qui
196 3191 396 3254 quamquam
422 3169 509 3234 infra
536 3169 665 3234 demum
692 3170 824 3255 plenum
851 3169 1049 3255 explicatum
1076 3168 1256 3253 invenient,
1285 3173 1396 3233 tamen

110 3277 162 3342 bic
188 3275 271 3342 mihi
293 3275 360 3340 iam
384 3277 657 3342 commemorandi
680 3276 819 3342 fuorunt.

200 3382 256 3448 De
284 3383 446 3468 pedibus
475 3384 714 3469 compositis.
761 3384 863 3450 Pedes
891 3385 1089 3470 compositos
1118 3407 1217 3470 supra
1239 3406 1295 3449 eus
1319 3382 1395 3467 dixi,

111 3491 167 3575 qui
200 3513 241 3555 ex
270 3490 395 3554 duobus
422 3489 558 3576 pedibus
587 3491 789 3576 simplicibus
818 3496 982 3578 constent3
1012 3492 1111 3577 longe
1138 3490 1396 3575 frequentissimi

110 3621 225 3663 eorum
254 3619 311 3662 sex
339 3619 503 3662 morarum
531 3594 677 3684 (χρόνων
703 3597 859 3687 πρώτων)
889 3603 980 3684 sunt,
1007 3621 1088 3682 quos
1116 3621 1136 3662 a
1157 3620 1292 3663 numeru
1316 3602 1396 3662 tem-

110 3729 230 3791 porum
257 3705 363 3780 πόδας
391 3703 572 3789 ἑξασήμους
600 3710 724 3770 veteres
752 3705 928 3790 rhythmici
958 3705 1210 3791 appellaverunt.
1257 3703 1395 3770 Formae

111 3835 225 3878 curum
254 3815 312 3876 aut
337 3811 451 3895 plenae
475 3809 722 3900 (ἀκατάληκτοι)
746 3818 803 3877 aut
826 3814 962 3878 mutilae
986 3809 1213 3901 (κατάληκτοι)
1241 3816 1299 3877 aut
1322 3833 1397 3876 con-

112 3923 237 3986 tractae
271 3915 463 4006 (περίπλεω)
497 3924 588 4002 sunt,
622 3920 706 3985 unde
738 3920 799 3985 hae
832 3919 973 3985 evadunt
1004 3920 1127 4006 species
1160 3919 1279 4005 pedum
1312 3940 1397 3984 com-

111 4027 311 4112 positorum:

225 4132 406 4217 dactylicae
466 4173 618 4201 ιω--
699 4175 779 4201 ΗΜ
806 4194 824 4204 .
851 4176 889 4203 w
985 4173 1066 4201 aa)
1093 4191 1109 4200 .
1189 4151 1280 4199 carn
1411 4169 1416 4178 ·

224 4241 410 4306 trochaicae
467 4285 485 4306 ὲ
520 4281 538 4307 u
565 4269 619 4307 ,υ
984 4285 1002 4307 a
1036 4280 1056 4307 u
1091 4300 1108 4308 -
1189 4258 1277 4307 mr,

224 4345 433 4434 logaoedicaa
456 4387 492 4414 ao
517 4387 536 4414 υ
563 4375 617 4414 ,u
696 4391 714 4414 a
750 4375 769 4413 u
796 4386 868 4414 ,υυ
974 4389 1009 4414 ψ
1036 4388 1055 4414 u
1090 4407 1107 4415 -
1187 4367 1276 4415 aza.

224 4453 400 4539 paeonicae
466 4499 484 4520 a
520 4494 539 4520 o
556 4485 592 4518 m
983 4501 1000 4522 a
1036 4485 1054 4522 o
1187 4472 1222 4521 ιζ
1242 4515 1277 4522 -

112 4562 172 4628 His
192 4561 358 4627 addendae
377 4565 454 4624 sunt
472 4560 595 4624 formae
615 4560 764 4624 anacrusi
785 4565 912 4645 auctae,
932 4560 1157 4645 anapaesticus
1177 4565 1210 4625 et
1227 4561 1396 4647 iambicaa,

111 4675 144 4734 et
161 4669 298 4753 insuper
311 4667 408 4751 pedes
423 4666 561 4752 epitriti,
580 4667 636 4752 qui
652 4667 799 4752 quamvis
815 4690 834 4731 a
848 4667 988 4753 dipodiis
1002 4667 1177 4732 trochaicis
1192 4667 1395 4752 aliquantum

112 4776 279 4860 differant,
301 4778 411 4838 tamen
432 4797 471 4838 ex
493 4773 534 4838 iis
558 4773 606 4838 ita
629 4773 698 4837 nati
719 4794 789 4838 esse
810 4773 973 4860 videntur,
994 4779 1032 4838 ut
1051 4796 1091 4840 ex
1113 4774 1238 4839 duabus
1256 4773 1396 4862 syllaba·
