3417 5434
638 349 804 402 amar.

137 513 226 576 ἔνθα
247 533 305 594 μοι
328 509 490 596 ἁρμόδιον

136 618 276 683 δεῖπνον
297 619 510 702 κεκόσμηται,
531 618 626 702 θαμά
648 615 680 681 δ’
708 615 906 683 ἀλλοδαπῶν

134 725 198 790 οὐκ
222 723 392 808 ἀπείρατοι
414 724 513 809 δόμοι

135 830 219 896 ἐντί·
244 830 378 916 λέλογχε
401 827 437 896 δὲ
460 829 684 916 μεμφομένοις
706 829 823 907 έσλαύς
845 830 939 914 ὕδωρ
961 839 1076 920 καπνῷ
1100 829 1216 916 φέρειν
1329 847 1363 896 35

82 954 114 1002 ιο
134 938 262 1004 ἀντίον.
304 936 416 1022 τέχναι
439 936 469 1002 δ’
497 935 618 1023 ἑτέρων
641 936 766 1025 ἕτεραι·

178 1046 243 1131 χρὴ
267 1042 298 1109 δ’
320 1044 358 1110 έν
380 1046 528 1122 εὐθείαις
551 1045 643 1122 ὁδοῖς
666 1049 836 1129 στείχοντα
859 1045 1052 1132 μάρνασθαι
1075 1053 1156 1131 φυᾷ.

38 1317 42 1324 -
130 1277 275 1363 πράσσει
297 1278 361 1364 γὰρ
384 1280 470 1364 έργφ
494 1275 555 1362 μὲν
577 1274 714 1362 σθένος,
1158 1274 1241 1343 Ἀντ.
1265 1275 1308 1360 β’.

133 1387 292 1468 βουλαῖσι
315 1381 352 1448 δὲ
375 1385 467 1469 φρὴν
490 1383 669 1470 ἐσσόμενον
691 1386 854 1471 προϊδεῖν,
1324 1399 1360 1447 ιο

133 1488 295 1575 συγγενὲς
318 1482 369 1568 οἷς
390 1490 510 1557 ἕπεται.

126 1596 354 1683 Ἁγησιδάμου
376 1610 451 1682 παῖ,
474 1597 530 1664 σέο
554 1597 586 1662 δ’
612 1597 698 1684 ἀμφὶ
720 1601 831 1687 τρόπῳ

79 1721 112 1769 30
131 1717 203 1770 τῶν
226 1703 338 1770 τεκαὶ
361 1716 429 1769 τῶν
451 1708 592 1792 χρήσιες.

134 1813 198 1878 οὐκ
221 1815 341 1897 ἔραμαι
362 1814 472 1877 πολὺν
495 1811 532 1877 έν
554 1813 685 1901 μεγάρῳ
708 1818 854 1878 πλοῦτον
877 1813 1103 1898 κατακρύψαις
1126 1813 1227 1895 ἔχειν,
1325 1827 1359 1875 46

151 2029 195 2077 24.
216 2021 312 2086 δαλοὺς
326 2022 423 2078 'lhiolz
443 2023 519 2087 ἐσλὸς
533 2024 595 2078 BD
614 2024 690 2092 qnod
710 2040 743 2078 ex
762 2023 881 2091 antiqua
900 2025 1039 2093 scriptura
1059 2024 1191 2077 ΕΣΛΟΣ
1207 2039 1259 2093 pro
1280 2021 1361 2085 ἐσλός

82 2121 112 2138 =
132 2094 243 2163 ἐσλούς,
268 2095 436 2149 remansisse
461 2094 531 2149 scite
556 2095 666 2150 monuit
690 2094 721 2148 in
746 2094 861 2150 scholiis
880 2095 1059 2150 Aristarchus
1083 2127 1116 2135 —
1140 2099 1183 2150 at.
1209 2093 1238 2147 δ’
1260 2093 1302 2148 tv:
1329 2091 1361 2148 δέ

81 2163 218 2291 ρὲῃρθλοι-ι-
231 2163 406 2220 conieceram
432 2198 469 2206 -
496 2172 539 2221 31.
563 2167 666 2236 locam
692 2167 772 2222 codd.
797 2166 949 2222 stechel:
979 2165 1077 2237 ἔραται
1105 2165 1176 2221 coni.
1200 2165 1362 2236 Mingerelli

84 2379 117 2433 de
134 2397 164 2436 re
178 2379 325 2450 praesenti
337 2384 489 2450 usurpatus
504 2384 560 2448 est;
579 2382 615 2435 de
629 2381 752 2436 carmine
766 2385 833 2436 ante
847 2381 922 2436 fores
936 2381 1048 2435 aedium
1063 2383 1178 2435 cantato
1192 2381 1227 2434 ci.
1242 2380 1262 2435 Ι,
1278 2399 1327 2433 vm
1340 2396 1361 2434 a.

84 2450 199 2506 Poetam
220 2451 314 2522 ipsum
326 2452 401 2506 inter
415 2452 561 2508 chorentas
578 2452 662 2508 inisse
676 2469 710 2506 ex
724 2453 816 2534 prime
828 2470 949 2522 persona
962 2453 1042 2508 verbi
1056 2455 1223 2522 apparet-
1237 2449 1362 2514 αὐλείαις

83 2523 196 2590 θύραις·
224 2524 323 2578 domus
342 2523 415 2578 fores
453 2524 524 2578 rinei
563 2523 604 2578 les
632 2527 780 2594 oppositae
803 2528 870 2578 sunt
893 2521 1026 2594 ἑρκείαις,
1049 2523 1156 2577 foribus
1180 2522 1300 2590 stabuli3
1325 2523 1359 2578 cf.

82 2593 225 2684 Aristoph.
245 2612 320 2664 vesp.
340 2611 399 2650 isse.
428 2542 492 2650 lius.
539 2595 573 2650 el.
593 2612 640 2650 sas.
666 2595 748 2665 Soph.
770 2600 832 2650 Ant.
849 2612 883 2650 ra.
902 2613 936 2651 cs.
961 2627 994 2636 -
1018 2601 1059 2650 21.
1080 2593 1217 2664 ἁρμόδιον
1236 2597 1361 2662 δεῖπνον,

83 2667 113 2717 nt
135 2667 229 2732 ξεινια
251 2665 408 2737 ἁρμόζοντα
431 2667 579 2736 P.1v1sc‚
608 2670 673 2721 sunt
696 2666 797 2736 epulae
820 2667 929 2738 largae,
953 2665 1085 2722 felicitati
1109 2665 1243 2736 temporis
1268 2669 1361 2736 aptae.

84 2734 250 2792 Cantoribus
274 2737 361 2806 enim,
387 2741 537 2808 postquam
560 2738 712 2807 epinicium
735 2742 800 2793 ente
827 2739 902 2793 fores
928 2739 1099 2806 cecinerant,
1128 2737 1208 2791 lauta
1231 2736 1361 2792 convivia

83 2809 213 2876 apparari
234 2810 375 2876 solebent3
395 2809 429 2864 ef.
444 2809 479 2865 N.
495 2830 523 2862 rx
536 2827 562 2865 so
581 2842 614 2850 -
634 2816 676 2864 23.
692 2807 782 2881 δόμοι,
801 2809 885 2864 aedes
901 2826 934 2864 ex
953 2810 1080 2879 pluribus
1100 2807 1281 2864 conclavibus
1297 2825 1361 2863 eon-

84 2883 187 2934 stantes
212 2912 247 2920 -
271 2888 313 2934 24.
332 2881 362 2933 in
384 2879 493 2934 difficili
512 2882 565 2934 hoc
583 2899 664 2936 versu
684 2880 850 2951 explicando
870 2885 978 2936 veteres
1002 2885 1030 2936 et
1048 2884 1174 2935 recentes
1193 2880 1360 2950 interpretes

83 2948 111 3002 in
129 2951 257 3006 diverses
275 2952 337 3006 vias
355 2952 494 3007 abierunt.
526 2954 619 3021 Atque
638 2969 710 3022 qnae
729 2952 843 3023 probari
862 2956 1005 3022 nequeunt
1023 2956 1055 3006 ut
1067 2951 1189 3035 primum
1203 2952 1361 3020 reiciamus‚

83 3022 260 3078 accusativus
284 3023 378 3086 ἐσλοὺς
400 3041 456 3077 non
479 3023 600 3079 subiecti
624 3025 713 3078 vicem
737 3025 859 3092 obtinet,
887 3041 960 3094 qnae
982 3023 1085 3092 Heymi
1108 3023 1164 3077 fuit
1187 3023 1281 3092 opinio
1306 3022 1360 3077 hoc

83 3093 164 3148 modo
187 3095 277 3151 verbe
299 3095 486 3150 construentis
509 3093 619 3166 λέλογχε
641 3097 706 3159 τοὺς
732 3095 827 3158 ἐσλοὺς
849 3095 948 3166 φέρειν
966 3096 1064 3150 ἀντίον
1088 3104 1146 3158 τοῖς
1171 3093 1360 3166 μεμφομένοις

83 3161 156 3232 ὕδωρ
174 3171 283 3236 καπνῶ,
302 3166 353 3221 sed
367 3165 471 3221 obiecti
485 3167 564 3222 verbi
578 3168 704 3236 proxime
718 3167 911 3222 antecedentis
926 3165 1121 3238 μεμφομένοις.
1151 3166 1258 3220 Deinde
1272 3167 1359 3221 verba

83 3233 225 3291 Plutarchi
243 3221 277 3293 fr.
292 3253 318 3293 as
339 3239 399 3292 ‘ade
413 3237 527 3308 φθόνον
546 3238 616 3293 ἔνιοι
633 3243 671 3312 τῷ
686 3244 784 3311 καπνῷ
803 3237 956 3304 εἰκάζουσι·
976 3240 1062 3302 πολὺς
1079 3237 1133 3308 γὰρ
1153 3237 1183 3292 ἐν
1201 3247 1259 3301 τοῖς
1277 3240 1360 3308 ἀρχο-

84 3305 173 3373 μένοις
187 3309 235 3377 ὤν,
251 3307 319 3363 όταν
335 3309 519 3377 ἐκλάμψωσιν,
530 3309 709 3378 ἀφανίζεται·
725 3309 823 3379 ἥκιστα
837 3319 908 3380 γοῦν
922 3319 979 3373 τοῖς
992 3309 1189 3382 πρεσβυτέροις
1203 3311 1357 3378 φθονοῦσί

84 3380 225 3435 estnihil
249 3380 286 3434 ad
311 3380 528 3450 explicationem
550 3381 633 3436 huius
655 3380 711 3437 loci
733 3381 877 3451 pertinent
900 3385 950 3436 aut
974 3382 1027 3435 hoc
1052 3398 1139 3435 unum
1161 3381 1298 3449 efficiunt,
1328 3384 1360 3434 ut

84 3447 218 3507 invidiam
232 3469 297 3510 cnm
309 3452 387 3507 fumo
401 3469 420 3506 a
433 3452 548 3508 Graecis
563 3457 757 3523 comparatam
770 3468 830 3507 esse
845 3452 1053 3524 intellegamus.
1076 3452 1136 3506 lam
1150 3451 1226 3521 quod
1236 3451 1357 3506 Arister-

85 3519 148 3574 chus
167 3522 369 3592 interpretatus
387 3527 442 3592 est,
468 3524 714 3593 reprehensoribus
732 3524 869 3578 bonorum
888 3525 1062 3594 contingere,
1087 3526 1118 3578 ut
1136 3523 1243 3578 famam
1262 3541 1358 3578 eorum

85 3591 229 3648 calumniis
243 3595 322 3649 velut
334 3595 442 3649 fumum
456 3613 531 3665 aqua
544 3595 727 3666 exstinguant
739 3593 919 3667 (Ἀρίσταρχος
933 3593 1017 3651 οὕτω·
1032 3604 1090 3658 τοίς
1104 3593 1135 3648 δὲ
1151 3596 1215 3657 τοὺς
1229 3597 1359 3664 ἀγαθοὺς

84 3664 268 3735 μεμφομένοις
285 3675 367 3721 τοῦτο
386 3667 494 3737 λέλογχε
514 3669 562 3722 καλ
580 3665 766 3736 ὑποκείμενόν
784 3667 867 3734 ἐστιν,
887 3665 948 3722 οἷον
966 3669 1127 3734 ἀκολουθεῖ,
1147 3665 1238 3736 ὥσπερ
1257 3672 1356 3738 καπνῷ

84 3729 155 3802 ὕδωρ
172 3737 271 3807 φέρειν
290 3735 388 3792 ἀντίον
402 3739 450 3792 καλ
464 3739 687 3813 κατασβεννύναι
702 3737 799 3809 schol.)
813 3739 885 3793 nihil
900 3739 938 3792 ad
952 3738 1026 3792 hunc
1039 3738 1133 3792 locum
1147 3738 1259 3800 attinet.
1274 3755 1355 3808 prae-

85 3806 176 3862 sertim
200 3827 265 3864 cum
287 3813 372 3879 poete
394 3826 452 3864 non
473 3828 504 3864 se
526 3814 673 3880 tamqnam
693 3827 814 3879 aequum
834 3810 957 3864 iudicem
978 3809 1229 3864 calumniatoribus
1252 3809 1356 3863 invidis

86 3881 251 3946 opposuerit.
276 3881 379 3936 Verum
391 3881 480 3952 igitur
493 3881 597 3937 vidisse
615 3882 727 3936 videtur
740 3881 906 3936 leutschius
922 3881 1075 3950 (Additum.
1091 3882 1127 3935 ad
1142 3879 1264 3934 Dissenii
1284 3897 1357 3934 com-

86 3953 165 4004 ment.
182 3957 251 4006 1866
269 3971 296 4022 p.
311 3956 342 4021 ι),
361 3953 411 4022 qui
429 3953 633 4023 vituperatores
648 3952 793 4008 hominnm
806 3954 957 4023 proborum
972 3969 1155 4006 remeassem
1170 3968 1253 4021 agere
1269 3968 1359 4020 neque

87 4020 236 4090 quidquam
259 4023 368 4077 efficere
396 4024 452 4078 dici
475 4025 608 4094 opinatus
631 4028 681 4080 est.
724 4025 780 4079 Sed
802 4025 877 4078 unde
902 4024 973 4077 haec
999 4023 1141 4078 sententia
1164 4023 1257 4076 verbis
1283 4021 1359 4091 ὕδωρ

87 4098 179 4166 καπνῷ
205 4093 304 4165 φέρειν
329 4094 465 4150 accessit?
493 4100 569 4151 certe
594 4114 651 4152 non
675 4097 749 4165 quod
776 4112 845 4151 voce
869 4105 1042 4150 saavedrae
1061 4095 1127 4148 vilis
1147 4094 1360 4165 significabatur

88 4159 236 4236 (Leutseh),
264 4167 314 4220 sed
339 4167 415 4236 qnod
437 4168 529 4222 fumus
559 4185 635 4238 equa
664 4167 811 4238 superfusa
842 4167 934 4236 magis
965 4168 1084 4238 augetur
1114 4183 1199 4235 quem
1224 4165 1360 4219 minuitur

89 4231 223 4318 (Μοῖραι),
243 4240 329 4306 atque
348 4238 409 4309 igni
427 4241 457 4292 et
475 4239 612 4308 aedificio,
632 4241 699 4294 dum
717 4240 806 4308 ardet,
826 4256 930 4307 aquam
949 4238 1059 4292 infundi
1075 4240 1193 4306 oportet,
1212 4253 1268 4290 non
1283 4237 1359 4292 furno

88 4304 114 4356 θλ
130 4309 216 4364 rumis
236 4309 357 4363 aedificii
375 4309 483 4363 fumum
501 4311 699 4366 exhalantibus
714 4343 746 4351 -
763 4316 804 4366 26.
818 4308 916 4381 τέχναι
933 4307 962 4364 δ’
980 4309 1079 4378 ἑτέρων
1099 4307 1202 4377 ἕτεραι·
1224 4309 1258 4362 cf.
1274 4309 1359 4379 Soph.

89 4371 154 4432 Phil.
169 4397 206 4436 1³⁸1
225 4379 256 4435 τέ
273 4402 309 4435 να
327 4380 381 4451 γὰρ
399 4381 499 4452 τέχνας
516 4383 633 4453 προῦχει
656 4415 689 4424 -
713 4389 756 4437 26.
779 4380 899 4450 πράσσει
917 4381 982 4450 γάρ·
1007 4380 1141 4436 conducit
1158 4380 1198 4434 rei
1218 4380 1358 4450 gerendae

89 4447 174 4518 robur,
191 4452 233 4506 rei
251 4401 451 4507 ‹ieliberandae
471 4457 503 4508 ut
520 4454 616 4508 future
629 4453 795 4526 praevideas
811 4453 972 4520 consilinm3
992 4452 1162 4522 particulam
1176 4451 1229 4522 γὰρ
1245 4452 1281 4506 ad
1296 4457 1356 4525 φυᾷ

89 4517 179 4575 referri
197 4527 320 4594 oportet,
345 4524 420 4592 quod
438 4529 540 4579 natura
566 4525 616 4579 elii
635 4526 762 4581 homines
781 4526 881 4579 adres
901 4528 1012 4579 strenue
1032 4525 1170 4594 agendas,
1190 4521 1241 4577 alii
1260 4524 1296 4578 ad
1315 4541 1359 4576 res

91 4589 225 4650 subtiliter
243 4595 444 4649 examinandas
464 4597 525 4650 neti
545 4601 610 4651 sunt
628 4631 661 4638 —
681 4603 715 4651 26
730 4617 751 4652 s.
771 4600 865 4650 utrum
890 4599 955 4650 ante
975 4593 1124 4666 ἐσσόμενον
1143 4612 1180 4650 an
1198 4598 1264 4664 post
1280 4605 1359 4664 προϊ-

91 4659 146 4715 δεῖν
158 4663 411 4749 interpungendum
425 4667 463 4720 sit
478 4668 634 4737 quaeritur;
650 4669 780 4738 equidem
794 4668 870 4736 qnod
885 4667 1039 4738 simplicius
1055 4670 1098 4722 est
1111 4665 1246 4737 praetuli;
1262 4665 1359 4719 adum-

91 4728 149 4869 ffiat
162 4741 256 4792 autem
270 4738 408 4792 Pindarus
422 4739 601 4794 Homericum
616 4741 646 4796 ἐν
659 4741 713 4811 γὰρ
728 4741 805 4811 χερσὶ
818 4737 896 4803 τέλος
909 4737 1039 4810 πολέμου,
1059 4738 1147 4794 ἐπέων
1166 4736 1193 4792 δ’
1212 4738 1253 4792 ἐνὶ
1272 4740 1357 4811 βουλῇ

122 4825 192 4861 .nrr
209 4814 267 4880 veo).
332 4856 337 4875 .
