3417 5434
324 321 448 376 LXXXII
829 321 1106 375 Psousaonsul.

325 487 385 550 bus
410 507 492 550 unus
518 485 691 570 ephedrus,
718 483 773 569 qui
801 483 1020 549 adversarium
1043 505 1110 548 non
1132 484 1282 568 duxerat,
1309 486 1487 567 supererat.
1534 483 1609 548 Iam

325 592 420 676 plane
448 615 586 676 acquum
615 595 698 676 erat,
727 595 763 654 ut
791 591 933 674 primum
960 596 1100 675 quatuor
1126 591 1219 675 paria
1244 591 1461 673 luctarentur,
1494 591 1613 654 deinde

326 699 428 764 altera
452 699 581 764 sortitio
604 699 696 763 fieret
716 703 856 780 quatuor
874 697 990 762 horum
1009 697 1169 762 victorum
1189 703 1222 761 et
1240 697 1381 782 ephedri,
1404 703 1476 762 tum
1495 720 1612 761 rursus

325 806 389 870 duo
407 807 501 892 paria
519 806 809 888 committerentur,
828 825 892 887 quo
912 803 998 868 facto
1012 803 1130 867 horum
1144 805 1284 868 victores
1299 805 1362 870 duo
1377 827 1451 870 cum
1466 803 1612 888 ephedro

325 913 460 977 alterius
489 912 670 978 sortitionis
704 911 837 976 tertium
866 910 1074 994 sortirentur,
1101 933 1199 996 porro
1223 911 1279 994 qui
1301 912 1437 976 eandem
1462 911 1612 976 litteram

326 1019 485 1084 duxerant
512 1020 599 1084 inter
626 1041 660 1084 se
689 1022 866 1104 certarent,
892 1022 925 1080 et
952 1017 1009 1101 qui
1036 1040 1075 1081 ex
1101 1017 1153 1082 his
1182 1018 1286 1082 victor
1315 1019 1511 1084 discesserat
1534 1041 1611 1083 cum

325 1127 466 1211 ephedro
496 1127 612 1191 tertiae
640 1125 822 1190 sortitionis
851 1123 1001 1188 ultimam
1028 1145 1172 1209 pugnam
1195 1125 1234 1189 de
1258 1147 1377 1190 corona
1399 1125 1508 1189 iniret.
1554 1123 1611 1190 Sic

325 1233 397 1296 fieri
424 1233 546 1319 potuit,
574 1238 611 1297 ut
635 1234 690 1316 qui
714 1232 755 1296 ad
778 1236 959 1296 extremum
986 1231 1091 1295 victor
1117 1233 1378 1316 renuntiabatur,
1411 1237 1530 1317 quater
1555 1232 1612 1296 ad-
1695 1286 1696 1291 ,

326 1339 504 1405 versarium
536 1339 663 1425 vicerit,
696 1361 807 1404 verum
840 1360 881 1403 ne
908 1338 990 1402 illud
1017 1339 1159 1422 quidem,
1191 1339 1247 1424 qui
1274 1339 1486 1404 sortitionum
1514 1361 1611 1403 casus

326 1452 415 1530 sunt,
444 1447 610 1512 exclusum
638 1451 721 1532 erat,
748 1449 785 1508 ut
813 1446 869 1529 qui
896 1446 996 1510 semel
1018 1450 1147 1510 tantum
1169 1445 1312 1510 luctatus
1336 1450 1435 1531 esset,
1461 1446 1611 1530 praemio
1695 1430 1696 1469 l

326 1553 482 1618 victoriae
510 1557 689 1618 ornaretur.
735 1551 939 1636 Quamquam
965 1551 1020 1618 hic
1047 1574 1188 1636 quoque,
1216 1553 1244 1616 si
1272 1554 1472 1637 aequitatem
1499 1553 1611 1618 minus
1695 1586 1696 1589 ¹

326 1682 435 1726 severe
459 1660 630 1746 curabant,
656 1657 785 1724 institui
808 1660 930 1744 potuit,
954 1664 991 1723 nt
1013 1659 1154 1744 primurn
1177 1658 1241 1724 duo
1263 1660 1370 1744 prima
1391 1660 1486 1745 paria
1508 1666 1611 1724 certa-

326 1773 412 1852 rent,
445 1767 557 1832 deinde
585 1767 725 1832 victores
754 1766 890 1831 duorum
918 1766 1035 1837 horum
1061 1766 1202 1851 parium,
1229 1769 1299 1830 tum
1327 1767 1460 1832 tertium
1488 1790 1549 1851 par
1577 1773 1612 1832 et

328 1879 489 1959 quartum,
512 1873 587 1938 exin
609 1873 749 1937 victores
772 1872 862 1937 tertii
885 1873 973 1958 paris
997 1877 1029 1937 et
1053 1873 1169 1958 quarti,
1191 1895 1289 1958 porro
1311 1874 1450 1939 victores
1469 1875 1611 1938 duorum

325 1981 471 2065 priorum
499 1981 626 2066 parium
655 1985 688 2044 et
715 1980 854 2044 duorum
881 1980 1072 2064 alterorum,
1103 1981 1143 2044 ad
1171 1985 1351 2045 extremum
1379 1981 1484 2046 victor
1511 1981 1610 2046 huius
1696 1992 1697 1999 ’

325 2087 413 2172 paris
433 2110 506 2152 cum
525 2087 674 2172 ephedro.
707 2086 818 2152 Etiam
833 2087 967 2151 tertium
981 2087 1109 2152 institui
1124 2088 1241 2172 potuit,
1260 2092 1298 2151 ut
1310 2088 1453 2172 primum
1467 2095 1611 2172 quatuor

325 2193 417 2278 paria
445 2194 739 2276 committerentur,
771 2198 804 2257 et
831 2193 945 2258 deinde
972 2193 1132 2278 ephedrus
1160 2217 1233 2259 cum
1262 2200 1401 2279 quatuor
1427 2195 1610 2260 victoribus
1696 2206 1697 2263 ἒ

326 2306 466 2386 quatuor
487 2301 619 2365 illorum
641 2299 770 2384 parium
793 2300 942 2384 deinceps
967 2305 1120 2385 certaret,
1146 2301 1197 2366 vel
1221 2302 1249 2365 si
1272 2301 1404 2366 fortuna
1426 2306 1461 2366 et
1482 2303 1611 2366 viribus
1696 2344 1697 2347 =

326 2408 432 2473 minus
461 2409 590 2473 adiutus
613 2407 773 2493 ephedrus
795 2405 830 2470 in
858 2407 964 2491 primo
988 2407 1036 2472 vel
1061 2408 1164 2471 altero
1187 2408 1365 2473 certamine
1386 2431 1460 2473 cum
1483 2409 1611 2474 victore

324 2516 422 2600 primi
446 2515 495 2581 vel
520 2515 651 2580 secundi
675 2514 762 2600 paris
786 2513 921 2578 inferior
943 2514 1144 2600 discesserat,
1167 2516 1272 2580 victor
1288 2515 1386 2600 primi
1404 2515 1456 2579 vel
1474 2515 1611 2580 secundi

325 2624 412 2706 paris
437 2646 511 2688 cum
536 2622 668 2706 reliquis
690 2621 868 2685 victoribus
892 2620 1095 2707 singulorum
1118 2622 1246 2706 parium
1270 2621 1419 2706 deinceps
1442 2626 1611 2688 certamen

323 2728 430 2795 iniret.
480 2729 550 2794 Iam
579 2730 607 2794 si
636 2728 776 2812 quaeris,
810 2728 942 2810 quinam
971 2751 1010 2792 ex
1041 2728 1094 2793 his
1122 2730 1248 2793 duobus
1276 2728 1327 2793 vel
1355 2729 1460 2794 tribus
1493 2730 1611 2814 modis,
1697 2800 1698 2805 η

325 2858 464 2920 quorum
493 2837 635 2919 primum
664 2833 822 2899 Krausius
850 2833 1003 2920 Olympia
1028 2836 1105 2920 114,
1136 2836 1270 2901 tertium
1298 2835 1483 2901 Boeckhius
1511 2836 1611 2920 Expl.

323 2941 415 3009 Pind
431 2943 494 3008 318
516 2943 781 3027 amplectebatur,
803 2941 990 3024 probandus
1013 2942 1094 3006 mihi
1113 2965 1182 3008 esse
1201 2942 1358 3026 videatur,
1380 2942 1486 3027 primo
1510 2944 1610 3007 modo

325 3049 471 3132 aequitas
496 3049 596 3134 lavet,
624 3048 764 3113 secundo
788 3047 838 3112 vel
863 3048 1002 3112 secundo
1026 3054 1059 3114 et
1082 3051 1180 3114 tertio
1203 3050 1249 3134 id,
1273 3048 1358 3133 quod
1382 3049 1546 3115 Lucienus
1570 3051 1610 3113 de

322 3155 471 3240 pluribus
490 3155 719 3220 sortitionibus
737 3154 819 3219 nihil
834 3156 971 3220 rettulit.
1002 3155 1065 3221 Sed
1079 3158 1225 3222 uoniam
1239 3159 1279 3222 ad
1294 3158 1497 3222 coniecturas
1511 3158 1610 3222 uobis

325 3263 575 3350 confugiendum
589 3267 655 3342 est3
673 3263 748 3327 lites
763 3263 850 3327 enim
865 3263 1065 3346 compositae
1081 3270 1157 3328 sunt
1171 3266 1298 3330 duobus
1313 3265 1418 3329 titulis
1434 3286 1473 3327 ex
1487 3264 1610 3328 ruderi-

324 3369 384 3432 bus
400 3367 578 3455 Olympicis
598 3371 772 3455 protractis
791 3393 822 3434 n.
840 3372 902 3435 146
917 3369 952 3434 Ρ.
967 3369 1109 3436 Cornelii
1126 3372 1290 3437 Aristonis
1308 3377 1342 3437 et
1359 3394 1389 3435 n.
1407 3372 1468 3436 147
1484 3370 1610 3435 'liberii

323 3472 451 3540 Claudii
473 3477 549 3541 Rufi
572 3475 684 3564 (Arch.
704 3476 784 3541 Zeit.
807 3476 921 3563 1878),
949 3498 1030 3560 quos
1059 3501 1132 3543 cum
1162 3479 1227 3544 iam
1251 3479 1524 3564 Dittenbergerns
1547 3478 1569 3542 l.
1588 3479 1609 3541 l.

324 3582 365 3646 ad
392 3583 616 3665 quaestionem
644 3584 741 3649 istam
770 3583 957 3648 solvendam
981 3584 1198 3671 adhibuisset,
1224 3585 1320 3670 plane
1343 3585 1508 3670 expedivit
1530 3584 1611 3648 Hol-

324 3689 443 3773 werda,
472 3689 570 3754 Arch.
590 3689 668 3755 Zeit.
694 3692 781 3756 1880
806 3714 837 3776 p.
855 3692 927 3756 171.
974 3691 1023 3754 Ti.
1047 3690 1201 3757 Claudius
1226 3693 1332 3758 Rufus
1358 3692 1462 3779 igitur
1488 3691 1611 3756 dicitur

323 3795 449 3872 πάντας
475 3793 536 3881 μὲν
563 3795 746 3884 άνίφεδρος
773 3797 1025 3884 ἐπαγκρατίασε,
1053 3802 1132 3876 τοὺς
1158 3803 1302 3887 κλήρους
1327 3811 1398 3877 τοῖς
1425 3800 1610 3884 δοκιμωτά-

322 3926 393 3980 τοις
415 3905 526 3989 λαχὼν
544 3904 694 3991 ἀνδράσι,
718 3902 772 3969 ἐπὶ
790 3914 953 3970 τοσαῦτον
975 3903 1012 3970 δὲ
1030 3905 1086 3971 καὶ
1104 3907 1221 3993 ἀρετῆς
1238 3906 1294 3972 καὶ
1312 3908 1473 3991 εὐψυχίας
1491 3902 1610 3989 ἦλθεν,

323 4011 406 4075 ὥστε
432 4009 508 4098 περὶ
535 4021 595 4076 τοῦ
623 4011 789 4096 στεφάνου
817 4014 1069 4098 παγκρατιάζων
1096 4016 1180 4100 πρὸς
1202 4015 1309 4102 ἄνδρα
1333 4015 1510 4097 λελογχότα
1534 4013 1610 4098 ἑφε-

323 4119 449 4203 δρείαν,
472 4122 595 4183 καλλίω
619 4123 820 4200 λογίσασθαι
842 4128 901 4201 τῆς
923 4130 1031 4204 ψυχῆς
1053 4121 1224 4205 ὑπεριδεῖν
1246 4120 1267 4203 ἢ
1291 4130 1348 4204 τῆς
1365 4118 1441 4205 περὶ
1459 4121 1520 4184 τὸν
1537 4119 1611 4184 στέ-

323 4248 433 4309 φανον
461 4225 607 4309 ἐλπίδος,
637 4222 806 4290 Cornelius
835 4248 912 4290 vero
938 4227 1073 4292 Ariston
1100 4227 1268 4313 ἐστίφθην
1292 4227 1474 4313 άνέφεδρος
1495 4226 1610 4312 Ὀλύμ-

322 4353 382 4396 πια
404 4337 594 4420 παγκρατίῳ
617 4344 695 4409 παῖς
715 4333 719 4420 l
740 4334 856 4420 τρισσδ
878 4331 951 4397 κατ’
972 4334 1162 4400 ἀντιπάλων
1181 4331 1270 4400 ἆθλα
1287 4335 1530 4419 ιιονεισάμενος,

323 4435 403 4502 ἑπτά
425 4439 488 4525 γὰρ
512 4439 547 4504 ἐκ
570 4441 700 4503 παίδων
722 4439 874 4523 παλάμας
895 4443 998 4524 μόνος
1020 4442 1081 4506 οὐκ
1105 4442 1284 4525 άνίπαυσα,
1305 4439 1309 4528 Ι
1331 4442 1549 4525 ζευγνύμενος
1572 4441 1605 4506 δ’

323 4543 387 4608 udal
410 4545 535 4622 πάντας
558 4545 818 4631 άπεστεφάνουν.
855 4547 974 4611 Tribus
993 4549 1157 4613 continuis
1177 4547 1461 4614 commissionibus
1481 4553 1608 4634 septem

323 4651 524 4717 adversarios
543 4652 715 4740 Eumenes,
738 4653 898 4737 ephedrus
921 4660 1010 4720 sorte
1032 4679 1099 4722 uon
1121 4656 1237 4742 factus,
1259 4657 1387 4722 vincere
1406 4678 1473 4721 non
1490 4658 1610 4742 potuit,

322 4760 384 4824 nisi
410 4760 536 4844 sipost
564 4747 703 4844 primani
728 4761 933 4825 sortitionem
960 4765 1024 4828 tria
1051 4765 1144 4850 paria
1167 4765 1470 4850 committebantur,
1493 4766 1607 4832 deinde
