3417 5434
599 342 826 393 FRAGMENTA.

618 509 680 567 νει
706 501 810 587 [2⁶⁵]-

392 609 510 658 υυὶυ
581 633 653 660 ..υ
715 633 778 660 ,υ

390 713 487 799 Ἰάχει
510 718 771 803 βαρυῳθεγκιᾶυ
794 715 908 800 ἀγέλαι
931 719 1086 783 λεόντων.

616 903 681 962 ιιο
705 895 810 981 [269]

518 1095 585 1193 Μή
602 1119 680 1196 σιγᾷ
702 1109 884 1197 βρεχέσθω.

617 1296 678 1352 241
706 1287 809 1373 [σεο]

392 1417 920 1446 ΚΑΙ-’.υυ-υὲϋ-υὲυ-

397 1503 604 1566 Ποτίκολλον
628 1503 683 1567 ἄιε
706 1501 807 1581 ξύλον
829 1505 919 1589 παρὰ
942 1502 1038 1592 ξύλῳ.

678 1672 740 1728 242

167 1774 264 1833 Schol.
283 1775 436 1851 Aristoph.
459 1774 528 1834 Pae.
550 1787 616 1834 251:
639 1773 684 1834 ὅτι
706 1775 793 1836 πόλιν
815 1769 879 1836 εἶπε
902 1775 956 1854 τήν
980 1778 1120 1838 Σικελίαν
1144 1787 1236 1857 νῆσον
1260 1770 1354 1839 οὖσαν

71 1909 77 1921 .
108 1911 113 1921 .
140 1907 147 1920 .
171 1862 222 1922 καὶ
246 1863 397 1944 Πίνδαρος
421 1861 453 1924 δὲ
475 1861 542 1943 περὶ
564 1872 616 1941 τῆς
640 1864 779 1945 Αόμίνης·
803 1861 822 1924 ά
845 1862 908 1944 μὲν
930 1864 1033 1938 πόλις
1056 1866 1246 1927 Αἰακιδᾶν.

166 2132 326 2193 Herodian.
349 2130 416 2211 περὶ
439 2149 539 2210 σχημ,
562 2133 647 2192 Rhet.
672 2153 714 2212 gr.
740 2134 788 2210 Sp.
813 2153 848 2192 111
870 2146 930 2212 100,
950 2147 979 2193 6:
1003 2133 1149 2212 σύλληψις
1172 2132 1204 2195 δὲ
1228 2134 1298 2196 ὅταν
1321 2135 1353 2196 τὸ

72 2227 114 2306 τῷ
147 2220 233 2306 ἑτέρῳ
264 2219 451 2300 συμβεβηκὸς
481 2219 553 2281 κάπὶ
582 2219 711 2302 θατέρου
735 2223 934 2301 λαμβάνηται,
965 2217 1029 2284 οίον
1054 2272 1060 2282 .
1085 2272 1091 2283 .
1117 2273 1123 2284 .
1146 2223 1251 2284 καὶτὸ
1273 2225 1353 2306 παρὰ

73 2312 220 2396 Πινδάρῳ
237 2309 288 2380 ἐπί
305 2320 404 2372 τετοῦ
423 2311 571 2390 Πειρίθου
589 2309 709 2371 καὶτοῦ
732 2309 851 2389 Θησέως
870 2311 1038 2392 λεγόμενον·
1063 2312 1135 2390 φδιν
1154 2307 1185 2372 δ’
1203 2312 1354 2393 ἔμμεναι

73 2399 193 2478 Ζηνὸς
221 2399 295 2461 υἱοί
326 2399 385 2460 καί
416 2399 644 2460 κλυτοπώλου
673 2401 936 2474 Ποσειδάωνος.
981 2403 1064 2462 Idem
1091 2423 1210 2462 carmen
1238 2409 1354 2481 spectat

72 2491 165 2549 Paus.
189 2501 267 2568 141,
291 2501 307 2548 ε
331 2515 373 2537 =
397 2491 432 2550 fr.
451 2501 512 2549 258.

621 2636 683 2692 244
708 2627 811 2713 [136].

166 2741 214 2799 Et.
229 2741 267 2800 M.
283 2751 343 2818 513,
358 2752 393 2799 20
408 2732 459 2821 (ef.
475 2741 522 2800 Et.
538 2741 616 2801 Flor.
631 2741 730 2801 Miller
752 2741 833 2802 Mise.
855 2733 934 2822 186):
959 2740 1095 2819 Κιδαλία,
1118 2735 1184 2802 οἷον
1208 2743 1352 2822 Κιδαλίης

74 2829 224 2907 κρηνίδος.
256 2826 413 2907 ἐπλανήθη
432 2827 464 2889 ἔκ
482 2839 534 2891 τοῦ
555 2829 741 2910 Πινδαρικοῦ
765 2823 957 2912 (ἐπλανήθην
980 2829 1012 2890 ἐκ
1037 2831 1193 2912 Πινδάρου
1216 2833 1264 2894 Et.
1284 2828 1353 2915 M.):

76 2921 424 2996 ΧΕΙΡΑΚΙΔΑΛΙΑΣ,
442 2919 484 2990 είς
502 2917 556 2996 τήν
580 2924 661 2998 χεῖρα
679 2917 842 2996 αἰτιατικὴν
867 2919 907 2998 μή
930 2919 1057 2997 ποιήσοις
1079 2914 1221 3006 (ποιήσῃς
1245 2917 1353 3004 vulgo)

75 3007 231 3084 ἔκθλιψιν·
254 3001 402 3067 Ἀκιδαλία
426 3003 568 3089 (Κιδαλία
590 3003 697 3090 vulgo)
721 3007 776 3088 γάρ
798 3007 887 3069 ἐστιν.

681 3155 753 3212 245.

167 3259 262 3318 Crem.
278 3259 333 3318 An.
350 3258 428 3319 Οτι
448 3269 490 3338 95,
505 3269 535 3318 5:
559 3259 710 3338 Πίνδαρος
734 3255 787 3337 μὲν
810 3258 939 3338 βληχρδν
962 3257 994 3319 τδ
1018 3259 1149 3339 ἰσχυρόν·
1173 3260 1355 3340 πρόφασις

79 3343 243 3428 (πρόφασιν
262 3341 341 3430 οοδ.)
365 3349 519 3429 βληχροῦ
542 3349 680 3428 γίνεται
704 3347 840 3420 νείκεος
865 3343 1030 3430 (πρόφασιν
1053 3351 1096 3428 βλ
1119 3349 1259 3430 γενέσθαι
1281 3373 1351 3413 νεικ.

80 3430 261 3520 Sehroeder).
308 3439 343 3496 In
368 3438 455 3498 breve
484 3441 697 3498 contraxerunt
726 3439 836 3498 0111.
862 3451 923 3517 200,
948 3451 988 3498 13.
1036 3439 1144 3499 Suidas
1167 3461 1194 3500 v.
1218 3441 1353 3521 βληχρόυ.

82 3529 183 3588 Zonar.
209 3539 268 3605 193,
292 3539 342 3587 391
370 3560 410 3568 —
435 3530 563 3607 βληχροῦ
587 3549 622 3588 ex
649 3531 760 3608 λυγροῦ
790 3533 966 3606 comptum
988 3549 1052 3590 esse
1075 3531 1184 3589 collato
1207 3531 1293 3589 Pind.
1317 3531 1353 3589 N.

80 3637 133 3676 vm
155 3629 188 3676 43
212 3617 335 3696 collegit
357 3617 492 3678 Dindorf.

619 3763 682 3820 246
724 3764 812 3821 286.

165 3868 320 3927 Lesbonax
339 3867 374 3928 de
393 3869 442 3946 fig.
463 3878 514 3927 184
533 3868 576 3926 ed.
596 3755 721 3945 Valek.,[
733 3889 761 3945 p.
781 3755 815 3927 4]4
839 3869 883 3928 ed.
902 3869 936 3926 R.
956 3869 1076 3927 Mfiller:
1103 3867 1268 3946 Θηβαϊκόν·
1295 3866 1354 3928 ἔστι

82 3955 112 4016 δὲ
134 3955 182 4017 καὶ
203 3954 273 4017 άλλο
297 3967 393 4037 σχῆμα
415 3955 474 4018 άπὸ
497 3957 655 4034 Βοιωτίας,
684 3951 700 4014 δ
724 3955 761 4034 δή
785 3955 834 4016 καί
857 3957 1042 4036 Πινδαρικὸν
1065 3954 1188 4036 λέγεται,
1216 3956 1260 4016 ὅτι
1281 3962 1353 4018 πολ-

82 4047 159 4118 λάκις
173 4045 252 4130 αὐτῷ
267 4044 413 4127 κέχρηται
432 4047 543 4127 γίνεται
558 4043 589 4106 δὲ
604 4046 709 4118 οὕτως’
735 4041 992 4124 “Λακεδαιμόνιοι
1006 4051 1130 4125 πολεμεῖ
1144 4039 1339 4125 Ἀθηναίοις”
1346 4063 1352 4077 ·

83 4238 125 4289 καί
144 4236 317 4290 κιιλεάεσθαι
337 4233 421 4305 λέγει·
443 4235 529 4290 ἔνθα
549 4234 579 4288 αἱ
597 4237 652 4290 κτλ.
672 4268 707 4274 -
725 4236 773 4288 καί
791 4235 919 4291 Boeckh:
938 4234 965 4288 οί
984 4235 1085 4304 Bergk,
1104 4235 1133 4290 αἱ
1152 4236 1247 4308 vulgo,
1262 4253 1315 4290 om.
1331 4236 1351 4290 C

85 4341 114 4348 -
132 4307 244 4376 κάπρων
263 4327 292 4361 τε
311 4309 359 4361 καί
378 4306 497 4362 λεόντων
517 4306 626 4375 scripsi:
647 4306 763 4374 κάπρων
782 4305 903 4360 λεόντων
920 4326 950 4360 τε
970 4307 1062 4376 vulgo.

149 4380 189 4433 Fr.
210 4385 269 4433 239.
307 4380 450 4433 Herodian
469 4380 503 4433 de
522 4379 577 4448 fig„
597 4377 677 4431 Rhet.
697 4397 736 4449 gr.
757 4378 803 4447 Sp.
823 4397 854 4430 m
873 4395 920 4445 100,
940 4395 978 4433 νει
999 4379 1173 4446 Πινδαρικὸν
1192 4379 1223 4433 δὲ
1242 4379 1277 4432 τά
1295 4387 1353 4441 τοῖς

83 4455 276 4520 πληθυντικοίς
294 4449 429 4518 ὀνόμασιν
449 4447 528 4506 ἑνικὰ
548 4446 658 4518 ῥήματα
679 4450 777 4520 ἔχοντα
797 4449 952 4519 ἐπιφοράν·
974 4446 1034 4504 οἷον
1055 4449 1157 4518 ἄνδρες
1176 4450 1220 4504 ἐπὶ
1239 4448 1353 4518 πόλεως,

84 4525 127 4577 καί
145 4523 233 4593 ίαχεί
252 4527 306 4578 κτλ.
344 4522 421 4577 Οοωί.
442 4524 474 4577 fr.
494 4539 541 4576 246.

149 4595 188 4648 Fr.
209 4600 268 4648 ⁶240.
307 4595 397 4648 Schol.
418 4595 496 4648 Pind.
518 4593 548 4646 Ο.
568 4611 596 4644 x1
615 4609 640 4646 οε
659 4625 693 4632 —
712 4595 777 4662 μησί
796 4592 849 4662 γάρ
869 4594 911 4664 βρ.
931 4592 1025 4664 vulgo,
1044 4610 1095 4647 em.
1115 4593 1236 4647 Boeckh.

149 4667 267 4720 mn.
305 4667 406 4720 Athen.
427 4685 454 4718 π
472 4683 511 4719 018
530 4665 564 4718 O:
585 4663 654 4717 ἀλλὰ
673 4665 728 4734 μήν
747 4665 795 4718 καί
814 4661 910 4732 αὐτός,
930 4663 997 4734 ἔφη,
1016 4666 1048 4718 τὸ
1066 4663 1272 4720 ποτίκολλον
1292 4710 1297 4719 .
1318 4709 1324 4719 .
1345 4708 1350 4720 .

85 4738 173 4810 ξύλῳ,
192 4739 227 4800 ὡς
247 4737 261 4791 ό
278 4741 401 4811 Θηβαῖος
420 4737 512 4806 είρηκε
530 4736 655 4804 ποιητής,
674 4737 738 4804 περὶ
756 4733 885 4791 κολάκων
902 4733 955 4804 ἐρῶ
968 4756 1003 4790 τι.
1031 4737 1109 4791 Idem
1122 4756 1133 4789 1
1147 4737 1210 4791 2413
1226 4769 1257 4776 -
1273 4736 1351 4806 παρὰ

85 4810 133 4863 del.
152 4809 351 4880 Schneidewin,
370 4829 428 4880 παρ
447 4809 547 4878 Bergk.
