<?xml version="1.0" encoding="UTF-8"?>
<!DOCTYPE html PUBLIC "-//W3C//DTD XHTML 1.0 Transitional//EN"
    "http://www.w3.org/TR/xhtml1/DTD/xhtml1-transitional.dtd">
<html xmlns="http://www.w3.org/1999/xhtml" xml:lang="en" lang="en">
 <head>
  <title>
</title>
<meta http-equiv="Content-Type" content="text/html;charset=utf-8" />
  <meta name='ocr-system' content='tesseract 3.04.00' />
  <meta name='ocr-capabilities' content='ocr_page ocr_carea ocr_par ocr_line ocrx_word'/>
</head>
<body>
  <div class='ocr_page' id='page_1' title='image "./pindaricarminap01chrigoog_0325.png"; bbox 0 0 3417 5434; ppageno 0'>
   <div class='ocr_carea' id='block_1_1' title="bbox 599 339 1343 402">
    <p class='ocr_par' dir='ltr' id='par_1_1' title="bbox 599 339 1343 402">
     <span class='ocr_line' id='line_1_1' title="bbox 599 339 1343 402; baseline 0.015 -10"><span class='ocrx_word' id='word_1_1' title='bbox 599 343 731 394; x_wconf 74' lang='lat' dir='ltr'>arrum</span> <span class='ocrx_word' id='word_1_2' title='bbox 750 343 810 395; x_wconf 91' lang='lat' dir='ltr'>v11.</span> <span class='ocrx_word' id='word_1_3' title='bbox 1280 339 1343 402; x_wconf 85' lang='lat'>189</span> 
     </span>
    </p>
   </div>
   <div class='ocr_carea' id='block_1_2' title="bbox 62 508 1347 3534">
    <p class='ocr_par' dir='ltr' id='par_1_2' title="bbox 62 508 1347 1842">
     <span class='ocr_line' id='line_1_2' title="bbox 63 508 1347 588; baseline 0.002 -25"><span class='ocrx_word' id='word_1_4' title='bbox 63 509 173 584; x_wconf 85' lang='lat' dir='ltr'>utitur,</span> <span class='ocrx_word' id='word_1_5' title='bbox 197 529 262 568; x_wconf 92' lang='lat' dir='ltr'>non</span> <span class='ocrx_word' id='word_1_6' title='bbox 286 511 425 569; x_wconf 88' lang='lat' dir='ltr'>accurate</span> <span class='ocrx_word' id='word_1_7' title='bbox 449 509 615 568; x_wconf 84' lang='lat' dir='ltr'>discernere</span> <span class='ocrx_word' id='word_1_8' title='bbox 638 509 722 588; x_wconf 89' lang='lat' dir='ltr'>licet,</span> <span class='ocrx_word' id='word_1_9' title='bbox 746 527 822 585; x_wconf 88' lang='lat' dir='ltr'>quas</span> <span class='ocrx_word' id='word_1_10' title='bbox 845 508 987 570; x_wconf 83' lang='grc'>111101111</span> <span class='ocrx_word' id='word_1_11' title='bbox 1010 509 1088 587; x_wconf 87' lang='lat' dir='ltr'>ipse,</span> <span class='ocrx_word' id='word_1_12' title='bbox 1117 526 1192 585; x_wconf 88' lang='lat' dir='ltr'>quas</span> <span class='ocrx_word' id='word_1_13' title='bbox 1219 508 1347 568; x_wconf 88' lang='lat' dir='ltr'>maiores</span> 
     </span>
     <span class='ocr_line' id='line_1_3' title="bbox 63 597 1344 676; baseline 0.002 -23"><span class='ocrx_word' id='word_1_14' title='bbox 63 599 123 655; x_wconf 78' lang='lat' dir='ltr'>eius</span> <span class='ocrx_word' id='word_1_15' title='bbox 148 597 256 674; x_wconf 78' lang='lat' dir='ltr'><strong>adepti</strong></span> <span class='ocrx_word' id='word_1_16' title='bbox 280 599 350 657; x_wconf 89' lang='lat' dir='ltr'>sint.</span> <span class='ocrx_word' id='word_1_17' title='bbox 395 598 440 657; x_wconf 89' lang='lat' dir='ltr'>De</span> <span class='ocrx_word' id='word_1_18' title='bbox 463 602 611 676; x_wconf 88' lang='lat' dir='ltr'>tempore,</span> <span class='ocrx_word' id='word_1_19' title='bbox 635 618 694 675; x_wconf 91' lang='lat' dir='ltr'>quo</span> <span class='ocrx_word' id='word_1_20' title='bbox 718 599 790 657; x_wconf 90' lang='lat' dir='ltr'>haec</span> <span class='ocrx_word' id='word_1_21' title='bbox 813 597 925 674; x_wconf 85' lang='lat' dir='ltr'>Pythia</span> <span class='ocrx_word' id='word_1_22' title='bbox 947 599 1074 660; x_wconf 88' lang='lat' dir='ltr'>victoria</span> <span class='ocrx_word' id='word_1_23' title='bbox 1097 601 1186 674; x_wconf 87' lang='lat' dir='ltr'>parta</span> <span class='ocrx_word' id='word_1_24' title='bbox 1209 597 1261 676; x_wconf 85' lang='lat' dir='ltr'>sit,</span> <span class='ocrx_word' id='word_1_25' title='bbox 1285 598 1344 656; x_wconf 89' lang='lat' dir='ltr'>iem</span> 
     </span>
     <span class='ocr_line' id='line_1_4' title="bbox 64 684 1346 767; baseline 0.002 -24"><span class='ocrx_word' id='word_1_26' title='bbox 64 687 216 746; x_wconf 84' lang='lat' dir='ltr'>Deeckhio</span> <span class='ocrx_word' id='word_1_27' title='bbox 241 688 379 748; x_wconf 88' lang='lat' dir='ltr'>suboluit</span> <span class='ocrx_word' id='word_1_28' title='bbox 398 687 495 747; x_wconf 89' lang='lat' dir='ltr'>verbis</span> <span class='ocrx_word' id='word_1_29' title='bbox 513 687 634 764; x_wconf 81' lang='grc' dir='ltr'><strong><em>φθόνον</em></strong></span> <span class='ocrx_word' id='word_1_30' title='bbox 653 685 849 766; x_wconf 82' lang='grc' dir='ltr'><strong><em>ἀμειβόμενον</em></strong></span> <span class='ocrx_word' id='word_1_31' title='bbox 868 684 995 746; x_wconf 81' lang='grc'>11111111</span> <span class='ocrx_word' id='word_1_32' title='bbox 1014 685 1084 767; x_wconf 77' lang='grc' dir='ltr'>ἔργα</span> <span class='ocrx_word' id='word_1_33' title='bbox 1102 688 1207 765; x_wconf 73' lang='lat' dir='ltr'>lugam</span> <span class='ocrx_word' id='word_1_34' title='bbox 1229 688 1346 764; x_wconf 77' lang='lat' dir='ltr'>patriae</span> 
     </span>
     <span class='ocr_line' id='line_1_5' title="bbox 63 776 1347 856; baseline 0.001 -24"><span class='ocrx_word' id='word_1_35' title='bbox 63 776 189 854; x_wconf 82' lang='lat' dir='ltr'>llegacli</span> <span class='ocrx_word' id='word_1_36' title='bbox 217 779 368 836; x_wconf 83' lang='lat' dir='ltr'>testarum</span> <span class='ocrx_word' id='word_1_37' title='bbox 392 777 536 856; x_wconf 83' lang='lat' dir='ltr'>suffragio</span> <span class='ocrx_word' id='word_1_38' title='bbox 562 777 726 855; x_wconf 73' lang='lat' dir='ltr'>irrogatam</span> <span class='ocrx_word' id='word_1_39' title='bbox 755 776 893 852; x_wconf 80' lang='lat' dir='ltr'>indicari3</span> <span class='ocrx_word' id='word_1_40' title='bbox 924 778 1130 836; x_wconf 90' lang='lat' dir='ltr'>testimonium</span> <span class='ocrx_word' id='word_1_41' title='bbox 1157 796 1227 836; x_wconf 89' lang='lat' dir='ltr'>vero</span> <span class='ocrx_word' id='word_1_42' title='bbox 1255 777 1347 834; x_wconf 87' lang='lat' dir='ltr'>huius</span> 
     </span>
     <span class='ocr_line' id='line_1_6' title="bbox 63 865 1346 944; baseline 0.001 -23"><span class='ocrx_word' id='word_1_43' title='bbox 63 867 102 922; x_wconf 74' lang='lat' dir='ltr'>rvi</span> <span class='ocrx_word' id='word_1_44' title='bbox 124 866 335 944; x_wconf 85' lang='lat' dir='ltr'>luculentum,</span> <span class='ocrx_word' id='word_1_45' title='bbox 364 887 423 943; x_wconf 92' lang='lat' dir='ltr'>quo</span> <span class='ocrx_word' id='word_1_46' title='bbox 448 886 535 944; x_wconf 83' lang='lat' dir='ltr'>aegre</span> <span class='ocrx_word' id='word_1_47' title='bbox 558 867 606 925; x_wconf 89' lang='lat' dir='ltr'>vir</span> <span class='ocrx_word' id='word_1_48' title='bbox 632 867 814 926; x_wconf 82' lang='lat' dir='ltr'>clarissimus</span> <span class='ocrx_word' id='word_1_49' title='bbox 844 865 977 944; x_wconf 79' lang='lat' dir='ltr'>carebat,</span> <span class='ocrx_word' id='word_1_50' title='bbox 1007 866 1066 924; x_wconf 91' lang='lat' dir='ltr'>iam</span> <span class='ocrx_word' id='word_1_51' title='bbox 1094 865 1179 926; x_wconf 89' lang='lat' dir='ltr'>nobis</span> <span class='ocrx_word' id='word_1_52' title='bbox 1207 866 1346 942; x_wconf 91' lang='lat' dir='ltr'>suppedi-</span> 
     </span>
     <span class='ocr_line' id='line_1_7' title="bbox 62 949 1346 1034; baseline 0.002 -24"><span class='ocrx_word' id='word_1_53' title='bbox 62 959 158 1012; x_wconf 79' lang='lat' dir='ltr'>tatum</span> <span class='ocrx_word' id='word_1_54' title='bbox 190 958 241 1015; x_wconf 87' lang='lat' dir='ltr'>est</span> <span class='ocrx_word' id='word_1_55' title='bbox 262 955 436 1016; x_wconf 82' lang='lat' dir='ltr'>Aristotelis</span> <span class='ocrx_word' id='word_1_56' title='bbox 462 956 538 1015; x_wconf 88' lang='lat' dir='ltr'>libro</span> <span class='ocrx_word' id='word_1_57' title='bbox 569 953 635 1034; x_wconf 79' lang='grc' dir='ltr'><strong><em>περὶ</em></strong></span> <span class='ocrx_word' id='word_1_58' title='bbox 660 949 830 1033; x_wconf 83' lang='grc' dir='ltr'><strong><em>Ἀθηναίων</em></strong></span> <span class='ocrx_word' id='word_1_59' title='bbox 858 955 1005 1026; x_wconf 79' lang='grc' dir='ltr'><strong><em>πολιτείας</em></strong></span> <span class='ocrx_word' id='word_1_60' title='bbox 1031 956 1169 1032; x_wconf 89' lang='lat' dir='ltr'>invento,</span> <span class='ocrx_word' id='word_1_61' title='bbox 1198 955 1284 1014; x_wconf 85' lang='lat' dir='ltr'>euius</span> <span class='ocrx_word' id='word_1_62' title='bbox 1312 975 1346 1014; x_wconf 85' lang='lat' dir='ltr'>er</span> 
     </span>
     <span class='ocr_line' id='line_1_8' title="bbox 62 1040 1346 1124; baseline 0.004 -27"><span class='ocrx_word' id='word_1_63' title='bbox 62 1065 83 1101; x_wconf 80' lang='lat' dir='ltr'>e.</span> <span class='ocrx_word' id='word_1_64' title='bbox 102 1057 136 1102; x_wconf 76' lang='grc'>11</span> <span class='ocrx_word' id='word_1_65' title='bbox 155 1045 329 1123; x_wconf 80' lang='lat' dir='ltr'>liegaclem</span> <span class='ocrx_word' id='word_1_66' title='bbox 354 1044 547 1121; x_wconf 81' lang='lat' dir='ltr'>Hippocratis</span> <span class='ocrx_word' id='word_1_67' title='bbox 574 1045 671 1104; x_wconf 90' lang='lat' dir='ltr'>filium</span> <span class='ocrx_word' id='word_1_68' title='bbox 698 1065 735 1104; x_wconf 88' lang='lat' dir='ltr'>ex</span> <span class='ocrx_word' id='word_1_69' title='bbox 761 1045 847 1104; x_wconf 90' lang='lat' dir='ltr'>demo</span> <span class='ocrx_word' id='word_1_70' title='bbox 871 1045 1001 1121; x_wconf 80' lang='lat' dir='ltr'>Alopece</span> <span class='ocrx_word' id='word_1_71' title='bbox 1029 1065 1107 1104; x_wconf 88' lang='lat' dir='ltr'>anno</span> <span class='ocrx_word' id='word_1_72' title='bbox 1131 1040 1226 1124; x_wconf 67' lang='lat' dir='ltr'>estse</span> <span class='ocrx_word' id='word_1_73' title='bbox 1252 1045 1346 1104; x_wconf 88' lang='lat' dir='ltr'>ostra-</span> 
     </span>
     <span class='ocr_line' id='line_1_9' title="bbox 62 1134 1345 1212; baseline 0.002 -22"><span class='ocrx_word' id='word_1_74' title='bbox 62 1134 152 1193; x_wconf 82' lang='lat' dir='ltr'>eismo</span> <span class='ocrx_word' id='word_1_75' title='bbox 182 1135 218 1192; x_wconf 93' lang='lat' dir='ltr'>in</span> <span class='ocrx_word' id='word_1_76' title='bbox 247 1135 371 1194; x_wconf 82' lang='lat' dir='ltr'>axilium</span> <span class='ocrx_word' id='word_1_77' title='bbox 396 1135 524 1194; x_wconf 87' lang='lat' dir='ltr'>eiectum</span> <span class='ocrx_word' id='word_1_78' title='bbox 552 1152 615 1194; x_wconf 90' lang='lat' dir='ltr'>esse</span> <span class='ocrx_word' id='word_1_79' title='bbox 638 1134 843 1210; x_wconf 80' lang='lat' dir='ltr'>comperimus.</span> <span class='ocrx_word' id='word_1_80' title='bbox 890 1134 991 1212; x_wconf 84' lang='lat' dir='ltr'>Atque</span> <span class='ocrx_word' id='word_1_81' title='bbox 1018 1135 1074 1194; x_wconf 90' lang='lat' dir='ltr'>hac</span> <span class='ocrx_word' id='word_1_82' title='bbox 1101 1135 1137 1193; x_wconf 93' lang='lat' dir='ltr'>de</span> <span class='ocrx_word' id='word_1_83' title='bbox 1160 1154 1192 1193; x_wconf 89' lang='lat' dir='ltr'>re</span> <span class='ocrx_word' id='word_1_84' title='bbox 1215 1135 1345 1210; x_wconf 86' lang='lat' dir='ltr'>primurn</span> 
     </span>
     <span class='ocr_line' id='line_1_10' title="bbox 64 1223 1345 1302; baseline 0.004 -23"><span class='ocrx_word' id='word_1_85' title='bbox 64 1223 180 1281; x_wconf 84' lang='lat' dir='ltr'>invenis</span> <span class='ocrx_word' id='word_1_86' title='bbox 205 1224 323 1283; x_wconf 88' lang='lat' dir='ltr'>amicus</span> <span class='ocrx_word' id='word_1_87' title='bbox 346 1223 489 1282; x_wconf 84' lang='lat' dir='ltr'>Rehmius</span> <span class='ocrx_word' id='word_1_88' title='bbox 512 1243 559 1282; x_wconf 89' lang='lat' dir='ltr'>me</span> <span class='ocrx_word' id='word_1_89' title='bbox 582 1224 775 1300; x_wconf 84' lang='lat' dir='ltr'>commonuit,</span> <span class='ocrx_word' id='word_1_90' title='bbox 797 1226 903 1299; x_wconf 89' lang='lat' dir='ltr'>postea</span> <span class='ocrx_word' id='word_1_91' title='bbox 923 1242 941 1282; x_wconf 90' lang='lat' dir='ltr'>a</span> <span class='ocrx_word' id='word_1_92' title='bbox 959 1223 1201 1302; x_wconf 85' lang='lat' dir='ltr'>Wilamowitaio,</span> <span class='ocrx_word' id='word_1_93' title='bbox 1220 1224 1345 1284; x_wconf 89' lang='lat' dir='ltr'>Aristot.</span> 
     </span>
     <span class='ocr_line' id='line_1_11' title="bbox 62 1312 1345 1390; baseline 0.003 -22"><span class='ocrx_word' id='word_1_94' title='bbox 62 1331 89 1370; x_wconf 92' lang='lat' dir='ltr'>u.</span> <span class='ocrx_word' id='word_1_95' title='bbox 108 1313 225 1372; x_wconf 87' lang='lat' dir='ltr'>Athen.</span> <span class='ocrx_word' id='word_1_96' title='bbox 248 1333 272 1370; x_wconf 91' lang='lat'>11</span> <span class='ocrx_word' id='word_1_97' title='bbox 295 1325 347 1371; x_wconf 81' lang='lat'>323</span> <span class='ocrx_word' id='word_1_98' title='bbox 371 1313 594 1372; x_wconf 85' lang='lat' dir='ltr'>accuratissime</span> <span class='ocrx_word' id='word_1_99' title='bbox 617 1312 766 1389; x_wconf 90' lang='lat' dir='ltr'>disputari</span> <span class='ocrx_word' id='word_1_100' title='bbox 788 1312 923 1390; x_wconf 80' lang='lat' dir='ltr'>cognovi.</span> <span class='ocrx_word' id='word_1_101' title='bbox 965 1313 1037 1372; x_wconf 92' lang='lat' dir='ltr'>Inde</span> <span class='ocrx_word' id='word_1_102' title='bbox 1060 1313 1121 1372; x_wconf 90' lang='lat' dir='ltr'>iam</span> <span class='ocrx_word' id='word_1_103' title='bbox 1145 1316 1264 1372; x_wconf 89' lang='lat' dir='ltr'>constat</span> <span class='ocrx_word' id='word_1_104' title='bbox 1285 1313 1345 1372; x_wconf 87' lang='lat' dir='ltr'>vic·</span> 
     </span>
     <span class='ocr_line' id='line_1_12' title="bbox 64 1399 1344 1480; baseline 0.002 -23"><span class='ocrx_word' id='word_1_105' title='bbox 64 1401 173 1460; x_wconf 81' lang='grc'>1111111</span> <span class='ocrx_word' id='word_1_106' title='bbox 192 1402 346 1479; x_wconf 82' lang='lat' dir='ltr'>Pythiam,</span> <span class='ocrx_word' id='word_1_107' title='bbox 370 1422 462 1478; x_wconf 89' lang='lat' dir='ltr'>quam</span> <span class='ocrx_word' id='word_1_108' title='bbox 480 1403 535 1461; x_wconf 87' lang='lat' dir='ltr'>hoc</span> <span class='ocrx_word' id='word_1_109' title='bbox 554 1421 672 1461; x_wconf 88' lang='lat' dir='ltr'>carmen</span> <span class='ocrx_word' id='word_1_110' title='bbox 696 1405 818 1480; x_wconf 83' lang='lat' dir='ltr'>spectet,</span> <span class='ocrx_word' id='word_1_111' title='bbox 842 1399 888 1461; x_wconf 92' lang='lat' dir='ltr'>Ol.</span> <span class='ocrx_word' id='word_1_112' title='bbox 910 1405 960 1480; x_wconf 81' lang='lat'>73,</span> <span class='ocrx_word' id='word_1_113' title='bbox 981 1404 1000 1461; x_wconf 82' lang='lat'><strong>3</strong></span> <span class='ocrx_word' id='word_1_114' title='bbox 1020 1403 1082 1463; x_wconf 89' lang='lat' dir='ltr'>sive</span> <span class='ocrx_word' id='word_1_115' title='bbox 1101 1421 1127 1464; x_wconf 90' lang='lat' dir='ltr'>a.</span> <span class='ocrx_word' id='word_1_116' title='bbox 1148 1405 1211 1462; x_wconf 89' lang='grc'>486</span> <span class='ocrx_word' id='word_1_117' title='bbox 1232 1422 1258 1461; x_wconf 92' lang='lat' dir='ltr'>a.</span> <span class='ocrx_word' id='word_1_118' title='bbox 1278 1401 1344 1460; x_wconf 87' lang='lat' dir='ltr'>Chr.</span> 
     </span>
     <span class='ocr_line' id='line_1_13' title="bbox 65 1490 1344 1570; baseline 0.003 -24"><span class='ocrx_word' id='word_1_119' title='bbox 65 1490 189 1565; x_wconf 82' lang='lat' dir='ltr'>Delphis</span> <span class='ocrx_word' id='word_1_120' title='bbox 214 1495 400 1567; x_wconf 85' lang='lat' dir='ltr'>reportatam</span> <span class='ocrx_word' id='word_1_121' title='bbox 423 1511 494 1552; x_wconf 89' lang='lat' dir='ltr'>esse.</span> <span class='ocrx_word' id='word_1_122' title='bbox 532 1491 589 1549; x_wconf 88' lang='lat' dir='ltr'>Sed</span> <span class='ocrx_word' id='word_1_123' title='bbox 613 1512 674 1568; x_wconf 89' lang='lat' dir='ltr'>qua</span> <span class='ocrx_word' id='word_1_124' title='bbox 692 1490 839 1566; x_wconf 82' lang='lat' dir='ltr'>Pythiade</span> <span class='ocrx_word' id='word_1_125' title='bbox 858 1491 889 1549; x_wconf 92' lang='lat' dir='ltr'>id</span> <span class='ocrx_word' id='word_1_126' title='bbox 907 1493 1022 1550; x_wconf 86' lang='lat' dir='ltr'>factum</span> <span class='ocrx_word' id='word_1_127' title='bbox 1041 1492 1089 1570; x_wconf 86' lang='lat' dir='ltr'>sit,</span> <span class='ocrx_word' id='word_1_128' title='bbox 1109 1512 1145 1550; x_wconf 90' lang='lat' dir='ltr'>ne</span> <span class='ocrx_word' id='word_1_129' title='bbox 1165 1490 1344 1568; x_wconf 91' lang='lat' dir='ltr'>sicquidem</span> 
     </span>
     <span class='ocr_line' id='line_1_14' title="bbox 65 1574 1346 1658; baseline 0.002 -23"><span class='ocrx_word' id='word_1_130' title='bbox 65 1581 256 1654; x_wconf 80' lang='lat' dir='ltr'>exploratum</span> <span class='ocrx_word' id='word_1_131' title='bbox 274 1584 328 1658; x_wconf 86' lang='lat' dir='ltr'>est,</span> <span class='ocrx_word' id='word_1_132' title='bbox 348 1581 590 1657; x_wconf 90' lang='lat' dir='ltr'>quandoquidem</span> <span class='ocrx_word' id='word_1_133' title='bbox 603 1581 718 1640; x_wconf 86' lang='lat' dir='ltr'>codices</span> <span class='ocrx_word' id='word_1_134' title='bbox 733 1581 915 1640; x_wconf 86' lang='lat' dir='ltr'>scholiorum</span> <span class='ocrx_word' id='word_1_135' title='bbox 928 1581 1007 1639; x_wconf 89' lang='lat' dir='ltr'>inter</span> <span class='ocrx_word' id='word_1_136' title='bbox 1020 1601 1159 1640; x_wconf 89' lang='lat' dir='ltr'>numeros</span> <span class='ocrx_word' id='word_1_137' title='bbox 1175 1574 1222 1640; x_wconf 83' lang='grc' dir='ltr'>κε’</span> <span class='ocrx_word' id='word_1_138' title='bbox 1240 1585 1271 1639; x_wconf 88' lang='grc'>11</span> <span class='ocrx_word' id='word_1_139' title='bbox 1289 1575 1346 1658; x_wconf 76' lang='lat' dir='ltr'>req&#39;</span> 
     </span>
     <span class='ocr_line' id='line_1_15' title="bbox 67 1663 1345 1748; baseline 0.004 -25"><span class='ocrx_word' id='word_1_140' title='bbox 67 1673 94 1725; x_wconf 83' lang='lat' dir='ltr'>et</span> <span class='ocrx_word' id='word_1_141' title='bbox 110 1663 164 1731; x_wconf 82' lang='grc' dir='ltr'>κς’</span> <span class='ocrx_word' id='word_1_142' title='bbox 184 1674 218 1727; x_wconf 87' lang='grc'>11</span> <span class='ocrx_word' id='word_1_143' title='bbox 235 1664 291 1731; x_wconf 65' lang='grc' dir='ltr'>κε’</span> <span class='ocrx_word' id='word_1_144' title='bbox 309 1671 463 1746; x_wconf 88' lang='lat' dir='ltr'>vacillant,</span> <span class='ocrx_word' id='word_1_145' title='bbox 486 1671 565 1728; x_wconf 92' lang='lat' dir='ltr'>unde</span> <span class='ocrx_word' id='word_1_146' title='bbox 588 1670 801 1748; x_wconf 83' lang='grc'>111111111111,</span> <span class='ocrx_word' id='word_1_147' title='bbox 824 1688 842 1727; x_wconf 96' lang='grc'>1</span> <span class='ocrx_word' id='word_1_148' title='bbox 866 1689 926 1746; x_wconf 93' lang='lat' dir='ltr'>quo</span> <span class='ocrx_word' id='word_1_149' title='bbox 945 1671 1066 1730; x_wconf 89' lang='lat' dir='ltr'>tandem</span> <span class='ocrx_word' id='word_1_150' title='bbox 1085 1690 1162 1729; x_wconf 91' lang='lat' dir='ltr'>anno</span> <span class='ocrx_word' id='word_1_151' title='bbox 1182 1670 1345 1746; x_wconf 76' lang='lat' dir='ltr'>Pythiades</span> 
     </span>
     <span class='ocr_line' id='line_1_16' title="bbox 67 1752 1301 1842; baseline 0.002 -27"><span class='ocrx_word' id='word_1_152' title='bbox 67 1763 240 1819; x_wconf 85' lang='lat' dir='ltr'>numeratae</span> <span class='ocrx_word' id='word_1_153' title='bbox 264 1759 326 1817; x_wconf 88' lang='lat' dir='ltr'>sint</span> <span class='ocrx_word' id='word_1_154' title='bbox 347 1752 390 1841; x_wconf 87' lang='lat' dir='ltr'>(v.</span> <span class='ocrx_word' id='word_1_155' title='bbox 410 1759 526 1838; x_wconf 80' lang='lat' dir='ltr'>Proleg.</span> <span class='ocrx_word' id='word_1_156' title='bbox 545 1752 686 1842; x_wconf 79' lang='grc'>11111111),</span> <span class='ocrx_word' id='word_1_157' title='bbox 710 1780 746 1817; x_wconf 90' lang='grc'>11</span> <span class='ocrx_word' id='word_1_158' title='bbox 769 1777 849 1818; x_wconf 88' lang='lat' dir='ltr'>nunc</span> <span class='ocrx_word' id='word_1_159' title='bbox 873 1760 993 1835; x_wconf 91' lang='lat' dir='ltr'>quidem</span> <span class='ocrx_word' id='word_1_160' title='bbox 1016 1760 1198 1836; x_wconf 88' lang='lat' dir='ltr'>compositae</span> <span class='ocrx_word' id='word_1_161' title='bbox 1222 1762 1301 1818; x_wconf 90' lang='lat' dir='ltr'>sunt.</span> 
     </span>
    </p>

    <p class='ocr_par' dir='ltr' id='par_1_3' title="bbox 67 1848 1346 2378">
     <span class='ocr_line' id='line_1_17' title="bbox 150 1848 1343 1927; baseline 0 -20"><span class='ocrx_word' id='word_1_162' title='bbox 150 1849 320 1907; x_wconf 84' lang='lat' dir='ltr'>Exorditur</span> <span class='ocrx_word' id='word_1_163' title='bbox 341 1851 431 1924; x_wconf 89' lang='lat' dir='ltr'>poeta</span> <span class='ocrx_word' id='word_1_164' title='bbox 454 1869 473 1906; x_wconf 92' lang='lat' dir='ltr'>a</span> <span class='ocrx_word' id='word_1_165' title='bbox 495 1848 650 1924; x_wconf 86' lang='lat' dir='ltr'>splendore</span> <span class='ocrx_word' id='word_1_166' title='bbox 672 1848 756 1906; x_wconf 90' lang='lat' dir='ltr'>urbis</span> <span class='ocrx_word' id='word_1_167' title='bbox 775 1849 962 1908; x_wconf 84' lang='lat' dir='ltr'>Athenarum</span> <span class='ocrx_word' id='word_1_168' title='bbox 985 1850 1016 1908; x_wconf 90' lang='grc'>11</span> <span class='ocrx_word' id='word_1_169' title='bbox 1038 1849 1136 1927; x_wconf 86' lang='lat' dir='ltr'>gentis</span> <span class='ocrx_word' id='word_1_170' title='bbox 1154 1849 1343 1908; x_wconf 87' lang='lat' dir='ltr'>Alcmaeoni-</span> 
     </span>
     <span class='ocr_line' id='line_1_18' title="bbox 67 1930 1345 2019; baseline 0.004 -27"><span class='ocrx_word' id='word_1_171' title='bbox 67 1937 170 1996; x_wconf 89' lang='lat' dir='ltr'>darum</span> <span class='ocrx_word' id='word_1_172' title='bbox 199 1930 329 2019; x_wconf 90' lang='lat'>(1—10).</span> <span class='ocrx_word' id='word_1_173' title='bbox 374 1937 488 1996; x_wconf 89' lang='lat' dir='ltr'>Deinde</span> <span class='ocrx_word' id='word_1_174' title='bbox 517 1938 621 1997; x_wconf 91' lang='lat' dir='ltr'>aedem</span> <span class='ocrx_word' id='word_1_175' title='bbox 648 1938 798 2014; x_wconf 87' lang='lat' dir='ltr'>Apollinis</span> <span class='ocrx_word' id='word_1_176' title='bbox 826 1938 948 1998; x_wconf 91' lang='lat' dir='ltr'>abillis</span> <span class='ocrx_word' id='word_1_177' title='bbox 975 1937 1200 1998; x_wconf 84' lang='lat' dir='ltr'>exaedificatam</span> <span class='ocrx_word' id='word_1_178' title='bbox 1228 1941 1258 1998; x_wconf 89' lang='lat' dir='ltr'>et</span> <span class='ocrx_word' id='word_1_179' title='bbox 1285 1938 1345 1997; x_wconf 89' lang='lat' dir='ltr'>vic-</span> 
     </span>
     <span class='ocr_line' id='line_1_19' title="bbox 68 2027 1346 2104; baseline 0.004 -23"><span class='ocrx_word' id='word_1_180' title='bbox 68 2027 157 2084; x_wconf 85' lang='lat' dir='ltr'>torias</span> <span class='ocrx_word' id='word_1_181' title='bbox 188 2028 361 2103; x_wconf 87' lang='lat' dir='ltr'>praeclaras</span> <span class='ocrx_word' id='word_1_182' title='bbox 390 2047 409 2086; x_wconf 87' lang='lat' dir='ltr'>a</span> <span class='ocrx_word' id='word_1_183' title='bbox 438 2027 571 2104; x_wconf 86' lang='lat' dir='ltr'>Megacle</span> <span class='ocrx_word' id='word_1_184' title='bbox 606 2028 729 2103; x_wconf 90' lang='lat' dir='ltr'>eiusque</span> <span class='ocrx_word' id='word_1_185' title='bbox 762 2027 926 2086; x_wconf 89' lang='lat' dir='ltr'>maioribus</span> <span class='ocrx_word' id='word_1_186' title='bbox 956 2031 1124 2104; x_wconf 86' lang='lat' dir='ltr'>reportatas</span> <span class='ocrx_word' id='word_1_187' title='bbox 1155 2046 1217 2086; x_wconf 92' lang='lat' dir='ltr'>esse</span> <span class='ocrx_word' id='word_1_188' title='bbox 1253 2027 1346 2087; x_wconf 86' lang='lat' dir='ltr'>refert</span> 
     </span>
     <span class='ocr_line' id='line_1_20' title="bbox 68 2116 1345 2198; baseline 0.004 -27"><span class='ocrx_word' id='word_1_189' title='bbox 68 2117 210 2198; x_wconf 66' lang='lat' dir='ltr'>lit-18).</span> <span class='ocrx_word' id='word_1_190' title='bbox 247 2117 385 2193; x_wconf 90' lang='lat' dir='ltr'>Denique</span> <span class='ocrx_word' id='word_1_191' title='bbox 404 2117 435 2173; x_wconf 91' lang='lat' dir='ltr'>in</span> <span class='ocrx_word' id='word_1_192' title='bbox 454 2116 572 2194; x_wconf 84' lang='lat' dir='ltr'>epilogo</span> <span class='ocrx_word' id='word_1_193' title='bbox 592 2137 687 2175; x_wconf 91' lang='lat' dir='ltr'>unum</span> <span class='ocrx_word' id='word_1_194' title='bbox 709 2117 785 2174; x_wconf 93' lang='lat' dir='ltr'>illud</span> <span class='ocrx_word' id='word_1_195' title='bbox 808 2117 1011 2195; x_wconf 88' lang='lat' dir='ltr'>conqueritur,</span> <span class='ocrx_word' id='word_1_196' title='bbox 1035 2117 1116 2194; x_wconf 90' lang='lat' dir='ltr'>quod</span> <span class='ocrx_word' id='word_1_197' title='bbox 1140 2117 1176 2176; x_wconf 91' lang='lat' dir='ltr'>ob</span> <span class='ocrx_word' id='word_1_198' title='bbox 1200 2116 1345 2176; x_wconf 89' lang='lat' dir='ltr'>invidiam</span> 
     </span>
     <span class='ocr_line' id='line_1_21' title="bbox 70 2205 1344 2284; baseline 0.004 -23"><span class='ocrx_word' id='word_1_199' title='bbox 70 2205 179 2264; x_wconf 74' lang='lat' dir='ltr'>civium</span> <span class='ocrx_word' id='word_1_200' title='bbox 206 2205 326 2284; x_wconf 82' lang='lat' dir='ltr'>integra</span> <span class='ocrx_word' id='word_1_201' title='bbox 353 2225 388 2264; x_wconf 86' lang='lat' dir='ltr'>ac</span> <span class='ocrx_word' id='word_1_202' title='bbox 415 2206 505 2282; x_wconf 89' lang='lat' dir='ltr'>plena</span> <span class='ocrx_word' id='word_1_203' title='bbox 532 2206 661 2265; x_wconf 87' lang='lat' dir='ltr'>felicitas</span> <span class='ocrx_word' id='word_1_204' title='bbox 689 2205 860 2266; x_wconf 90' lang='lat' dir='ltr'>hominibus</span> <span class='ocrx_word' id='word_1_205' title='bbox 888 2227 947 2267; x_wconf 92' lang='lat' dir='ltr'>non</span> <span class='ocrx_word' id='word_1_206' title='bbox 971 2226 1109 2266; x_wconf 87' lang='lat' dir='ltr'>concessa</span> <span class='ocrx_word' id='word_1_207' title='bbox 1132 2206 1184 2284; x_wconf 89' lang='lat' dir='ltr'>sit,</span> <span class='ocrx_word' id='word_1_208' title='bbox 1213 2211 1243 2265; x_wconf 92' lang='lat' dir='ltr'>et</span> <span class='ocrx_word' id='word_1_209' title='bbox 1265 2225 1344 2266; x_wconf 91' lang='lat' dir='ltr'>nunc</span> 
     </span>
     <span class='ocr_line' id='line_1_22' title="bbox 69 2287 1248 2378; baseline 0.006 -30"><span class='ocrx_word' id='word_1_210' title='bbox 69 2313 186 2371; x_wconf 84' lang='lat' dir='ltr'>quoque</span> <span class='ocrx_word' id='word_1_211' title='bbox 210 2296 289 2354; x_wconf 91' lang='lat' dir='ltr'>bono</span> <span class='ocrx_word' id='word_1_212' title='bbox 314 2287 488 2376; x_wconf 87' lang='lat' dir='ltr'>(victoriae)</span> <span class='ocrx_word' id='word_1_213' title='bbox 511 2296 625 2354; x_wconf 89' lang='lat' dir='ltr'>malum</span> <span class='ocrx_word' id='word_1_214' title='bbox 648 2287 799 2378; x_wconf 81' lang='lat' dir='ltr'>(exilium)</span> <span class='ocrx_word' id='word_1_215' title='bbox 823 2297 1018 2356; x_wconf 84' lang='lat' dir='ltr'>commixtum</span> <span class='ocrx_word' id='word_1_216' title='bbox 1041 2297 1081 2356; x_wconf 90' lang='lat' dir='ltr'>sit</span> <span class='ocrx_word' id='word_1_217' title='bbox 1104 2287 1248 2377; x_wconf 72' lang='lat' dir='ltr'>(lt-22).</span> 
     </span>
    </p>

    <p class='ocr_par' dir='ltr' id='par_1_4' title="bbox 69 2383 1343 3534">
     <span class='ocr_line' id='line_1_23' title="bbox 152 2383 1343 2462; baseline -0.001 -19"><span class='ocrx_word' id='word_1_218' title='bbox 152 2383 357 2460; x_wconf 86' lang='lat' dir='ltr'>Optimatium</span> <span class='ocrx_word' id='word_1_219' title='bbox 387 2384 546 2460; x_wconf 89' lang='lat' dir='ltr'>imperium</span> <span class='ocrx_word' id='word_1_220' title='bbox 576 2405 644 2444; x_wconf 92' lang='lat' dir='ltr'>cum</span> <span class='ocrx_word' id='word_1_221' title='bbox 667 2385 794 2444; x_wconf 91' lang='lat' dir='ltr'>Athenis</span> <span class='ocrx_word' id='word_1_222' title='bbox 823 2389 940 2444; x_wconf 88' lang='lat' dir='ltr'>mature</span> <span class='ocrx_word' id='word_1_223' title='bbox 968 2386 1000 2444; x_wconf 94' lang='lat' dir='ltr'>in</span> <span class='ocrx_word' id='word_1_224' title='bbox 1027 2387 1172 2462; x_wconf 88' lang='lat' dir='ltr'>populare</span> <span class='ocrx_word' id='word_1_225' title='bbox 1196 2385 1343 2462; x_wconf 89' lang='lat' dir='ltr'>vertisset,</span> 
     </span>
     <span class='ocr_line' id='line_1_24' title="bbox 69 2472 1343 2553; baseline 0.005 -25"><span class='ocrx_word' id='word_1_226' title='bbox 69 2472 142 2530; x_wconf 90' lang='lat' dir='ltr'>cives</span> <span class='ocrx_word' id='word_1_227' title='bbox 169 2474 268 2532; x_wconf 85' lang='lat' dir='ltr'>Attici</span> <span class='ocrx_word' id='word_1_228' title='bbox 302 2474 386 2532; x_wconf 89' lang='lat' dir='ltr'>laudi</span> <span class='ocrx_word' id='word_1_229' title='bbox 417 2493 518 2532; x_wconf 89' lang='lat' dir='ltr'>rerum</span> <span class='ocrx_word' id='word_1_230' title='bbox 549 2476 669 2534; x_wconf 90' lang='lat' dir='ltr'>strenue</span> <span class='ocrx_word' id='word_1_231' title='bbox 695 2478 850 2553; x_wconf 86' lang='lat' dir='ltr'>gestarum</span> <span class='ocrx_word' id='word_1_232' title='bbox 878 2475 974 2553; x_wconf 81' lang='lat' dir='ltr'>magis</span> <span class='ocrx_word' id='word_1_233' title='bbox 1002 2494 1094 2552; x_wconf 87' lang='lat' dir='ltr'>quam</span> <span class='ocrx_word' id='word_1_234' title='bbox 1121 2475 1260 2534; x_wconf 86' lang='lat' dir='ltr'>ludorum</span> <span class='ocrx_word' id='word_1_235' title='bbox 1283 2475 1343 2534; x_wconf 86' lang='lat' dir='ltr'>vic·</span> 
     </span>
     <span class='ocr_line' id='line_1_25' title="bbox 70 2562 1343 2641; baseline 0.002 -21"><span class='ocrx_word' id='word_1_236' title='bbox 70 2563 149 2620; x_wconf 89' lang='lat' dir='ltr'>toriis</span> <span class='ocrx_word' id='word_1_237' title='bbox 172 2564 293 2623; x_wconf 89' lang='lat' dir='ltr'>studere</span> <span class='ocrx_word' id='word_1_238' title='bbox 316 2567 485 2640; x_wconf 86' lang='lat' dir='ltr'>coeperunt,</span> <span class='ocrx_word' id='word_1_239' title='bbox 508 2562 587 2621; x_wconf 84' lang='lat' dir='ltr'>unde</span> <span class='ocrx_word' id='word_1_240' title='bbox 605 2564 735 2623; x_wconf 91' lang='lat' dir='ltr'>Pericles</span> <span class='ocrx_word' id='word_1_241' title='bbox 753 2564 841 2623; x_wconf 91' lang='lat' dir='ltr'>rebus</span> <span class='ocrx_word' id='word_1_242' title='bbox 861 2563 983 2623; x_wconf 88' lang='lat' dir='ltr'>musicis</span> <span class='ocrx_word' id='word_1_243' title='bbox 1001 2565 1104 2640; x_wconf 86' lang='lat' dir='ltr'>potius</span> <span class='ocrx_word' id='word_1_244' title='bbox 1123 2583 1214 2641; x_wconf 88' lang='lat' dir='ltr'>quam</span> <span class='ocrx_word' id='word_1_245' title='bbox 1233 2564 1343 2640; x_wconf 87' lang='lat' dir='ltr'>ignava</span> 
     </span>
     <span class='ocr_line' id='line_1_26' title="bbox 70 2645 1342 2734; baseline 0.005 -28"><span class='ocrx_word' id='word_1_246' title='bbox 70 2656 98 2706; x_wconf 89' lang='lat' dir='ltr'>et</span> <span class='ocrx_word' id='word_1_247' title='bbox 117 2653 187 2710; x_wconf 88' lang='lat' dir='ltr'>rudi</span> <span class='ocrx_word' id='word_1_248' title='bbox 210 2654 363 2728; x_wconf 88' lang='lat' dir='ltr'>palaestra</span> <span class='ocrx_word' id='word_1_249' title='bbox 385 2652 503 2728; x_wconf 88' lang='lat' dir='ltr'>plebem</span> <span class='ocrx_word' id='word_1_250' title='bbox 526 2652 731 2712; x_wconf 77' lang='lat' dir='ltr'>delectandum</span> <span class='ocrx_word' id='word_1_251' title='bbox 761 2655 792 2712; x_wconf 92' lang='lat' dir='ltr'>et</span> <span class='ocrx_word' id='word_1_252' title='bbox 819 2653 1003 2712; x_wconf 89' lang='lat' dir='ltr'>educandam</span> <span class='ocrx_word' id='word_1_253' title='bbox 1031 2653 1149 2713; x_wconf 87' lang='lat' dir='ltr'>censuit</span> <span class='ocrx_word' id='word_1_254' title='bbox 1171 2645 1267 2734; x_wconf 83' lang='lat' dir='ltr'>(Plut</span> <span class='ocrx_word' id='word_1_255' title='bbox 1290 2655 1342 2712; x_wconf 90' lang='lat' dir='ltr'>vit.</span> 
     </span>
     <span class='ocr_line' id='line_1_27' title="bbox 72 2735 1343 2823; baseline 0.003 -28"><span class='ocrx_word' id='word_1_256' title='bbox 72 2739 170 2800; x_wconf 87' lang='lat' dir='ltr'>Periol.</span> <span class='ocrx_word' id='word_1_257' title='bbox 191 2754 239 2818; x_wconf 83' lang='lat'>113</span> <span class='ocrx_word' id='word_1_258' title='bbox 262 2744 300 2801; x_wconf 84' lang='lat' dir='ltr'>cf.</span> <span class='ocrx_word' id='word_1_259' title='bbox 319 2742 423 2818; x_wconf 84' lang='lat' dir='ltr'>Eurip.</span> <span class='ocrx_word' id='word_1_260' title='bbox 443 2743 478 2799; x_wconf 91' lang='lat' dir='ltr'>fr.</span> <span class='ocrx_word' id='word_1_261' title='bbox 498 2735 573 2823; x_wconf 77' lang='lat'>282).</span> <span class='ocrx_word' id='word_1_262' title='bbox 619 2742 691 2801; x_wconf 91' lang='lat' dir='ltr'>Inde</span> <span class='ocrx_word' id='word_1_263' title='bbox 721 2742 955 2808; x_wconf 84' lang='lat' dir='ltr'>Atheniensibus</span> <span class='ocrx_word' id='word_1_264' title='bbox 984 2742 1132 2801; x_wconf 89' lang='lat' dir='ltr'>Pindarus</span> <span class='ocrx_word' id='word_1_265' title='bbox 1162 2762 1216 2802; x_wconf 87' lang='lat' dir='ltr'>neo</span> <span class='ocrx_word' id='word_1_266' title='bbox 1245 2743 1343 2800; x_wconf 89' lang='lat' dir='ltr'>multa</span> 
     </span>
     <span class='ocr_line' id='line_1_28' title="bbox 71 2831 1341 2911; baseline 0.006 -27"><span class='ocrx_word' id='word_1_267' title='bbox 71 2848 118 2886; x_wconf 85' lang='lat' dir='ltr'>nee</span> <span class='ocrx_word' id='word_1_268' title='bbox 136 2831 228 2909; x_wconf 82' lang='lat' dir='ltr'>longa</span> <span class='ocrx_word' id='word_1_269' title='bbox 246 2832 375 2908; x_wconf 87' lang='lat' dir='ltr'>epinicia</span> <span class='ocrx_word' id='word_1_270' title='bbox 394 2831 474 2890; x_wconf 87' lang='lat' dir='ltr'>fecit.</span> <span class='ocrx_word' id='word_1_271' title='bbox 502 2831 602 2901; x_wconf 79' lang='lat' dir='ltr'>Quid?</span> <span class='ocrx_word' id='word_1_272' title='bbox 620 2831 701 2908; x_wconf 89' lang='lat' dir='ltr'>quod</span> <span class='ocrx_word' id='word_1_273' title='bbox 720 2851 755 2888; x_wconf 86' lang='grc'>11</span> <span class='ocrx_word' id='word_1_274' title='bbox 774 2831 897 2911; x_wconf 87' lang='lat' dir='ltr'>duobus,</span> <span class='ocrx_word' id='word_1_275' title='bbox 917 2851 993 2908; x_wconf 90' lang='lat' dir='ltr'>quae</span> <span class='ocrx_word' id='word_1_276' title='bbox 1012 2831 1244 2891; x_wconf 88' lang='lat' dir='ltr'>Atheniensibus</span> <span class='ocrx_word' id='word_1_277' title='bbox 1264 2852 1341 2891; x_wconf 87' lang='lat' dir='ltr'>com-</span> 
     </span>
     <span class='ocr_line' id='line_1_29' title="bbox 72 2920 1342 3000; baseline 0.006 -26"><span class='ocrx_word' id='word_1_278' title='bbox 72 2920 177 2997; x_wconf 86' lang='lat' dir='ltr'>posuit,</span> <span class='ocrx_word' id='word_1_279' title='bbox 206 2921 356 2999; x_wconf 88' lang='lat' dir='ltr'>epiniciis,</span> <span class='ocrx_word' id='word_1_280' title='bbox 384 2921 416 2979; x_wconf 93' lang='lat' dir='ltr'>P.</span> <span class='ocrx_word' id='word_1_281' title='bbox 436 2939 480 2980; x_wconf 86' lang='lat' dir='ltr'>vn</span> <span class='ocrx_word' id='word_1_282' title='bbox 503 2924 533 2979; x_wconf 89' lang='lat' dir='ltr'>et</span> <span class='ocrx_word' id='word_1_283' title='bbox 555 2921 593 2979; x_wconf 87' lang='lat' dir='ltr'>N.</span> <span class='ocrx_word' id='word_1_284' title='bbox 612 2940 648 2999; x_wconf 89' lang='lat'>11,</span> <span class='ocrx_word' id='word_1_285' title='bbox 675 2921 759 2997; x_wconf 92' lang='lat' dir='ltr'>prius</span> <span class='ocrx_word' id='word_1_286' title='bbox 787 2923 866 2980; x_wconf 88' lang='grc'>11111</span> <span class='ocrx_word' id='word_1_287' title='bbox 895 2942 953 2981; x_wconf 90' lang='grc' dir='ltr'>1ο1</span> <span class='ocrx_word' id='word_1_288' title='bbox 977 2921 1116 3000; x_wconf 88' lang='lat' dir='ltr'>Athenis,</span> <span class='ocrx_word' id='word_1_289' title='bbox 1144 2922 1195 2981; x_wconf 89' lang='lat' dir='ltr'>sed</span> <span class='ocrx_word' id='word_1_290' title='bbox 1217 2921 1342 2998; x_wconf 88' lang='lat' dir='ltr'>Delphis</span> 
     </span>
     <span class='ocr_line' id='line_1_30' title="bbox 72 3010 1341 3086; baseline 0.006 -25"><span class='ocrx_word' id='word_1_291' title='bbox 72 3013 220 3068; x_wconf 84' lang='grc'>1111111111</span> <span class='ocrx_word' id='word_1_292' title='bbox 238 3013 291 3070; x_wconf 80' lang='lat' dir='ltr'>eat</span> <span class='ocrx_word' id='word_1_293' title='bbox 322 3010 406 3068; x_wconf 89' lang='lat' dir='ltr'>Idem</span> <span class='ocrx_word' id='word_1_294' title='bbox 424 3013 526 3069; x_wconf 89' lang='lat' dir='ltr'>autem</span> <span class='ocrx_word' id='word_1_295' title='bbox 545 3010 769 3070; x_wconf 91' lang='lat' dir='ltr'>celeberrimum</span> <span class='ocrx_word' id='word_1_296' title='bbox 787 3010 1011 3086; x_wconf 82' lang='lat' dir='ltr'>dithyrambum</span> <span class='ocrx_word' id='word_1_297' title='bbox 1030 3011 1148 3071; x_wconf 84' lang='lat' dir='ltr'>civitati</span> <span class='ocrx_word' id='word_1_298' title='bbox 1166 3011 1341 3070; x_wconf 88' lang='lat' dir='ltr'>Atheniensi</span> 
     </span>
     <span class='ocr_line' id='line_1_31' title="bbox 72 3091 1341 3180; baseline 0.004 -27"><span class='ocrx_word' id='word_1_299' title='bbox 72 3097 181 3172; x_wconf 83' lang='lat' dir='ltr'>scripsit</span> <span class='ocrx_word' id='word_1_300' title='bbox 209 3091 322 3178; x_wconf 80' lang='grc'>(11.11.</span> <span class='ocrx_word' id='word_1_301' title='bbox 348 3110 389 3157; x_wconf 77' lang='grc'>76.</span> <span class='ocrx_word' id='word_1_302' title='bbox 414 3092 475 3180; x_wconf 79' lang='grc'>11),</span> <span class='ocrx_word' id='word_1_303' title='bbox 506 3103 691 3175; x_wconf 89' lang='lat' dir='ltr'>quapropter</span> <span class='ocrx_word' id='word_1_304' title='bbox 713 3119 731 3157; x_wconf 89' lang='lat' dir='ltr'>a</span> <span class='ocrx_word' id='word_1_305' title='bbox 754 3100 816 3159; x_wconf 90' lang='lat' dir='ltr'>suis</span> <span class='ocrx_word' id='word_1_306' title='bbox 843 3100 958 3159; x_wconf 85' lang='lat' dir='ltr'>civibus</span> <span class='ocrx_word' id='word_1_307' title='bbox 985 3102 1099 3160; x_wconf 87' lang='lat' dir='ltr'>mulcta</span> <span class='ocrx_word' id='word_1_308' title='bbox 1127 3101 1209 3160; x_wconf 90' lang='lat' dir='ltr'>mille</span> <span class='ocrx_word' id='word_1_309' title='bbox 1237 3100 1341 3160; x_wconf 89' lang='lat' dir='ltr'>drach·</span> 
     </span>
     <span class='ocr_line' id='line_1_32' title="bbox 72 3188 1341 3266; baseline 0.004 -23"><span class='ocrx_word' id='word_1_310' title='bbox 72 3203 181 3246; x_wconf 88' lang='lat' dir='ltr'>marum</span> <span class='ocrx_word' id='word_1_311' title='bbox 210 3189 349 3266; x_wconf 90' lang='lat' dir='ltr'>punitus,</span> <span class='ocrx_word' id='word_1_312' title='bbox 380 3188 417 3247; x_wconf 89' lang='lat' dir='ltr'>ab</span> <span class='ocrx_word' id='word_1_313' title='bbox 441 3188 674 3248; x_wconf 87' lang='lat' dir='ltr'>Atheniensibus</span> <span class='ocrx_word' id='word_1_314' title='bbox 704 3189 795 3265; x_wconf 89' lang='lat' dir='ltr'>duplo</span> <span class='ocrx_word' id='word_1_315' title='bbox 826 3189 968 3250; x_wconf 90' lang='lat' dir='ltr'>maiorem</span> <span class='ocrx_word' id='word_1_316' title='bbox 999 3191 1164 3249; x_wconf 89' lang='lat' dir='ltr'>mercedem</span> <span class='ocrx_word' id='word_1_317' title='bbox 1194 3190 1341 3266; x_wconf 88' lang='lat' dir='ltr'>accepisse</span> 
     </span>
     <span class='ocr_line' id='line_1_33' title="bbox 74 3274 1341 3357; baseline 0.006 -26"><span class='ocrx_word' id='word_1_318' title='bbox 74 3274 167 3334; x_wconf 80' lang='lat' dir='ltr'>fertur.</span> <span class='ocrx_word' id='word_1_319' title='bbox 211 3278 350 3354; x_wconf 91' lang='lat' dir='ltr'>Denique</span> <span class='ocrx_word' id='word_1_320' title='bbox 378 3297 447 3336; x_wconf 92' lang='lat' dir='ltr'>eum</span> <span class='ocrx_word' id='word_1_321' title='bbox 474 3297 528 3354; x_wconf 92' lang='lat' dir='ltr'>pro</span> <span class='ocrx_word' id='word_1_322' title='bbox 556 3279 753 3355; x_wconf 86' lang='lat' dir='ltr'>Hippocrate,</span> <span class='ocrx_word' id='word_1_323' title='bbox 780 3282 865 3354; x_wconf 88' lang='lat' dir='ltr'>patre</span> <span class='ocrx_word' id='word_1_324' title='bbox 893 3280 988 3338; x_wconf 88' lang='lat' dir='ltr'>nostri</span> <span class='ocrx_word' id='word_1_325' title='bbox 1014 3280 1170 3357; x_wconf 75' lang='lat' dir='ltr'>MegaeliS,</span> <span class='ocrx_word' id='word_1_326' title='bbox 1201 3281 1341 3338; x_wconf 88' lang='lat' dir='ltr'>threnum</span> 
     </span>
     <span class='ocr_line' id='line_1_34' title="bbox 74 3366 1340 3446; baseline 0.004 -25"><span class='ocrx_word' id='word_1_327' title='bbox 74 3367 263 3441; x_wconf 80' lang='lat' dir='ltr'>composuisse</span> <span class='ocrx_word' id='word_1_328' title='bbox 288 3367 449 3426; x_wconf 85' lang='lat' dir='ltr'>scholiasta</span> <span class='ocrx_word' id='word_1_329' title='bbox 472 3366 511 3425; x_wconf 90' lang='lat' dir='ltr'>ad</span> <span class='ocrx_word' id='word_1_330' title='bbox 534 3368 566 3426; x_wconf 92' lang='lat' dir='ltr'>P.</span> <span class='ocrx_word' id='word_1_331' title='bbox 585 3386 629 3426; x_wconf 88' lang='lat' dir='ltr'>vn</span> <span class='ocrx_word' id='word_1_332' title='bbox 648 3378 681 3426; x_wconf 80' lang='grc'>11</span> <span class='ocrx_word' id='word_1_333' title='bbox 705 3369 865 3426; x_wconf 88' lang='lat' dir='ltr'>memoriae</span> <span class='ocrx_word' id='word_1_334' title='bbox 888 3369 996 3446; x_wconf 87' lang='lat' dir='ltr'>prodit,</span> <span class='ocrx_word' id='word_1_335' title='bbox 1018 3369 1104 3428; x_wconf 87' lang='lat' dir='ltr'>cuius</span> <span class='ocrx_word' id='word_1_336' title='bbox 1123 3373 1222 3428; x_wconf 85' lang='lat' dir='ltr'>tamen</span> <span class='ocrx_word' id='word_1_337' title='bbox 1242 3369 1340 3428; x_wconf 91' lang='lat' dir='ltr'>threni</span> 
     </span>
     <span class='ocr_line' id='line_1_35' title="bbox 73 3454 572 3534; baseline 0.02 -27"><span class='ocrx_word' id='word_1_338' title='bbox 73 3454 148 3514; x_wconf 90' lang='lat' dir='ltr'>nulla</span> <span class='ocrx_word' id='word_1_339' title='bbox 169 3457 231 3515; x_wconf 89' lang='lat' dir='ltr'>iam</span> <span class='ocrx_word' id='word_1_340' title='bbox 253 3459 373 3515; x_wconf 84' lang='lat' dir='ltr'>exstant</span> <span class='ocrx_word' id='word_1_341' title='bbox 395 3457 572 3534; x_wconf 83' lang='lat' dir='ltr'>fragmenta.</span> 
     </span>
    </p>
   </div>
   <div class='ocr_carea' id='block_1_3' title="bbox 607 3612 797 3678">
    <p class='ocr_par' dir='ltr' id='par_1_5' title="bbox 607 3612 797 3678">
     <span class='ocr_line' id='line_1_36' title="bbox 607 3612 797 3678; baseline 0.011 -3"><span class='ocrx_word' id='word_1_342' title='bbox 607 3612 652 3676; x_wconf 88' lang='lat' dir='ltr'>De</span> <span class='ocrx_word' id='word_1_343' title='bbox 674 3612 797 3678; x_wconf 81' lang='lat' dir='ltr'>metris.</span> 
     </span>
    </p>
   </div>
   <div class='ocr_carea' id='block_1_4' title="bbox 76 3723 1340 3892">
    <p class='ocr_par' dir='ltr' id='par_1_6' title="bbox 76 3723 1340 3892">
     <span class='ocr_line' id='line_1_37' title="bbox 151 3723 1340 3803; baseline 0.006 -23"><span class='ocrx_word' id='word_1_344' title='bbox 151 3724 246 3783; x_wconf 79' lang='lat' dir='ltr'>lletra</span> <span class='ocrx_word' id='word_1_345' title='bbox 273 3723 365 3783; x_wconf 92' lang='lat' dir='ltr'>huius</span> <span class='ocrx_word' id='word_1_346' title='bbox 392 3723 532 3782; x_wconf 89' lang='lat' dir='ltr'>carminis</span> <span class='ocrx_word' id='word_1_347' title='bbox 560 3727 631 3782; x_wconf 92' lang='lat' dir='ltr'>sunt</span> <span class='ocrx_word' id='word_1_348' title='bbox 661 3725 846 3803; x_wconf 83' lang='lat' dir='ltr'>logaoedica‚</span> <span class='ocrx_word' id='word_1_349' title='bbox 877 3726 999 3785; x_wconf 85' lang='lat' dir='ltr'>insolita</span> <span class='ocrx_word' id='word_1_350' title='bbox 1030 3727 1176 3787; x_wconf 89' lang='lat' dir='ltr'>brevitate</span> <span class='ocrx_word' id='word_1_351' title='bbox 1200 3745 1340 3788; x_wconf 84' lang='lat' dir='ltr'>versuum</span> 
     </span>
     <span class='ocr_line' id='line_1_38' title="bbox 76 3812 1340 3892; baseline 0.008 -26"><span class='ocrx_word' id='word_1_352' title='bbox 76 3813 277 3872; x_wconf 89' lang='lat' dir='ltr'>memorabilia.</span> <span class='ocrx_word' id='word_1_353' title='bbox 319 3813 354 3870; x_wconf 92' lang='lat' dir='ltr'>ln</span> <span class='ocrx_word' id='word_1_354' title='bbox 377 3812 511 3872; x_wconf 90' lang='lat' dir='ltr'>versibus</span> <span class='ocrx_word' id='word_1_355' title='bbox 534 3814 701 3873; x_wconf 89' lang='lat' dir='ltr'>dividendis</span> <span class='ocrx_word' id='word_1_356' title='bbox 724 3834 793 3873; x_wconf 88' lang='lat' dir='ltr'>cum</span> <span class='ocrx_word' id='word_1_357' title='bbox 816 3835 852 3872; x_wconf 84' lang='lat' dir='ltr'>ex</span> <span class='ocrx_word' id='word_1_358' title='bbox 874 3815 939 3891; x_wconf 89' lang='lat' dir='ltr'>ipso</span> <span class='ocrx_word' id='word_1_359' title='bbox 963 3816 1093 3875; x_wconf 85' lang='lat' dir='ltr'>carmine</span> <span class='ocrx_word' id='word_1_360' title='bbox 1116 3819 1240 3892; x_wconf 88' lang='lat' dir='ltr'>propter</span> <span class='ocrx_word' id='word_1_361' title='bbox 1262 3817 1340 3876; x_wconf 88' lang='lat' dir='ltr'>inso-</span> 
     </span>
    </p>
   </div>
   <div class='ocr_carea' id='block_1_5' title="bbox 76 3897 1453 3982">
    <p class='ocr_par' dir='ltr' id='par_1_7' title="bbox 76 3897 1453 3982">
     <span class='ocr_line' id='line_1_39' title="bbox 76 3897 1453 3982; baseline 0.01 -30"><span class='ocrx_word' id='word_1_362' title='bbox 76 3897 185 3961; x_wconf 86' lang='lat' dir='ltr'>lentiam</span> <span class='ocrx_word' id='word_1_363' title='bbox 211 3905 376 3962; x_wconf 91' lang='lat' dir='ltr'>metrorum</span> <span class='ocrx_word' id='word_1_364' title='bbox 403 3905 434 3960; x_wconf 93' lang='lat' dir='ltr'>et</span> <span class='ocrx_word' id='word_1_365' title='bbox 462 3903 604 3980; x_wconf 81' lang='lat' dir='ltr'>exiguum</span> <span class='ocrx_word' id='word_1_366' title='bbox 630 3923 787 3963; x_wconf 91' lang='lat' dir='ltr'>numerum</span> <span class='ocrx_word' id='word_1_367' title='bbox 816 3905 1006 3980; x_wconf 89' lang='lat' dir='ltr'>stropharum</span> <span class='ocrx_word' id='word_1_368' title='bbox 1034 3909 1115 3964; x_wconf 90' lang='lat' dir='ltr'>certa</span> <span class='ocrx_word' id='word_1_369' title='bbox 1144 3906 1254 3964; x_wconf 89' lang='lat' dir='ltr'>indicia</span> <span class='ocrx_word' id='word_1_370' title='bbox 1277 3907 1337 3982; x_wconf 88' lang='lat' dir='ltr'>pet&#39;</span> <span class='ocrx_word' id='word_1_371' title='bbox 1439 3912 1453 3932; x_wconf 75' lang='grc'><em>“</em></span> 
     </span>
    </p>
   </div>
   <div class='ocr_carea' id='block_1_6' title="bbox 76 3993 1338 4770">
    <p class='ocr_par' dir='ltr' id='par_1_8' title="bbox 76 3993 1338 4770">
     <span class='ocr_line' id='line_1_40' title="bbox 76 3993 1338 4071; baseline 0.008 -27"><span class='ocrx_word' id='word_1_372' title='bbox 76 3995 220 4071; x_wconf 86' lang='lat' dir='ltr'>nequeant,</span> <span class='ocrx_word' id='word_1_373' title='bbox 243 3993 354 4051; x_wconf 88' lang='lat' dir='ltr'>veteris</span> <span class='ocrx_word' id='word_1_374' title='bbox 377 3993 567 4051; x_wconf 89' lang='lat' dir='ltr'>colometriae</span> <span class='ocrx_word' id='word_1_375' title='bbox 591 3993 727 4071; x_wconf 83' lang='lat' dir='ltr'>vestigiis</span> <span class='ocrx_word' id='word_1_376' title='bbox 749 3994 798 4052; x_wconf 92' lang='grc'>1111</span> <span class='ocrx_word' id='word_1_377' title='bbox 821 3994 918 4071; x_wconf 86' lang='lat' dir='ltr'>magis</span> <span class='ocrx_word' id='word_1_378' title='bbox 937 4013 1029 4071; x_wconf 92' lang='lat' dir='ltr'>quam</span> <span class='ocrx_word' id='word_1_379' title='bbox 1047 3995 1123 4052; x_wconf 89' lang='lat' dir='ltr'>alias</span> <span class='ocrx_word' id='word_1_380' title='bbox 1142 3995 1338 4055; x_wconf 91' lang='lat' dir='ltr'>insistendum</span> 
     </span>
     <span class='ocr_line' id='line_1_41' title="bbox 77 4081 1338 4160; baseline 0.01 -28"><span class='ocrx_word' id='word_1_381' title='bbox 77 4094 128 4135; x_wconf 82' lang='lat' dir='ltr'>esse</span> <span class='ocrx_word' id='word_1_382' title='bbox 153 4081 266 4156; x_wconf 91' lang='lat' dir='ltr'>putavi.</span> <span class='ocrx_word' id='word_1_383' title='bbox 313 4082 396 4142; x_wconf 91' lang='lat' dir='ltr'>Adeo</span> <span class='ocrx_word' id='word_1_384' title='bbox 423 4101 494 4140; x_wconf 92' lang='lat' dir='ltr'>vero</span> <span class='ocrx_word' id='word_1_385' title='bbox 522 4081 552 4139; x_wconf 90' lang='lat' dir='ltr'>in</span> <span class='ocrx_word' id='word_1_386' title='bbox 582 4082 637 4141; x_wconf 91' lang='lat' dir='ltr'>hoc</span> <span class='ocrx_word' id='word_1_387' title='bbox 660 4083 790 4141; x_wconf 87' lang='lat' dir='ltr'>carmine</span> <span class='ocrx_word' id='word_1_388' title='bbox 814 4083 852 4141; x_wconf 93' lang='lat' dir='ltr'>ad</span> <span class='ocrx_word' id='word_1_389' title='bbox 875 4103 1067 4143; x_wconf 89' lang='lat' dir='ltr'>numerorum</span> <span class='ocrx_word' id='word_1_390' title='bbox 1091 4085 1338 4160; x_wconf 89' lang='lat' dir='ltr'>aequabilitatem</span> 
     </span>
     <span class='ocr_line' id='line_1_42' title="bbox 76 4170 1337 4251; baseline 0.01 -27"><span class='ocrx_word' id='word_1_391' title='bbox 76 4171 224 4230; x_wconf 71' lang='lat' dir='ltr'>revocando</span> <span class='ocrx_word' id='word_1_392' title='bbox 252 4170 327 4228; x_wconf 92' lang='lat' dir='ltr'>mihi</span> <span class='ocrx_word' id='word_1_393' title='bbox 350 4171 413 4246; x_wconf 90' lang='lat' dir='ltr'>ipse</span> <span class='ocrx_word' id='word_1_394' title='bbox 437 4170 553 4228; x_wconf 79' lang='lat' dir='ltr'>diffisus</span> <span class='ocrx_word' id='word_1_395' title='bbox 576 4190 655 4249; x_wconf 90' lang='lat' dir='ltr'>sum,</span> <span class='ocrx_word' id='word_1_396' title='bbox 682 4175 719 4229; x_wconf 88' lang='lat' dir='ltr'>ut</span> <span class='ocrx_word' id='word_1_397' title='bbox 743 4172 864 4248; x_wconf 87' lang='lat' dir='ltr'>punctis</span> <span class='ocrx_word' id='word_1_398' title='bbox 888 4173 965 4232; x_wconf 90' lang='lat' dir='ltr'>ictus</span> <span class='ocrx_word' id='word_1_399' title='bbox 988 4176 1019 4232; x_wconf 87' lang='lat' dir='ltr'>et</span> <span class='ocrx_word' id='word_1_400' title='bbox 1041 4173 1196 4249; x_wconf 89' lang='lat' dir='ltr'>rhythmos</span> <span class='ocrx_word' id='word_1_401' title='bbox 1220 4174 1337 4251; x_wconf 84' lang='lat' dir='ltr'>signare</span> 
     </span>
     <span class='ocr_line' id='line_1_43' title="bbox 78 4260 1338 4338; baseline 0.007 -25"><span class='ocrx_word' id='word_1_402' title='bbox 78 4271 124 4313; x_wconf 84' lang='lat' dir='ltr'>non</span> <span class='ocrx_word' id='word_1_403' title='bbox 149 4261 296 4318; x_wconf 86' lang='lat' dir='ltr'>auderem.</span> <span class='ocrx_word' id='word_1_404' title='bbox 342 4260 456 4319; x_wconf 86' lang='lat' dir='ltr'>Vereor</span> <span class='ocrx_word' id='word_1_405' title='bbox 482 4260 561 4318; x_wconf 89' lang='lat' dir='ltr'>enim</span> <span class='ocrx_word' id='word_1_406' title='bbox 589 4281 625 4319; x_wconf 92' lang='lat' dir='ltr'>ne</span> <span class='ocrx_word' id='word_1_407' title='bbox 653 4261 742 4320; x_wconf 90' lang='lat' dir='ltr'>solito</span> <span class='ocrx_word' id='word_1_408' title='bbox 766 4262 863 4320; x_wconf 90' lang='lat' dir='ltr'>maior</span> <span class='ocrx_word' id='word_1_409' title='bbox 884 4281 953 4338; x_wconf 88' lang='lat' dir='ltr'>pars</span> <span class='ocrx_word' id='word_1_410' title='bbox 977 4262 1206 4322; x_wconf 83' lang='lat' dir='ltr'>intervallorum</span> <span class='ocrx_word' id='word_1_411' title='bbox 1229 4263 1260 4321; x_wconf 93' lang='lat' dir='ltr'>in</span> <span class='ocrx_word' id='word_1_412' title='bbox 1282 4265 1338 4322; x_wconf 89' lang='lat' dir='ltr'>hoo</span> 
     </span>
     <span class='ocr_line' id='line_1_44' title="bbox 78 4348 1338 4430; baseline 0.002 -23"><span class='ocrx_word' id='word_1_413' title='bbox 78 4348 189 4408; x_wconf 78' lang='lat' dir='ltr'>amine</span> <span class='ocrx_word' id='word_1_414' title='bbox 217 4350 321 4425; x_wconf 90' lang='lat' dir='ltr'>pausis</span> <span class='ocrx_word' id='word_1_415' title='bbox 349 4353 380 4409; x_wconf 90' lang='lat' dir='ltr'>et</span> <span class='ocrx_word' id='word_1_416' title='bbox 409 4349 553 4408; x_wconf 90' lang='lat' dir='ltr'>tibiarum</span> <span class='ocrx_word' id='word_1_417' title='bbox 582 4350 662 4409; x_wconf 90' lang='lat' dir='ltr'>sonis</span> <span class='ocrx_word' id='word_1_418' title='bbox 686 4351 805 4426; x_wconf 81' lang='lat' dir='ltr'>expleta</span> <span class='ocrx_word' id='word_1_419' title='bbox 828 4351 875 4409; x_wconf 93' lang='lat' dir='ltr'>sit.</span> <span class='ocrx_word' id='word_1_420' title='bbox 923 4351 1053 4427; x_wconf 84' lang='lat' dir='ltr'>Stropha</span> <span class='ocrx_word' id='word_1_421' title='bbox 1076 4353 1215 4411; x_wconf 87' lang='lat' dir='ltr'>anecrusi</span> <span class='ocrx_word' id='word_1_422' title='bbox 1239 4353 1338 4430; x_wconf 88' lang='lat' dir='ltr'>quinti</span> 
     </span>
     <span class='ocr_line' id='line_1_45' title="bbox 78 4438 1336 4517; baseline 0.005 -23"><span class='ocrx_word' id='word_1_423' title='bbox 78 4450 163 4496; x_wconf 72' lang='lat' dir='ltr'>versus</span> <span class='ocrx_word' id='word_1_424' title='bbox 185 4439 217 4496; x_wconf 92' lang='lat' dir='ltr'>in</span> <span class='ocrx_word' id='word_1_425' title='bbox 239 4439 316 4497; x_wconf 86' lang='lat' dir='ltr'>dues</span> <span class='ocrx_word' id='word_1_426' title='bbox 334 4439 490 4515; x_wconf 89' lang='lat' dir='ltr'>pericopas</span> <span class='ocrx_word' id='word_1_427' title='bbox 514 4438 673 4517; x_wconf 87' lang='lat' dir='ltr'>dirimitur,</span> <span class='ocrx_word' id='word_1_428' title='bbox 698 4459 774 4516; x_wconf 92' lang='lat' dir='ltr'>quae</span> <span class='ocrx_word' id='word_1_429' title='bbox 797 4439 922 4499; x_wconf 89' lang='lat' dir='ltr'>metrica</span> <span class='ocrx_word' id='word_1_430' title='bbox 941 4443 1092 4500; x_wconf 84' lang='lat' dir='ltr'>structura</span> <span class='ocrx_word' id='word_1_431' title='bbox 1111 4441 1202 4501; x_wconf 89' lang='lat' dir='ltr'>etiam</span> <span class='ocrx_word' id='word_1_432' title='bbox 1221 4446 1336 4502; x_wconf 87' lang='lat' dir='ltr'>senten-</span> 
     </span>
     <span class='ocr_line' id='line_1_46' title="bbox 79 4520 1337 4605; baseline 0.004 -20"><span class='ocrx_word' id='word_1_433' title='bbox 79 4520 172 4585; x_wconf 76' lang='lat' dir='ltr'>tiarum</span> <span class='ocrx_word' id='word_1_434' title='bbox 194 4529 430 4589; x_wconf 86' lang='lat' dir='ltr'>conformatione</span> <span class='ocrx_word' id='word_1_435' title='bbox 454 4528 559 4586; x_wconf 90' lang='lat' dir='ltr'>adiuta</span> <span class='ocrx_word' id='word_1_436' title='bbox 582 4531 635 4587; x_wconf 88' lang='lat' dir='ltr'>est.</span> <span class='ocrx_word' id='word_1_437' title='bbox 672 4529 766 4587; x_wconf 90' lang='lat' dir='ltr'>Primi</span> <span class='ocrx_word' id='word_1_438' title='bbox 789 4549 893 4589; x_wconf 89' lang='lat' dir='ltr'>versus</span> <span class='ocrx_word' id='word_1_439' title='bbox 916 4547 1056 4589; x_wconf 89' lang='lat' dir='ltr'>mensura</span> <span class='ocrx_word' id='word_1_440' title='bbox 1075 4531 1185 4605; x_wconf 87' lang='lat' dir='ltr'>pendet</span> <span class='ocrx_word' id='word_1_441' title='bbox 1204 4550 1221 4589; x_wconf 88' lang='lat' dir='ltr'>a</span> <span class='ocrx_word' id='word_1_442' title='bbox 1240 4533 1337 4591; x_wconf 87' lang='lat' dir='ltr'>varie—</span> 
     </span>
     <span class='ocr_line' id='line_1_47' title="bbox 80 4615 1336 4696; baseline 0.011 -30"><span class='ocrx_word' id='word_1_443' title='bbox 80 4615 128 4671; x_wconf 83' lang='lat' dir='ltr'>tate</span> <span class='ocrx_word' id='word_1_444' title='bbox 148 4617 296 4695; x_wconf 85' lang='lat' dir='ltr'>lectionis,</span> <span class='ocrx_word' id='word_1_445' title='bbox 328 4618 363 4676; x_wconf 94' lang='lat' dir='ltr'>de</span> <span class='ocrx_word' id='word_1_446' title='bbox 387 4639 448 4694; x_wconf 94' lang='lat' dir='ltr'>qua</span> <span class='ocrx_word' id='word_1_447' title='bbox 471 4617 538 4677; x_wconf 89' lang='lat' dir='ltr'>vide</span> <span class='ocrx_word' id='word_1_448' title='bbox 561 4621 622 4677; x_wconf 90' lang='lat' dir='ltr'>not.</span> <span class='ocrx_word' id='word_1_449' title='bbox 646 4619 710 4677; x_wconf 87' lang='lat' dir='ltr'>crit.</span> <span class='ocrx_word' id='word_1_450' title='bbox 735 4619 773 4677; x_wconf 90' lang='lat' dir='ltr'>ad</span> <span class='ocrx_word' id='word_1_451' title='bbox 796 4639 842 4678; x_wconf 88' lang='lat' dir='ltr'>vv.</span> <span class='ocrx_word' id='word_1_452' title='bbox 865 4632 888 4678; x_wconf 87' lang='lat'>1.</span> <span class='ocrx_word' id='word_1_453' title='bbox 908 4631 931 4677; x_wconf 85' lang='grc'>9.</span> <span class='ocrx_word' id='word_1_454' title='bbox 971 4618 1095 4679; x_wconf 82' lang='lat' dir='ltr'>Carmen</span> <span class='ocrx_word' id='word_1_455' title='bbox 1120 4620 1244 4696; x_wconf 90' lang='lat' dir='ltr'>Delphis</span> <span class='ocrx_word' id='word_1_456' title='bbox 1269 4640 1336 4680; x_wconf 88' lang='lat' dir='ltr'>can·</span> 
     </span>
     <span class='ocr_line' id='line_1_48' title="bbox 80 4703 1323 4770; baseline 0.009 -12"><span class='ocrx_word' id='word_1_457' title='bbox 80 4703 161 4763; x_wconf 84' lang='lat' dir='ltr'>tatum</span> <span class='ocrx_word' id='word_1_458' title='bbox 188 4727 250 4766; x_wconf 91' lang='lat' dir='ltr'>esse</span> <span class='ocrx_word' id='word_1_459' title='bbox 280 4727 361 4766; x_wconf 89' lang='lat' dir='ltr'>nunc</span> <span class='ocrx_word' id='word_1_460' title='bbox 383 4707 556 4766; x_wconf 82' lang='lat' dir='ltr'>Aristotelis</span> <span class='ocrx_word' id='word_1_461' title='bbox 585 4708 757 4767; x_wconf 88' lang='lat' dir='ltr'>testimonio</span> <span class='ocrx_word' id='word_1_462' title='bbox 788 4709 880 4767; x_wconf 87' lang='lat' dir='ltr'>etiam</span> <span class='ocrx_word' id='word_1_463' title='bbox 910 4709 1102 4769; x_wconf 90' lang='lat' dir='ltr'>verisimilius</span> <span class='ocrx_word' id='word_1_464' title='bbox 1132 4710 1247 4770; x_wconf 84' lang='lat' dir='ltr'>factum</span> <span class='ocrx_word' id='word_1_465' title='bbox 1277 4713 1323 4770; x_wconf 88' lang='lat' dir='ltr'>est</span> 
     </span>
    </p>
   </div>
   <div class='ocr_carea' id='block_1_7' title="bbox 80 4757 1335 4874">
    <p class='ocr_par' dir='ltr' id='par_1_9' title="bbox 80 4757 1335 4874">
     <span class='ocr_line' id='line_1_49' title="bbox 1328 4757 1335 4787; baseline 0 0"><span class='ocrx_word' id='word_1_466' title='bbox 1328 4757 1335 4787; x_wconf 85' lang='grc'>1</span> 
     </span>
     <span class='ocr_line' id='line_1_50' title="bbox 80 4787 1139 4874; baseline 0.012 -28"><span class='ocrx_word' id='word_1_467' title='bbox 80 4787 132 4851; x_wconf 87' lang='lat' dir='ltr'>inde</span> <span class='ocrx_word' id='word_1_468' title='bbox 153 4801 250 4856; x_wconf 86' lang='lat' dir='ltr'>autem</span> <span class='ocrx_word' id='word_1_469' title='bbox 274 4797 374 4858; x_wconf 88' lang='lat' dir='ltr'>nescio</span> <span class='ocrx_word' id='word_1_470' title='bbox 399 4817 437 4856; x_wconf 89' lang='lat' dir='ltr'>an</span> <span class='ocrx_word' id='word_1_471' title='bbox 460 4797 553 4856; x_wconf 89' lang='lat' dir='ltr'>etiam</span> <span class='ocrx_word' id='word_1_472' title='bbox 575 4798 707 4857; x_wconf 88' lang='lat' dir='ltr'>brevitas</span> <span class='ocrx_word' id='word_1_473' title='bbox 730 4798 870 4858; x_wconf 88' lang='lat' dir='ltr'>carminis</span> <span class='ocrx_word' id='word_1_474' title='bbox 893 4799 1069 4874; x_wconf 85' lang='lat' dir='ltr'>explicanda</span> <span class='ocrx_word' id='word_1_475' title='bbox 1092 4799 1139 4860; x_wconf 88' lang='lat' dir='ltr'>sit.</span> 
     </span>
    </p>
   </div>
   <div class='ocr_carea' id='block_1_8' title="bbox 0 0 1722 5434">
    <p class='ocr_par' dir='ltr' id='par_1_10' title="bbox 0 0 1722 5434">
     <span class='ocr_line' id='line_1_51' title="bbox 0 0 1722 5434; baseline 0 0"><span class='ocrx_word' id='word_1_476' title='bbox 0 0 1722 5434; x_wconf 95' lang='lat' dir='ltr'> </span> 
     </span>
    </p>
   </div>
  </div>
 </body>
</html>
