3417 5434
642 335 790 387 rsraurs
809 336 830 387 ι.
1311 330 1374 395 327

148 503 267 582 Μᾶτερ
292 498 366 583 ἐμά,
390 498 427 563 τὸ
450 500 539 579 τεόν,
563 498 728 581 χρύσασπι
755 498 863 580 Θήβα,
1176 501 1257 580 Στρ.
1277 494 1319 560 α’.

146 616 282 691 πρᾶγμα
304 604 359 670 καλ
382 605 538 689 ἀσχολίας
560 602 740 689 ὑπέρτερον

146 716 303 798 θήσομαι.
349 714 393 797 μή
416 735 471 795 μοι
495 712 622 797 κραναά
645 710 822 795 νεμεσάσαι

147 825 275 903 Δᾶλος,
299 818 334 884 έν
358 813 379 906 ᾇ
402 818 548 903 κέχυμαι.

108 946 125 991 5
148 931 184 993 τί
204 931 362 1013 φίλτερον
384 926 512 991 κεδνῶν
535 922 658 989 τοκέων
671 923 835 1010 ,άναθοϊςς

148 1030 251 1117 εἶξον,
275 1028 300 1099 ὦ
320 1032 532 1108 ’πολλωνιάς·
556 1031 746 1117 ἀμφοτερᾶν

193 1164 244 1206 τοι
267 1143 412 1225 χαρίτων
430 1141 527 1204 -σὺν
550 1144 644 1215 θεοῖς
667 1136 764 1217 ζεύξω
788 1136 895 1220 τέλος,

147 1335 205 1402 καὶ
227 1338 286 1402 τὸν
308 1336 524 1421 ἀκειρεκόμαν
550 1339 676 1420 Φοῖβον
698 1337 847 1419 χορεύων

146 1444 184 1509 έν
208 1443 282 1532 asp
307 1443 476 1531 ἀμφιρύτᾳ
499 1445 563 1508 σὺν
585 1446 734 1520 ποντίοις

146 1551 327 1637 ἀνδράσιν,
350 1550 405 1616 καλ
427 1551 489 1615 τάν
513 1549 663 1635 ἁλιερκέα
680 1549 819 1634 Ἰσθμοῦ

88 1677 125 1724 10
147 1656 292 1744 δειράδ’·
317 1656 386 1722 ἐπεὶ
409 1657 594 1741 στεφάνους

146 1764 181 1843 ’ἐξ
205 1766 337 1831 ὤπασεν
360 1764 500 1849 Κάδμου
523 1774 651 1853 στρατῷ
676 1764 707 1843 ἐξ
732 1764 879 1846 ἀέθλων,

145 1875 339 1938 καλλίνικον
361 1872 496 1953 πατρίδι
519 1871 634 1954 κῦδος,
658 1870 693 1937 έν
717 1865 738 1958 ᾇ

192 1976 246 2043 καὶ
270 1979 328 2043 τὸν
353 1977 570 2071 ἀδεί-μαντον
585 1976 749 2063 Ἀλκμήνα
772 1976 864 2043 τέκεν

164 2172 246 2209 viare
265 2172 368 2208 tremo.
397 2154 480 2207 Inscr.
501 2170 554 2207 om.
574 2154 641 2208 BD
659 2186 695 2194 -
713 2152 820 2209 Schol:
840 2150 963 2222 γέγραφε
981 2154 1033 2221 τήν
1052 2150 1130 2224 ᾠδήν
1144 2150 1286 2226 Ἡροδότῳ
1315 2158 1371 2223 Θή-

85 2223 179 2315 βαίφ,
202 2224 276 2289 τινὲς
295 2223 325 2282 δὲ
342 2222 649 2350 Ὀρχοχτενῐίφχβέλτιον
667 2223 700 2307 δέ
721 2222 834 2298 Θηβαίῳ
854 2222 1065 2312 έπιχεχράφθαι
1093 2257 1126 2264 -
1156 2230 1181 2307 1,
1209 2222 1268 2295 αμά
1291 2227 1318 2280 Β
1338 2258 1370 2266 -

84 2306 114 2353 3.
136 2302 265 2366 θασομαι
278 2297 309 2352 D
322 2329 356 2337 *
371 2302 396 2351 4.
430 2316 447 2350 ν
466 2317 484 2349 α
503 2314 619 2366 τεταμαι
638 2313 709 2353 τοττι.
724 2296 863 2367 Hartuug,
882 2294 913 2349 έν
927 2316 964 2349 αν
979 2294 1098 2365 κέχυμαι
1115 2312 1186 2351 com.
1201 2296 1371 2352 Herwerdeu

86 2402 124 2410 —
145 2377 171 2424 ὁ.
192 2370 315 2438 ἀγαθοῖο
335 2369 364 2422 D
387 2398 421 2407 -
445 2352 475 2421 a'
494 2366 663 2438 ἀμφοτέροις
680 2367 723 2435 D,
743 2366 838 2435 -τέραν
857 2367 893 2434 Β,
912 2365 1012 2434 -τέρων
1030 2365 1133 2421 lemma
1152 2366 1180 2421 Β
1197 2400 1233 2408 -
1251 2373 1276 2422 8.
1297 2366 1370 2423 Κείω
1462 2414 1465 2418 ,

86 2443 120 2496 D
141 2472 176 2481 -
195 2439 358 2513 ἀμφιρρότρι
376 2440 404 2493 Β
422 2468 455 2479 -
475 2444 499 2491 9.
519 2438 661 2507 ἀλιερκέος
679 2438 749 2493 coni.
765 2438 920 2504 Hermann;
940 2441 971 2492 at
989 2438 1024 2494 cf.
1039 2439 1059 2493 1.
1074 2454 1133 2507 rsa,
1151 2456 1181 2492 rr
1194 2454 1216 2507 5,
1235 2438 1267 2495 sr.
1283 2456 1330 2508 ιττ,
1347 2457 1371 2495 ιο

87 2545 125 2553 -
148 2518 189 2566 11.
209 2510 239 2577 ἓξ
258 2511 351 2565 ἀπασε
371 2511 445 2567 BD:
465 2509 608 2576 ἐξέσπασεν
626 2509 818 2578 Aristarchus,
838 2508 867 2575 ἓξ
886 2509 1004 2565 ὤπασαν
1022 2509 1125 2564 lemma
1143 2508 1173 2563 in
1190 2510 1221 2564 D
1240 2544 1273 2551 -

165 2672 355 2708 comarum.
393 2672 418 2708 r.
436 2660 459 2706 1.
478 2652 617 2723 χρύσασπι
638 2652 732 2725 Θήβα·
753 2652 900 2725 aptissime
918 2654 1003 2723 poeta
1021 2651 1051 2705 iu
1069 2652 1212 2723 prooemio
1231 2654 1371 2724 carminis,

88 2726 171 2795 quod
190 2742 327 2779 summum
347 2741 468 2779 amorem
488 2724 598 2794 patriae
617 2724 714 2794 spirat,
729 2724 857 2779 Thebam
875 2724 1019 2779 heroinam
1033 2723 1111 2778 urbis
1125 2723 1286 2779 Thebarum
1300 2725 1371 2780 allo-

87 2797 201 2867 quitur;
226 2813 289 2851 eam
307 2795 394 2867 Asopi
417 2796 495 2849 fluvii
520 2799 550 2850 et
572 2796 701 2867 Metopae
725 2796 866 2867 nymphae
890 2795 979 2849 filiam
1001 2795 1088 2849 fuisse
1105 2795 1228 2849 tradidit
1246 2797 1277 2851 Ο.
1293 2817 1321 2850 rr
1337 2815 1371 2864 ει,

88 2872 219 2923 τισαίατο
238 2884 300 2921 eam
320 2870 349 2921 et
366 2868 404 2921 ad
422 2866 530 2921 fontem
548 2867 648 2922 Dircae
668 2884 685 2922 a
703 2867 769 2921 Iove
788 2867 956 2922 translatam
974 2866 995 2920 I.
1014 2884 1063 2920 rm
1081 2882 1114 2921 το.
1152 2867 1278 2921 Eandem
1296 2869 1371 2937 quod

87 2939 270 3012 χρυσάσπιδα
283 2939 337 2993 hoc
351 2939 412 2993 loco
427 2941 456 2993 et
466 2936 658 3063 χρυσοχίτωνα
673 2938 704 2993 fr.
718 2954 756 2994 τοσ
772 2937 910 3007 εύάρματε
923 2934 1090 3007 χρυσοχίτων
1100 2937 1250 3007 ἱερώτατον
1260 2939 1371 3011 ἀχαλμα

92 3013 178 3084 Θήβα
193 3010 271 3080 dicit,
286 3010 351 3065 inde
366 3009 464 3065 conclu
485 3027 531 3065 ere
549 3026 604 3063 non
624 3010 715 3064 ausim
735 3010 844 3080 siguum
865 3008 996 3063 heroinae
1016 3024 1101 3063 aurea
1114 3013 1191 3064 veste
1210 3010 1328 3065 indutae
1343 3015 1372 3067 et

91 3099 212 3136 aureum
235 3084 345 3135 scutum
368 3080 483 3135 sinistra
508 3080 630 3136 tenentis
656 3080 744 3136 oculis
769 3084 870 3151 poetae
896 3080 1076 3135 obversatum
1101 3097 1174 3150 esse,
1200 3099 1372 3152 quamquam

91 3153 211 3208 Thebae
225 3156 350 3207 statuam
365 3151 447 3221 Olym
468 3152 512 3207 iae
526 3152 648 3223 positam
662 3152 749 3206 fuisse
764 3154 886 3207 testatur
899 3152 981 3205 Paus.
992 3171 1009 3205 v
1019 3167 1076 3220 aas
1090 3185 1124 3192 —
1139 3159 1163 3207 2.
1178 3155 1227 3207 καὶ
1241 3155 1277 3208 do
1294 3153 1371 3219 ολίας

92 3224 250 3293 ὑπέρτερον
268 3222 406 3293 θήσομαι·
427 3172 514 3294 plhris
529 3224 615 3279 etiam
630 3241 714 3293 quam
729 3224 873 3294 negotium
888 3223 1003 3291 faciam3
1023 3223 1177 3293 respiciunt
1189 3224 1264 3279 hunc
1277 3176 1371 3280 locum

89 3297 176 3351 Plato
205 3296 322 3350 Phaedr.
347 3310 406 3350 aaut
436 3296 487 3349 οὐκ
514 3294 551 3350 διν
577 3295 629 3350 οίει
660 3314 693 3365 με
719 3294 791 3349 surdi
816 3297 963 3363 Πίνδαρον
988 3295 1036 3348 καὶ
1061 3296 1194 3365 ἀσχολίας
1218 3293 1371 3365 ὑπέρτερον

89 3371 265 3435 ποιήσεσθαι
283 3366 315 3420 τὸ
333 3366 386 3434 σήν
404 3385 433 3420 τε
452 3368 501 3424 καλ
518 3366 625 3421 Λυσίου
644 3367 790 3439 διατριβήν
816 3367 950 3433 ἀκοῦσαι,
972 3366 1140 3420 Plutarchus
1160 3366 1194 3421 de
1212 3384 1275 3437 gen.
1295 3369 1370 3423 Socr.

92 3458 159 3495 c.1:
184 3438 241 3493 ἔδει
264 3436 316 3507 μέν
340 3433 387 3506 έμέ
407 3438 455 3492 καλ
473 3438 510 3493 ἀσ
528 3435 604 3502 ολίας
623 3437 775 3507 ύπέρτερον
793 3437 903 3491 θέσθαι
921 3436 994 3490 κατὰ
1012 3440 1158 3506 Πίνδαρον
1176 3438 1208 3492 τὸ
1227 3442 1311 3507 δεῦρο
1330 3440 1371 3493 έλ-

89 3516 159 3565 θεῑν
186 3510 232 3564 ἐπὶ
257 3510 309 3579 τήν
335 3508 476 3579 διήγησιν,
502 3460 593 3564 llrlian
613 3526 655 3579 ep.
671 3526 696 3563 ιο
715 3542 748 3550 -
768 3516 792 3563 3.
817 3506 980 3578 νεμεσάσαι·
1004 3508 1034 3563 in
1059 3508 1155 3563 divino
1181 3510 1295 3565 mimine
1320 3528 1370 3581 op-

90 3581 175 3637 tandi
201 3580 295 3651 potius
319 3597 403 3650 quam
423 3581 554 3635 hortandi
573 3580 731 3707 (νεμεσήσῃ)
750 3581 833 3635 modo
854 3597 921 3634 usus
945 3583 1039 3634 est-
1060 3585 1084 3633 t.
1107 3580 1224 3635 τοκέων·
1247 3582 1371 3663 patriam

90 3655 213 3707 matrem
227 3652 332 3707 civium
347 3670 407 3706 esse
422 3651 495 3705 dixit
510 3651 596 3706 etiam
637 3672 681 3707 ,ιτ
696 3670 721 3706 τι
735 3684 770 3693 -
784 3658 808 3707 6.
826 3650 1019 3715 Ἆπολλωνιάς·
1037 3650 1275 3722 Delus‘Apollimr
1290 3670 1370 3707 sacra

91 3724 205 3791 dicitur,
225 3724 293 3793 quia
311 3723 375 3778 Deli
393 3722 502 3777 Latona
517 3722 675 3793 Apollinem
691 3726 719 3777 et
735 3724 857 3778 Dianam
871 3724 954 3777 enixa
968 3727 1012 3776 est
1026 3754 1059 3763 -—
1075 3728 1099 3777 7,
1115 3722 1313 3793 ἀκειρεκόμαν·
1333 3726 1368 3779 cf.

89 3797 120 3849 P.
132 3812 208 3863 lull,
223 3796 288 3849 Ηοτ.
300 3794 328 3851 C.
339 3810 392 3859 ττι,
403 3812 427 3862 ²3
442 3811 457 3849 e
479 3795 523 3849 od.
535 3812 568 3863 ιε,
579 3812 591 3850 s
602 3798 723 3850 intonsos
733 3796 874 3863 Apollinis
882 3796 999 3863 capillos
1010 3826 1041 3835 -
1052 3795 1176 3865 χορεύων
1190 3812 1212 3849 c.
1224 3812 1280 3850 acc.
1292 3795 1369 3850 valet

90 3867 224 3921 saltando
239 3870 268 3920 et
286 3865 412 3920 canendo
432 3814 586 3934 celebrata
607 3866 640 3920 cf.
657 3866 740 3936 Soph.
756 3868 819 3919 Aut.
836 3882 895 3920 τιτι.
916 3866 1048 3920 0R.1ooa.
1069 3866 1132 3920 Eur.
1147 3866 1227 3919 flere.
1242 3882 1289 3920 eso.
1308 3866 1368 3936 Iph.

91 3938 154 3993 Aul.
173 3955 236 4005 τινος
255 3942 324 3992 haec
344 3940 438 3991 autem
452 3937 495 3991 vis
510 3936 589 3991 verbi
606 3936 733 4007 χορεύειν
747 3936 860 4007 propria
874 3939 936 3991 erat
948 3952 1096 4007 paeonum,
1115 3936 1219 4018 quippe
1233 3936 1281 4005 qui
1296 3954 1367 3991 sem-

86 4028 139 4080 per
154 4026 218 4064 curn
232 4008 355 4063 motibus
370 4008 532 4063 orchesticis
548 4010 725 4074 canerentur;
740 4008 815 4062 idem
829 4025 896 4060 num
910 4008 1052 4078 pertineat
1066 4008 1102 4062 ad
1117 4008 1277 4079 epinicium,
1291 4010 1368 4077 quod

86 4080 183 4136 verbis
202 4084 254 4135 τὰν
273 4077 403 4149 ἀλιερκέα
420 4077 534 4149 Ἰσθμοῦ
553 4078 672 4149 δειράδα
692 4079 874 4151 significatur,
893 4078 1024 4133 dubitare
1063 4079 1133 4133 ossis
1150 4112 1181 4120 -
1197 4085 1220 4134 8.
1241 4079 1279 4133 ἐν·
1291 4079 1366 4155 Κέῳ·

87 4154 117 4207 in
137 4152 231 4207 insula
250 4151 327 4205 cultu
341 4150 480 4221 Apollinis
499 4151 576 4206 clara
595 4151 730 4220 templum
745 4150 790 4204 dei
806 4149 1018 4204 celeberrimum
1055 4150 1188 4205 arthaeae
1202 4150 1265 4219 luit,
1280 4169 1367 4222 prope

88 4224 164 4293 quod
184 4222 335 4277 Simonidis
359 4232 505 4293 χορηγεῖον
524 4224 610 4277 fuisse
629 4222 719 4277 trudit
732 4220 893 4277 Athenaeus
911 4240 938 4292 p.
954 4238 993 4276 τεε
1007 4220 1032 4289 13
1056 4222 1090 4277 cf.
1105 4222 1280 4291 epigramma
1298 4223 1367 4277 Bac-

88 4294 385 4363 chylidisAP.r1ara
408 4297 437 4347 et
459 4294 562 4348 Reisch
585 4293 626 4348 De
651 4310 721 4349 mus.
740 4294 836 4348 Graec.
857 4295 923 4347 cert.
943 4312 970 4364 p.
990 4309 1015 4347 ss
1031 4310 1070 4361 sq.
1090 4324 1124 4333 -·-
1145 4300 1185 4347 11.
1210 4292 1367 4361 στεφάνους

89 4367 117 4433 lt
137 4366 260 4420 ὤπασεν·
285 4364 412 4419 Isthmici
435 4365 496 4419 ludi
519 4382 568 4419 sex
592 4365 674 4419 simul
693 4382 809 4420 coronas
829 4364 928 4420 Cadmi
946 4364 1050 4435 populo
1069 4363 1203 4419 Thebano
1222 4365 1367 4433 dederant,

88 4438 162 4493 inter
181 4452 252 4505 quas
270 4436 399 4507 princeps
419 4439 480 4491 erat
498 4436 602 4490 curulis
621 4436 756 4492 victoriae
775 4436 923 4504 Herodoti3
943 4434 1014 4489 nihil
1034 4434 1107 4489 enim
1127 4438 1171 4490 ast
1188 4452 1299 4505 causae,
1318 4455 1368 4491 our

88 4508 261 4563 scholiastae
279 4508 350 4563 haec
368 4510 658 4578 καταχρηστικότερον
677 4509 734 4563 ἀπὸ
752 4518 808 4562 τῶν
826 4512 935 4562 πολλῶν
950 4507 1026 4560 diota
1040 4524 1100 4561 esse
1115 4507 1221 4561 dicenti
1240 4508 1366 4579 adstipu-

88 4582 179 4636 lemur
197 4612 230 4621 -
252 4586 292 4634 la.
312 4579 424 4634 Thebas
443 4580 519 4649 quod
538 4580 639 4635 laudat
657 4579 770 4636 fortium
790 4579 912 4633 virorum
935 4577 1105 4649 genetrices,
1124 4582 1156 4633 ut
1174 4578 1204 4631 in
1222 4596 1278 4647 qua
1296 4580 1366 4633 urbe

88 4653 176 4707 ctiam
196 4650 331 4706 invictum
350 4650 497 4706 Herculem
512 4653 647 4707 Alcmena
666 4650 816 4721 pepererit,
836 4667 891 4704 uon
910 4650 1048 4705 dissimile
1065 4654 1110 4705 est
1127 4650 1260 4721 purpurei
1278 4650 1365 4721 panni

88 4725 146 4779 late
169 4723 219 4793 qui
243 4722 390 4793 splendeat
413 4723 520 4792 adsuti3
547 4723 694 4778 Herculem
712 4740 776 4777 mox
796 4721 928 4790 dimittit,
947 4723 1022 4791 quod
1041 4738 1096 4775 non
1116 4722 1208 4791 equis,
1229 4724 1261 4775 ut
1279 4722 1364 4776 Hero-

89 4796 171 4850 dotus
191 4794 289 4863 victor,
309 4794 359 4849 sed
376 4795 507 4864 pedester
525 4796 606 4849 clara
625 4796 654 4849 st
673 4792 785 4866 sagittis
805 4793 981 4848 dimicaverit
1002 4826 1033 4833 -
