3417 5434
362 353 425 420 194
831 359 980 412 eranam
998 359 1164 415 ammom.

358 545 488 602 quarum
512 546 711 604 unaquaeque
735 527 914 586 sententiam
933 527 965 586 in
984 547 1014 588 se
1033 529 1204 588 conclusam
1223 527 1364 605 continet,
1383 527 1441 588 nisi
1461 526 1546 604 quod
1564 525 1631 602 peri-

358 635 449 692 copae
480 617 611 676 secunda
640 620 671 675 et
700 617 791 675 tertia
820 618 912 693 paulo
943 618 1055 676 arctius
1085 617 1164 677 inter
1193 637 1224 678 se
1254 618 1422 679 cohaerent.
1468 617 1630 676 Perfectum

358 709 460 764 autem
489 705 566 765 hane
595 705 820 782 compositionis
848 707 976 766 formam
1006 707 1166 785 Pindarus,
1196 711 1233 765 ut
1262 725 1354 784 supra
1383 707 1422 766 ad
1451 706 1486 766 Ο.
1512 725 1569 764 xm
1590 726 1630 764 er·

357 795 521 874 posuimus,
544 799 686 872 provecta
708 798 808 856 aetate
831 795 969 856 excoluit.

902 949 947 1016 De
970 951 1093 1017 metris.

447 1063 595 1122 Carminis
617 1065 707 1123 huius
731 1063 903 1123 suavissimi
925 1064 1043 1124 numeri
1066 1065 1137 1124 sunt
1159 1064 1338 1142 logaoedici,
1368 1065 1479 1124 similes
1504 1064 1551 1123 illi
1574 1083 1628 1123 ear-

357 1153 473 1212 minum
495 1153 532 1214 N.
551 1173 582 1213 n.
601 1172 641 1212 iv.
666 1152 759 1214 O.1x.
805 1153 974 1230 Principale
1002 1157 1132 1214 metrum
1159 1157 1204 1212 est
1233 1153 1431 1232 Glyconeum‚
1458 1155 1540 1231 quod
1567 1173 1628 1213 eum

356 1262 392 1302 er
420 1242 549 1319 dipodiis
578 1242 695 1302 duabus
723 1245 860 1302 constare
888 1247 1003 1302 eertum
1031 1243 1084 1321 sit,
1107 1243 1239 1319 reliquos
1264 1263 1383 1320 quoque
1406 1262 1511 1304 versus
1534 1243 1565 1302 in
1588 1243 1628 1302 di-

355 1332 461 1408 podius
490 1332 552 1392 sive
579 1329 674 1402 πόδας
696 1329 861 1409 ἕξασήμοος
888 1332 932 1391 ita
960 1332 1134 1392 dividendos
1161 1332 1278 1410 curavi,
1301 1334 1337 1391 ut
1360 1333 1498 1409 tripodiis
1523 1333 1580 1391 nisi
1601 1332 1627 1389 in

355 1419 412 1481 fine
441 1441 584 1482 versuum
611 1422 711 1481 locum
741 1441 801 1481 non
829 1422 1026 1482 concederem.
1073 1421 1137 1482 Hoc
1160 1424 1262 1481 autem
1286 1443 1320 1482 eo
1344 1422 1441 1501 magis
1463 1422 1627 1482 faciendum

355 1529 418 1570 esse
442 1511 523 1588 duxi,
546 1512 628 1588 quod
650 1531 769 1570 carmen
788 1530 807 1570 a
825 1511 984 1571 comitibus
1001 1511 1201 1572 Aristomenis
1220 1511 1341 1574 victoris
1364 1511 1396 1570 in
1418 1531 1538 1589 pompe,
1561 1511 1626 1570 dum

354 1601 393 1660 ad
422 1601 527 1660 fanum
557 1602 605 1660 vel
635 1619 718 1659 aram
750 1601 918 1676 Hesychiae
953 1601 1141 1680 accederent,
1174 1604 1330 1662 eanmtum
1365 1619 1428 1662 esse
1459 1601 1627 1678 perhibetur

353 1683 416 1772 (vv.
437 1701 513 1749 1-5.
538 1702 580 1749 νο.
605 1683 662 1769 ιο.)
707 1689 812 1766 Neque
841 1690 880 1748 ad
909 1690 1109 1750 restituendos
1136 1689 1232 1762 πόδας
1259 1688 1424 1769 ἑξασήμους
1451 1690 1625 1750 immanibus

354 1779 499 1839 machinis
524 1798 599 1855 opus
622 1782 680 1856 est,
710 1779 797 1840 modo
821 1782 857 1837 tu
879 1782 1015 1856 tempora
1038 1780 1151 1856 inania,
1175 1799 1252 1856 quae
1275 1781 1307 1839 in
1330 1780 1410 1840 Prol.
1428 1801 1457 1856 p.
1476 1799 1538 1840 nvn
1561 1777 1625 1838 defi-

353 1869 416 1927 nire
440 1887 532 1927 ausus
555 1888 630 1946 sum,
654 1868 816 1928 adsciscere
836 1869 984 1928 sustineas
1009 1871 1040 1927 et
1062 1869 1159 1948 magis
1182 1870 1307 1945 pedibus
1330 1870 1503 1946 compositis
1525 1887 1624 1928 senum

353 1961 524 2033 temporum
547 1977 639 2034 quam
662 1957 802 2017 membris
825 1977 967 2017 versuum
991 1957 1157 2018 dividendis
1181 1978 1302 2034 operam
1327 1960 1474 2019 advertas.
1520 1958 1623 2030 Quam-

355 2065 446 2123 quam
469 2047 588 2106 fecilior
609 2047 716 2106 divisio
735 2047 937 2107 membrorum
960 2044 1051 2126 fieret,
1076 2048 1101 2107 si
1119 2047 1243 2106 tertium
1262 2067 1382 2108 versum
1401 2048 1488 2124 epodi
1505 2048 1535 2106 in
1553 2048 1623 2107 dnos

353 2155 457 2196 versus
480 2137 644 2212 dispeseere
668 2140 699 2194 et
721 2135 753 2194 in
776 2136 875 2212 priore
899 2137 964 2196 eius
986 2140 1072 2213 parte
1096 2137 1230 2198 ordinem
1250 2138 1455 2214 rhythmicum
1468 2157 1486 2195 a
1499 2137 1621 2198 secundo

352 2226 427 2301 pede
450 2225 580 2302 incipere
605 2227 729 2285 auderes
751 2225 808 2285 hoc
830 2225 933 2285 modo:

353 2547 588 2624 Responsionem
606 2568 676 2608 vero
696 2548 886 2624 stropharum
900 2551 936 2605 ut
955 2548 1152 2607 severioribus
1171 2548 1288 2626 legibus
1307 2548 1511 2628 adstringeret,
1529 2569 1620 2608 emen·
1666 2543 1667 2598 ]

354 2638 444 2696 dandi
468 2637 548 2697 viam
572 2637 646 2696 satis
669 2638 813 2697 audacem
837 2637 872 2697 G.
891 2637 1081 2696 Hermannus
1105 2657 1205 2714 opusc.
1224 2657 1267 2696 vn
1288 2649 1338 2698 158
1360 2657 1397 2699 se.
1417 2639 1485 2698 iniit
1507 2631 1543 2719 (v.
1561 2641 1619 2698 not

354 2727 419 2787 crit.
439 2728 477 2785 ad
501 2747 548 2787 vv.
567 2738 610 2786 45.
630 2739 672 2785 52.
694 2718 768 2807 100).
814 2726 931 2784 Harum
959 2727 1200 2786 emendationum
1223 2727 1351 2788 maxime
1375 2747 1411 2787 ea
1434 2729 1539 2805 placet,
1562 2747 1617 2804 qus

352 2835 442 2876 versu
464 2828 498 2874 45
523 2819 654 2875 correcto
679 2815 816 2875 omuibus
839 2815 870 2873 in
895 2816 1025 2893 strophis
1048 2835 1201 2876 caesuram
1229 2819 1299 2892 post
1321 2817 1470 2893 syllabam
1492 2819 1617 2894 quintam

354 2925 458 2966 versus
480 2905 628 2982 restituit3
651 2906 750 2964 nescio
774 2908 875 2963 tamen
899 2924 937 2964 au
961 2906 1036 2965 duas
1058 2907 1113 2966 has
1135 2907 1248 2966 formas
1269 2925 1374 2967 versus

807 3041 1267 3092 --A!-u-uv.u..

724 3130 1270 3181 νυ-Λ-υ.υ.υυ-υ-

354 3227 411 3286 sibi
442 3227 620 3304 respondere
652 3230 743 3304 poeta
771 3227 911 3288 voluerit.
939 3227 1112 3287 -Verbis
1139 3231 1251 3309 Δωριεῖ
1273 3227 1361 3314 κώμῳ
1391 3222 1432 3308 (v.
1453 3221 1500 3310 20)
1525 3231 1615 3286 utmm
1665 3267 1666 3282 t

353 3319 444 3392 poeta
472 3316 570 3376 solum
597 3316 811 3395 significaverit
839 3337 875 3376 ex
902 3316 1033 3377 Doribus
1059 3317 1133 3376 viris
1161 3317 1284 3377 chorum
1313 3321 1450 3378 constare
1478 3337 1514 3377 an
1535 3317 1615 3376 etiam

351 3407 492 3465 Doricam
515 3424 577 3464 esse
600 3406 758 3467 modorum
780 3407 968 3467 harmoniam
992 3406 1245 3485 adsignificaverit
1268 3407 1394 3467 dubium
1417 3411 1470 3466 est
1504 3406 1615 3466 Doricae

353 3495 474 3572 quidem
498 3495 670 3555 harmoniae
694 3496 851 3572 aptissima
875 3500 921 3556 est
943 3497 1017 3574 lyra,
1041 3497 1127 3556 euius
1147 3496 1256 3556 fidibus
1275 3498 1341 3557 voci
1360 3501 1515 3557 cantorum
1532 3495 1613 3555 cecini

351 3604 440 3644 versu
463 3596 495 3643 31
521 3585 668 3644 docemur.

567 3778 741 3861 Φιλόφρον
760 3774 916 3861 Ἡσυχία,
941 3782 1047 3853 Δίκας
1268 3782 1348 3864 Στρ.
1373 3776 1417 3842 α’.

565 3879 591 3948 ὦ
614 3887 825 3969 μεγιστόπολι
849 3885 1012 3968 θύγατερ,

422 4131 503 4167 venre
521 4132 625 4167 neeric.
654 4113 738 4168 Iuscr.
764 4111 946 4183 Ἀριστομένει
965 4112 1095 4185 Αἰγινήτῃ
1115 4117 1254 4185 παλαιστῇ
1274 4112 1422 4182 νικήσαντι
1436 4114 1477 4168 λε’
1498 4113 1533 4167 dt.
1548 4112 1609 4165 D·-

351 4185 456 4240 Sobel:
479 4182 633 4254 ys'ypcrrrtcc
651 4185 669 4253 ἡ
689 4183 747 4257 ᾠδὴ
764 4182 945 4254 Ἀριστομένει
964 4184 1095 4256 Αἰγινήτῃ
1114 4189 1253 4256 παλαιστῇ
1272 4183 1419 4252 νικήσαντι
1439 4185 1491 4254 τὴν
1509 4185 1547 4238 λε’
1566 4185 1609 4236 Πν-

349 4255 454 4310 θιόὸα
474 4257 518 4328 ιβ’
539 4259 615 4310 Hoc.
636 4272 705 4310 corr.
726 4255 776 4311 Od.
796 4257 924 4324 Mueller,
942 4257 1070 4326 Aeginet.
1090 4275 1116 4326 p.
1137 4273 1185 4322 ιιι,
1209 4256 1254 4310 λα’
1274 4256 1400 4326 Krueger
1425 4257 1503 4312 Stud.
1517 4255 1577 4309 hist.
1589 4258 1608 4306 el

350 4327 418 4399 phil.
435 4345 473 4382 reo
492 4331 522 4382 et
539 4327 688 4396 Luebbert‚
708 4327 749 4381 De
768 4327 847 4382 Pind.
863 4345 947 4384 carm.
962 4327 1135 4398 Aegineticis
1153 4326 1247 4382 Kiliaa
1268 4333 1335 4382 1879
1354 4346 1381 4398 p.
1398 4345 1431 4382 ιι.
1453 4361 1486 4369 -

423 4488 611 4524 commarcam
648 4489 674 4524 v.
697 4479 718 4524 l.
745 4468 873 4542 Ἡσυχία·
898 4470 1011 4526 collatis
1030 4470 1170 4524 similibus
1194 4470 1277 4541 locis,
1300 4470 1403 4540 quibus
1424 4471 1493 4526 deus
1510 4469 1552 4525 vel
1569 4468 1609 4521 dea

350 4558 483 4597 eoronam
497 4544 526 4595 et
540 4541 768 4596 comissationem
782 4543 909 4613 accipere
924 4545 1041 4614 rogatur
1053 4542 1095 4614 (Ο.
1111 4561 1140 4596 1v
1153 4560 1173 4598 e.
1188 4561 1206 4596 v
1221 4560 1240 4598 a.
1256 4561 1305 4596 vm
1321 4559 1353 4598 ro.
1369 4543 1399 4597 P.
1414 4561 1454 4596 xn
1467 4559 1487 4598 ι,
1501 4542 1533 4596 N.
1547 4561 1561 4594 r
1574 4541 1608 4606 ιι),

350 4613 498 4684 probabile
516 4614 556 4680 iit,
575 4613 734 4683 Hesychiae
751 4617 897 4683 tamquam
917 4615 999 4682 deae,
1024 4617 1056 4668 ut
1075 4613 1139 4668 aliis
1159 4613 1309 4668 abstractis
1329 4613 1490 4668 numinibus
1509 4609 1609 4668 Athenis

351 4690 387 4754 (v.
401 4685 483 4739 Paua.
499 4704 509 4737 1
524 4702 558 4752 ιι,
575 4687 604 4752 1),
625 4702 704 4738 aram
721 4685 848 4757 Aeginae
868 4689 1039 4740 exstructam
1057 4685 1152 4754 fuisse,
1171 4685 1200 4740 in
1220 4703 1276 4755 qua
1295 4702 1428 4740 coronam
1442 4683 1546 4756 Pythiis
1558 4697 1607 4752 par·

350 4759 411 4810 tam
429 4757 619 4810 Aristomenes
639 4757 792 4826 deponeret
810 4790 842 4797 -
864 4755 1016 4828 φιλόφρον·
1036 4758 1070 4812 cf.
1085 4755 1228 4828 Aristoph.
1244 4774 1287 4813 av.
1302 4775 1354 4812 rasr
1369 4766 1420 4821 τᾶς
1434 4754 1609 4828 ἀγανόφρονος

346 4827 478 4900 Ἡσυχίας
493 4828 631 4898 εὐάμερον
644 4826 805 4896 πρόσωπον·
821 4829 996 4886 Pind.fr.1oe
1011 4862 1044 4868 -
1056 4833 1155 4892 Δίκας·
1172 4829 1293 4898 iusticia,
1309 4845 1381 4898 quac
1395 4829 1520 4884 hocloco
1534 4827 1608 4880 mater
