<?xml version="1.0" encoding="UTF-8"?>
<!DOCTYPE html PUBLIC "-//W3C//DTD XHTML 1.0 Transitional//EN"
    "http://www.w3.org/TR/xhtml1/DTD/xhtml1-transitional.dtd">
<html xmlns="http://www.w3.org/1999/xhtml" xml:lang="en" lang="en">
 <head>
  <title>
</title>
<meta http-equiv="Content-Type" content="text/html;charset=utf-8" />
  <meta name='ocr-system' content='tesseract 3.04.00' />
  <meta name='ocr-capabilities' content='ocr_page ocr_carea ocr_par ocr_line ocrx_word'/>
</head>
<body>
  <div class='ocr_page' id='page_1' title='image "./pindaricarminap01chrigoog_0084.png"; bbox 0 0 3417 5434; ppageno 0'>
   <div class='ocr_carea' id='block_1_1' title="bbox 306 348 1092 403">
    <p class='ocr_par' dir='ltr' id='par_1_1' title="bbox 306 348 1092 403">
     <span class='ocr_line' id='line_1_1' title="bbox 306 348 1092 403; baseline 0 -1"><span class='ocrx_word' id='word_1_1' title='bbox 306 348 445 402; x_wconf 82' lang='lat' dir='ltr'>LXXVIII</span> <span class='ocrx_word' id='word_1_2' title='bbox 813 350 1092 403; x_wconf 73' lang='lat' dir='ltr'><strong>Paonauouana</strong></span> 
     </span>
    </p>
   </div>
   <div class='ocr_carea' id='block_1_2' title="bbox 304 510 1598 1028">
    <p class='ocr_par' dir='ltr' id='par_1_2' title="bbox 304 510 1598 1028">
     <span class='ocr_line' id='line_1_2' title="bbox 304 510 1597 598; baseline -0.001 -21"><span class='ocrx_word' id='word_1_3' title='bbox 304 510 441 596; x_wconf 87' lang='grc' dir='ltr'><strong><em>κέλητα,</em></strong></span> <span class='ocrx_word' id='word_1_4' title='bbox 465 513 651 596; x_wconf 77' lang='grc' dir='ltr'><strong><em>συνωρίδα,</em></strong></span> <span class='ocrx_word' id='word_1_5' title='bbox 674 513 822 576; x_wconf 85' lang='grc' dir='ltr'><strong><em>πωλικὸν</em></strong></span> <span class='ocrx_word' id='word_1_6' title='bbox 844 510 1041 596; x_wconf 92' lang='grc' dir='ltr'><strong><em>τέθριππον,</em></strong></span> <span class='ocrx_word' id='word_1_7' title='bbox 1064 513 1215 596; x_wconf 79' lang='grc' dir='ltr'><strong><em>πωλικην</em></strong></span> <span class='ocrx_word' id='word_1_8' title='bbox 1237 512 1422 598; x_wconf 75' lang='grc' dir='ltr'><strong><em>συνωρίδα,</em></strong></span> <span class='ocrx_word' id='word_1_9' title='bbox 1445 512 1597 576; x_wconf 87' lang='grc' dir='ltr'><strong><em>πωλικὸν</em></strong></span> 
     </span>
     <span class='ocr_line' id='line_1_3' title="bbox 307 617 1598 705; baseline -0.002 -21"><span class='ocrx_word' id='word_1_10' title='bbox 307 618 438 704; x_wconf 82' lang='grc' dir='ltr'><strong><em>κέλητα,</em></strong></span> <span class='ocrx_word' id='word_1_11' title='bbox 452 618 519 683; x_wconf 85' lang='lat' dir='ltr'><strong>fere</strong></span> <span class='ocrx_word' id='word_1_12' title='bbox 534 625 718 705; x_wconf 89' lang='lat' dir='ltr'><strong>temporum</strong></span> <span class='ocrx_word' id='word_1_13' title='bbox 733 618 880 684; x_wconf 87' lang='lat' dir='ltr'>ordinem</span> <span class='ocrx_word' id='word_1_14' title='bbox 894 620 1048 705; x_wconf 88' lang='lat' dir='ltr'><strong>sequitur,</strong></span> <span class='ocrx_word' id='word_1_15' title='bbox 1064 642 1127 704; x_wconf 92' lang='lat' dir='ltr'><strong>quo</strong></span> <span class='ocrx_word' id='word_1_16' title='bbox 1143 621 1293 704; x_wconf 89' lang='lat' dir='ltr'><strong>quodque</strong></span> <span class='ocrx_word' id='word_1_17' title='bbox 1307 625 1472 685; x_wconf 86' lang='lat' dir='ltr'><strong>certamen</strong></span> <span class='ocrx_word' id='word_1_18' title='bbox 1485 617 1598 703; x_wconf 85' lang='lat' dir='ltr'><strong>Olym-</strong></span> 
     </span>
     <span class='ocr_line' id='line_1_4' title="bbox 306 719 1598 813; baseline 0.001 -22"><span class='ocrx_word' id='word_1_19' title='bbox 306 727 378 812; x_wconf 85' lang='lat' dir='ltr'><strong>piae</strong></span> <span class='ocrx_word' id='word_1_20' title='bbox 402 719 569 811; x_wconf 82' lang='lat' dir='ltr'><strong>receptum</strong></span> <span class='ocrx_word' id='word_1_21' title='bbox 594 749 664 792; x_wconf 89' lang='lat' dir='ltr'><strong>esse</strong></span> <span class='ocrx_word' id='word_1_22' title='bbox 684 749 783 812; x_wconf 87' lang='lat' dir='ltr'><strong>supra</strong></span> <span class='ocrx_word' id='word_1_23' title='bbox 800 751 831 813; x_wconf 92' lang='lat' dir='ltr'><strong>p.</strong></span> <span class='ocrx_word' id='word_1_24' title='bbox 846 745 932 791; x_wconf 78' lang='lat' dir='ltr'><strong>Lm</strong></span> <span class='ocrx_word' id='word_1_25' title='bbox 954 726 1109 810; x_wconf 88' lang='lat' dir='ltr'><strong>vidimus,</strong></span> <span class='ocrx_word' id='word_1_26' title='bbox 1135 726 1200 792; x_wconf 91' lang='lat' dir='ltr'><strong>nisi</strong></span> <span class='ocrx_word' id='word_1_27' title='bbox 1225 727 1311 813; x_wconf 94' lang='lat' dir='ltr'><strong>quod</strong></span> <span class='ocrx_word' id='word_1_28' title='bbox 1335 728 1446 792; x_wconf 91' lang='lat' dir='ltr'><strong>omnia</strong></span> <span class='ocrx_word' id='word_1_29' title='bbox 1468 727 1598 792; x_wconf 90' lang='lat' dir='ltr'><strong>curulia</strong></span> 
     </span>
     <span class='ocr_line' id='line_1_5' title="bbox 308 831 1596 930; baseline 0 -32"><span class='ocrx_word' id='word_1_30' title='bbox 308 834 486 900; x_wconf 86' lang='lat' dir='ltr'><strong>certamina</strong></span> <span class='ocrx_word' id='word_1_31' title='bbox 515 831 716 922; x_wconf 78' lang='grc' dir='ltr'><strong><em>(τέθριππον</em></strong></span> <span class='ocrx_word' id='word_1_32' title='bbox 848 835 998 900; x_wconf 88' lang='grc' dir='ltr'><strong><em>πωλικὸν</em></strong></span> <span class='ocrx_word' id='word_1_33' title='bbox 1024 833 1158 930; x_wconf 66' lang='grc' dir='ltr'><strong><em>κέλητα)</em></strong></span> <span class='ocrx_word' id='word_1_34' title='bbox 1185 835 1419 920; x_wconf 88' lang='lat' dir='ltr'><strong>comprehensa</strong></span> <span class='ocrx_word' id='word_1_35' title='bbox 1447 839 1596 900; x_wconf 88' lang='lat' dir='ltr'><strong>extremo</strong></span> 
     </span>
     <span class='ocr_line' id='line_1_6' title="bbox 310 941 1596 1028; baseline 0.001 -23"><span class='ocrx_word' id='word_1_36' title='bbox 310 941 383 1006; x_wconf 91' lang='lat' dir='ltr'><strong>loco</strong></span> <span class='ocrx_word' id='word_1_37' title='bbox 406 942 517 1027; x_wconf 86' lang='lat' dir='ltr'><strong>posuit</strong></span> <span class='ocrx_word' id='word_1_38' title='bbox 541 946 575 1006; x_wconf 89' lang='lat' dir='ltr'><strong>et</strong></span> <span class='ocrx_word' id='word_1_39' title='bbox 597 943 727 1007; x_wconf 78' lang='grc' dir='ltr'><strong><em>παίδων</em></strong></span> <span class='ocrx_word' id='word_1_40' title='bbox 745 942 949 1028; x_wconf 80' lang='grc' dir='ltr'><strong><em>παγκράτιον</em></strong></span> <span class='ocrx_word' id='word_1_41' title='bbox 968 963 1041 1006; x_wconf 92' lang='lat' dir='ltr'><strong>cum</strong></span> <span class='ocrx_word' id='word_1_42' title='bbox 1064 941 1198 1025; x_wconf 90' lang='lat' dir='ltr'><strong>reliquis</strong></span> <span class='ocrx_word' id='word_1_43' title='bbox 1221 941 1394 1027; x_wconf 81' lang='lat' dir='ltr'><strong>generibus</strong></span> <span class='ocrx_word' id='word_1_44' title='bbox 1417 964 1596 1027; x_wconf 89' lang='lat' dir='ltr'><strong>puerorum</strong></span> 
     </span>
    </p>
   </div>
   <div class='ocr_carea' id='block_1_3' title="bbox 309 1048 1695 1133">
    <p class='ocr_par' dir='ltr' id='par_1_3' title="bbox 309 1048 1695 1133">
     <span class='ocr_line' id='line_1_7' title="bbox 309 1048 1695 1133; baseline 0.002 -21"><span class='ocrx_word' id='word_1_45' title='bbox 309 1049 524 1114; x_wconf 79' lang='lat' dir='ltr'><strong>certaminum</strong></span> <span class='ocrx_word' id='word_1_46' title='bbox 557 1049 733 1114; x_wconf 86' lang='lat' dir='ltr'><strong>coniunxit.</strong></span> <span class='ocrx_word' id='word_1_47' title='bbox 788 1048 993 1133; x_wconf 75' lang='lat' dir='ltr'><strong>Quamquam</strong></span> <span class='ocrx_word' id='word_1_48' title='bbox 1025 1049 1054 1113; x_wconf 90' lang='lat' dir='ltr'><strong>si</strong></span> <span class='ocrx_word' id='word_1_49' title='bbox 1089 1048 1167 1113; x_wconf 91' lang='lat' dir='ltr'><strong>licet</strong></span> <span class='ocrx_word' id='word_1_50' title='bbox 1198 1048 1342 1114; x_wconf 87' lang='lat' dir='ltr'><strong>divinare</strong></span> <span class='ocrx_word' id='word_1_51' title='bbox 1373 1053 1408 1113; x_wconf 89' lang='lat' dir='ltr'><strong>et</strong></span> <span class='ocrx_word' id='word_1_52' title='bbox 1445 1049 1596 1113; x_wconf 83' lang='lat' dir='ltr'><strong>ordinem</strong></span> <span class='ocrx_word' id='word_1_53' title='bbox 1694 1086 1695 1115; x_wconf 69' lang='lat'>1</span> 
     </span>
    </p>
   </div>
   <div class='ocr_carea' id='block_1_4' title="bbox 307 1144 1695 2211">
    <p class='ocr_par' dir='ltr' id='par_1_4' title="bbox 307 1144 1695 2211">
     <span class='ocr_line' id='line_1_8' title="bbox 310 1144 1695 1242; baseline -0.001 -21"><span class='ocrx_word' id='word_1_54' title='bbox 310 1155 578 1242; x_wconf 82' lang='lat' dir='ltr'><strong>chronologicum</strong></span> <span class='ocrx_word' id='word_1_55' title='bbox 607 1156 843 1222; x_wconf 84' lang='lat' dir='ltr'><strong>recentioribus</strong></span> <span class='ocrx_word' id='word_1_56' title='bbox 873 1156 1076 1241; x_wconf 75' lang='lat' dir='ltr'><strong>temporibus</strong></span> <span class='ocrx_word' id='word_1_57' title='bbox 1107 1155 1212 1242; x_wconf 78' lang='lat' dir='ltr'><strong>magis</strong></span> <span class='ocrx_word' id='word_1_58' title='bbox 1245 1160 1409 1221; x_wconf 87' lang='lat' dir='ltr'><strong>servatum</strong></span> <span class='ocrx_word' id='word_1_59' title='bbox 1443 1179 1516 1221; x_wconf 91' lang='lat' dir='ltr'><strong>esse</strong></span> <span class='ocrx_word' id='word_1_60' title='bbox 1544 1179 1592 1220; x_wconf 89' lang='lat' dir='ltr'><strong>su·</strong></span> <span class='ocrx_word' id='word_1_61' title='bbox 1694 1144 1695 1213; x_wconf 73' lang='lat' dir='ltr'><strong>l</strong></span> 
     </span>
     <span class='ocr_line' id='line_1_9' title="bbox 309 1246 1695 1349; baseline 0.001 -22"><span class='ocrx_word' id='word_1_62' title='bbox 309 1263 441 1348; x_wconf 87' lang='lat' dir='ltr'><strong>spicari,</strong></span> <span class='ocrx_word' id='word_1_63' title='bbox 474 1285 513 1328; x_wconf 86' lang='lat' dir='ltr'><strong>ex</strong></span> <span class='ocrx_word' id='word_1_64' title='bbox 545 1263 602 1328; x_wconf 88' lang='lat' dir='ltr'><strong>illa</strong></span> <span class='ocrx_word' id='word_1_65' title='bbox 631 1262 744 1328; x_wconf 88' lang='lat' dir='ltr'><strong>tabula</strong></span> <span class='ocrx_word' id='word_1_66' title='bbox 773 1261 858 1328; x_wconf 91' lang='lat' dir='ltr'><strong>hanc</strong></span> <span class='ocrx_word' id='word_1_67' title='bbox 890 1263 1156 1328; x_wconf 80' lang='lat' dir='ltr'><strong>distributionem</strong></span> <span class='ocrx_word' id='word_1_68' title='bbox 1185 1264 1399 1328; x_wconf 76' lang='lat' dir='ltr'><strong>certaminum</strong></span> <span class='ocrx_word' id='word_1_69' title='bbox 1434 1264 1597 1349; x_wconf 87' lang='lat' dir='ltr'><strong>expiscari</strong></span> <span class='ocrx_word' id='word_1_70' title='bbox 1694 1246 1695 1301; x_wconf 59' lang='lat' dir='ltr'><strong>l</strong></span> 
     </span>
     <span class='ocr_line' id='line_1_10' title="bbox 308 1371 444 1455; baseline 0.007 -21"><span class='ocrx_word' id='word_1_71' title='bbox 308 1371 444 1455; x_wconf 88' lang='lat' dir='ltr'><strong>poteris:</strong></span> 
     </span>
     <span class='ocr_line' id='line_1_11' title="bbox 395 1477 1695 1563; baseline -0.003 -20"><span class='ocrx_word' id='word_1_72' title='bbox 395 1477 501 1563; x_wconf 86' lang='lat' dir='ltr'><strong>primo</strong></span> <span class='ocrx_word' id='word_1_73' title='bbox 525 1477 590 1542; x_wconf 91' lang='lat' dir='ltr'><strong>die:</strong></span> <span class='ocrx_word' id='word_1_74' title='bbox 613 1479 790 1563; x_wconf 83' lang='grc' dir='ltr'><strong><em>είσιτήρια·</em></strong></span> <span class='ocrx_word' id='word_1_75' title='bbox 1694 1540 1695 1557; x_wconf 60' lang='lat'><strong>,</strong></span> 
     </span>
     <span class='ocr_line' id='line_1_12' title="bbox 396 1583 1695 1675; baseline 0.002 -27"><span class='ocrx_word' id='word_1_76' title='bbox 396 1585 536 1650; x_wconf 89' lang='lat' dir='ltr'><strong>secundo</strong></span> <span class='ocrx_word' id='word_1_77' title='bbox 561 1584 625 1649; x_wconf 91' lang='lat' dir='ltr'><strong>die:</strong></span> <span class='ocrx_word' id='word_1_78' title='bbox 649 1584 797 1670; x_wconf 76' lang='grc' dir='ltr'><strong><em>στάδιον,</em></strong></span> <span class='ocrx_word' id='word_1_79' title='bbox 821 1586 972 1670; x_wconf 80' lang='grc' dir='ltr'><strong><em>δίαυλος,</em></strong></span> <span class='ocrx_word' id='word_1_80' title='bbox 991 1584 1161 1669; x_wconf 83' lang='grc' dir='ltr'><strong><em>Ἑλλήνων</em></strong></span> <span class='ocrx_word' id='word_1_81' title='bbox 1184 1586 1326 1670; x_wconf 83' lang='grc' dir='ltr'><strong><em>δόλιγος,</em></strong></span> <span class='ocrx_word' id='word_1_82' title='bbox 1345 1583 1517 1670; x_wconf 88' lang='grc' dir='ltr'><strong><em>Ῥωμαίων</em></strong></span> <span class='ocrx_word' id='word_1_83' title='bbox 1541 1587 1598 1651; x_wconf 88' lang='grc' dir='ltr'><strong>δό-</strong></span> <span class='ocrx_word' id='word_1_84' title='bbox 1694 1638 1695 1675; x_wconf 67' lang='grc'><strong><em>,</em></strong></span> 
     </span>
     <span class='ocr_line' id='line_1_13' title="bbox 308 1678 1695 1778; baseline 0.004 -23"><span class='ocrx_word' id='word_1_85' title='bbox 308 1696 409 1777; x_wconf 83' lang='grc' dir='ltr'><strong><em>λιχος,</em></strong></span> <span class='ocrx_word' id='word_1_86' title='bbox 434 1692 635 1776; x_wconf 82' lang='grc' dir='ltr'><strong><em>πένταθλον,</em></strong></span> <span class='ocrx_word' id='word_1_87' title='bbox 658 1692 754 1777; x_wconf 81' lang='grc' dir='ltr'><strong><em>πύλη,</em></strong></span> <span class='ocrx_word' id='word_1_88' title='bbox 777 1692 851 1778; x_wconf 80' lang='grc' dir='ltr'><strong><em>πύξ,</em></strong></span> <span class='ocrx_word' id='word_1_89' title='bbox 874 1693 1089 1777; x_wconf 75' lang='grc' dir='ltr'><strong><em>παγκράτιον,</em></strong></span> <span class='ocrx_word' id='word_1_90' title='bbox 1694 1678 1695 1727; x_wconf 71' lang='lat'>3</span> 
     </span>
     <span class='ocr_line' id='line_1_14' title="bbox 397 1799 1695 1899; baseline 0.002 -35"><span class='ocrx_word' id='word_1_91' title='bbox 397 1800 495 1865; x_wconf 86' lang='lat' dir='ltr'><strong>tertio</strong></span> <span class='ocrx_word' id='word_1_92' title='bbox 519 1799 616 1888; x_wconf 88' lang='lat' dir='ltr'><strong>die¹):</strong></span> <span class='ocrx_word' id='word_1_93' title='bbox 646 1801 778 1865; x_wconf 93' lang='grc' dir='ltr'><strong><em>παίδων</em></strong></span> <span class='ocrx_word' id='word_1_94' title='bbox 800 1800 948 1883; x_wconf 79' lang='grc' dir='ltr'><strong><em>στάδιον,</em></strong></span> <span class='ocrx_word' id='word_1_95' title='bbox 977 1802 1108 1866; x_wconf 90' lang='grc' dir='ltr'><strong><em>παίδων</em></strong></span> <span class='ocrx_word' id='word_1_96' title='bbox 1130 1801 1234 1885; x_wconf 82' lang='grc' dir='ltr'><strong><em>πάλη,</em></strong></span> <span class='ocrx_word' id='word_1_97' title='bbox 1260 1802 1391 1867; x_wconf 91' lang='grc' dir='ltr'><strong><em>παίδων</em></strong></span> <span class='ocrx_word' id='word_1_98' title='bbox 1412 1802 1494 1884; x_wconf 79' lang='grc' dir='ltr'><strong><em>πύξ,</em></strong></span> <span class='ocrx_word' id='word_1_99' title='bbox 1521 1806 1597 1866; x_wconf 88' lang='grc' dir='ltr'><strong><em>παί-</em></strong></span> <span class='ocrx_word' id='word_1_100' title='bbox 1694 1826 1695 1899; x_wconf 59' lang='grc' dir='ltr'><strong><em>ρ</em></strong></span> 
     </span>
     <span class='ocr_line' id='line_1_15' title="bbox 309 1907 615 1994; baseline 0.01 -25"><span class='ocrx_word' id='word_1_101' title='bbox 309 1907 378 1971; x_wconf 90' lang='grc' dir='ltr'><strong>δων</strong></span> <span class='ocrx_word' id='word_1_102' title='bbox 400 1907 615 1994; x_wconf 83' lang='grc' dir='ltr'><strong><em>παγκράτιον,</em></strong></span> 
     </span>
     <span class='ocr_line' id='line_1_16' title="bbox 398 2014 1695 2104; baseline 0.002 -26"><span class='ocrx_word' id='word_1_103' title='bbox 398 2019 514 2098; x_wconf 85' lang='lat' dir='ltr'><strong>quarto</strong></span> <span class='ocrx_word' id='word_1_104' title='bbox 534 2014 597 2079; x_wconf 92' lang='lat' dir='ltr'><strong>die:</strong></span> <span class='ocrx_word' id='word_1_105' title='bbox 618 2014 753 2098; x_wconf 81' lang='grc' dir='ltr'><strong><em>ὁπλίτης</em></strong></span> <span class='ocrx_word' id='word_1_106' title='bbox 773 2015 906 2100; x_wconf 79' lang='grc' dir='ltr'><strong><em>δρόμος,</em></strong></span> <span class='ocrx_word' id='word_1_107' title='bbox 925 2015 1246 2104; x_wconf 58' lang='lat' dir='ltr'><strong>acroceramina,</strong></span> <span class='ocrx_word' id='word_1_108' title='bbox 1266 2018 1439 2103; x_wconf 86' lang='grc' dir='ltr'><strong><em>συνωρίδι,</em></strong></span> <span class='ocrx_word' id='word_1_109' title='bbox 1457 2021 1594 2104; x_wconf 76' lang='grc' dir='ltr'><strong><em>πωλικῷ</em></strong></span> <span class='ocrx_word' id='word_1_110' title='bbox 1694 2020 1695 2099; x_wconf 62' lang='grc' dir='ltr'>ἶ</span> 
     </span>
     <span class='ocr_line' id='line_1_17' title="bbox 307 2106 1695 2211; baseline 0.003 -26"><span class='ocrx_word' id='word_1_111' title='bbox 307 2124 491 2209; x_wconf 76' lang='grc' dir='ltr'><strong><em>τεθρίππῳ,</em></strong></span> <span class='ocrx_word' id='word_1_112' title='bbox 513 2127 640 2208; x_wconf 73' lang='grc' dir='ltr'><strong><em>πωλικῇ</em></strong></span> <span class='ocrx_word' id='word_1_113' title='bbox 664 2123 837 2208; x_wconf 86' lang='grc' dir='ltr'><strong><em>συνωρίδι,</em></strong></span> <span class='ocrx_word' id='word_1_114' title='bbox 859 2128 993 2211; x_wconf 75' lang='grc' dir='ltr'><strong><em>πωλικῷ</em></strong></span> <span class='ocrx_word' id='word_1_115' title='bbox 1017 2122 1142 2206; x_wconf 85' lang='grc' dir='ltr'><strong><em>κέλητι·</em></strong></span> <span class='ocrx_word' id='word_1_116' title='bbox 1694 2106 1695 2115; x_wconf 26' lang='lat'>¹</span> 
     </span>
    </p>
   </div>
   <div class='ocr_carea' id='block_1_5' title="bbox 396 2227 1695 2314">
    <p class='ocr_par' dir='ltr' id='par_1_5' title="bbox 396 2227 1695 2314">
     <span class='ocr_line' id='line_1_18' title="bbox 396 2227 1695 2314; baseline 0.001 -22"><span class='ocrx_word' id='word_1_117' title='bbox 396 2228 511 2314; x_wconf 92' lang='lat' dir='ltr'><strong>quinto</strong></span> <span class='ocrx_word' id='word_1_118' title='bbox 538 2229 603 2294; x_wconf 87' lang='lat' dir='ltr'><strong>die:</strong></span> <span class='ocrx_word' id='word_1_119' title='bbox 635 2241 778 2314; x_wconf 84' lang='grc' dir='ltr'><strong><em>πομπεῖα</em></strong></span> <span class='ocrx_word' id='word_1_120' title='bbox 810 2241 878 2295; x_wconf 84' lang='grc' dir='ltr'><strong><em>τῶν</em></strong></span> <span class='ocrx_word' id='word_1_121' title='bbox 903 2231 1125 2314; x_wconf 83' lang='grc' dir='ltr'><strong><em>νικησάντων,</em></strong></span> <span class='ocrx_word' id='word_1_122' title='bbox 1157 2232 1252 2314; x_wconf 74' lang='grc' dir='ltr'><strong><em>κοινὴ</em></strong></span> <span class='ocrx_word' id='word_1_123' title='bbox 1281 2232 1408 2314; x_wconf 79' lang='grc' dir='ltr'><strong><em>πομπή,</em></strong></span> <span class='ocrx_word' id='word_1_124' title='bbox 1437 2227 1594 2306; x_wconf 82' lang='grc' dir='ltr'><strong><em>ἑστίασις.</em></strong></span> <span class='ocrx_word' id='word_1_125' title='bbox 1694 2240 1695 2261; x_wconf 67' lang='lat'>³</span> 
     </span>
    </p>
   </div>
   <div class='ocr_carea' id='block_1_6' title="bbox 307 2333 1597 2744">
    <p class='ocr_par' dir='ltr' id='par_1_6' title="bbox 307 2333 1597 2744">
     <span class='ocr_line' id='line_1_19' title="bbox 309 2333 1597 2422; baseline 0.002 -24"><span class='ocrx_word' id='word_1_126' title='bbox 309 2333 431 2410; x_wconf 82' lang='lat' dir='ltr'><strong>Quodsi</strong></span> <span class='ocrx_word' id='word_1_127' title='bbox 460 2335 627 2422; x_wconf 84' lang='lat' dir='ltr'><strong>catalogus</strong></span> <span class='ocrx_word' id='word_1_128' title='bbox 655 2337 817 2401; x_wconf 86' lang='lat' dir='ltr'><strong>victorum</strong></span> <span class='ocrx_word' id='word_1_129' title='bbox 844 2334 893 2400; x_wconf 90' lang='lat' dir='ltr'><strong>Ol.</strong></span> <span class='ocrx_word' id='word_1_130' title='bbox 913 2353 1059 2400; x_wconf 77' lang='lat' dir='ltr'><strong>canvn</strong></span> <span class='ocrx_word' id='word_1_131' title='bbox 1085 2359 1150 2401; x_wconf 93' lang='lat' dir='ltr'><strong>non</strong></span> <span class='ocrx_word' id='word_1_132' title='bbox 1179 2337 1275 2402; x_wconf 92' lang='lat' dir='ltr'><strong>modo</strong></span> <span class='ocrx_word' id='word_1_133' title='bbox 1302 2342 1488 2422; x_wconf 89' lang='lat' dir='ltr'><strong>temporum</strong></span> <span class='ocrx_word' id='word_1_134' title='bbox 1511 2336 1597 2400; x_wconf 92' lang='lat' dir='ltr'><strong>ordi-</strong></span> 
     </span>
     <span class='ocr_line' id='line_1_20' title="bbox 307 2443 1597 2530; baseline 0.001 -23"><span class='ocrx_word' id='word_1_135' title='bbox 307 2463 394 2527; x_wconf 87' lang='lat' dir='ltr'><strong>nem,</strong></span> <span class='ocrx_word' id='word_1_136' title='bbox 424 2465 487 2528; x_wconf 92' lang='lat' dir='ltr'><strong>quo</strong></span> <span class='ocrx_word' id='word_1_137' title='bbox 511 2443 641 2530; x_wconf 83' lang='lat' dir='ltr'><strong>singula</strong></span> <span class='ocrx_word' id='word_1_138' title='bbox 663 2444 841 2508; x_wconf 87' lang='lat' dir='ltr'><strong>certamina</strong></span> <span class='ocrx_word' id='word_1_139' title='bbox 866 2448 1111 2529; x_wconf 72' lang='lat' dir='ltr'><strong>receptarunt,</strong></span> <span class='ocrx_word' id='word_1_140' title='bbox 1139 2444 1298 2529; x_wconf 88' lang='lat' dir='ltr'><strong>sequitur,</strong></span> <span class='ocrx_word' id='word_1_141' title='bbox 1327 2445 1506 2509; x_wconf 89' lang='lat' dir='ltr'><strong>sedetiam</strong></span> <span class='ocrx_word' id='word_1_142' title='bbox 1530 2465 1597 2508; x_wconf 88' lang='lat' dir='ltr'><strong>cer-</strong></span> 
     </span>
     <span class='ocr_line' id='line_1_21' title="bbox 308 2549 1596 2637; baseline 0.002 -24"><span class='ocrx_word' id='word_1_143' title='bbox 308 2549 468 2614; x_wconf 90' lang='lat' dir='ltr'><strong>taminum</strong></span> <span class='ocrx_word' id='word_1_144' title='bbox 497 2549 656 2629; x_wconf 89' lang='lat' dir='ltr'><strong>ordinem,</strong></span> <span class='ocrx_word' id='word_1_145' title='bbox 687 2572 751 2634; x_wconf 90' lang='lat' dir='ltr'><strong>quo</strong></span> <span class='ocrx_word' id='word_1_146' title='bbox 780 2573 818 2616; x_wconf 89' lang='lat' dir='ltr'><strong>ea</strong></span> <span class='ocrx_word' id='word_1_147' title='bbox 849 2555 920 2616; x_wconf 93' lang='lat' dir='ltr'><strong>tum</strong></span> <span class='ocrx_word' id='word_1_148' title='bbox 950 2551 1107 2636; x_wconf 86' lang='lat' dir='ltr'><strong>temporis</strong></span> <span class='ocrx_word' id='word_1_149' title='bbox 1137 2573 1208 2616; x_wconf 90' lang='lat' dir='ltr'><strong>sese</strong></span> <span class='ocrx_word' id='word_1_150' title='bbox 1238 2552 1455 2637; x_wconf 76' lang='lat' dir='ltr'><strong>excipiebant,</strong></span> <span class='ocrx_word' id='word_1_151' title='bbox 1485 2556 1596 2617; x_wconf 84' lang='lat' dir='ltr'><strong>aetate</strong></span> 
     </span>
     <span class='ocr_line' id='line_1_22' title="bbox 308 2655 1596 2744; baseline 0.002 -24"><span class='ocrx_word' id='word_1_152' title='bbox 308 2655 440 2721; x_wconf 87' lang='lat' dir='ltr'><strong>Pindari</strong></span> <span class='ocrx_word' id='word_1_153' title='bbox 464 2662 497 2721; x_wconf 90' lang='lat' dir='ltr'><strong>et</strong></span> <span class='ocrx_word' id='word_1_154' title='bbox 519 2656 746 2742; x_wconf 88' lang='lat' dir='ltr'><strong>Xenophontis</strong></span> <span class='ocrx_word' id='word_1_155' title='bbox 770 2663 952 2742; x_wconf 86' lang='lat' dir='ltr'><strong>eteorum,</strong></span> <span class='ocrx_word' id='word_1_156' title='bbox 980 2679 997 2722; x_wconf 90' lang='lat' dir='ltr'><strong>e</strong></span> <span class='ocrx_word' id='word_1_157' title='bbox 1021 2657 1140 2742; x_wconf 91' lang='lat' dir='ltr'><strong>quibus</strong></span> <span class='ocrx_word' id='word_1_158' title='bbox 1163 2658 1342 2724; x_wconf 83' lang='lat' dir='ltr'><strong>Pausanias</strong></span> <span class='ocrx_word' id='word_1_159' title='bbox 1367 2660 1499 2744; x_wconf 85' lang='lat' dir='ltr'><strong>pendet,</strong></span> <span class='ocrx_word' id='word_1_160' title='bbox 1526 2681 1596 2723; x_wconf 91' lang='lat' dir='ltr'><strong>mu-</strong></span> 
     </span>
    </p>
   </div>
   <div class='ocr_carea' id='block_1_7' title="bbox 308 2763 1695 2957">
    <p class='ocr_par' dir='ltr' id='par_1_7' title="bbox 308 2763 1695 2957">
     <span class='ocr_line' id='line_1_23' title="bbox 308 2763 1695 2850; baseline 0.001 -22"><span class='ocrx_word' id='word_1_161' title='bbox 308 2763 466 2828; x_wconf 88' lang='lat' dir='ltr'><strong>tationem</strong></span> <span class='ocrx_word' id='word_1_162' title='bbox 504 2764 636 2850; x_wconf 80' lang='lat' dir='ltr'><strong>genuini</strong></span> <span class='ocrx_word' id='word_1_163' title='bbox 674 2763 796 2830; x_wconf 83' lang='lat' dir='ltr'><strong>ordinis</strong></span> <span class='ocrx_word' id='word_1_164' title='bbox 827 2765 963 2850; x_wconf 86' lang='lat' dir='ltr'><strong>factam,</strong></span> <span class='ocrx_word' id='word_1_165' title='bbox 999 2770 1114 2850; x_wconf 87' lang='lat' dir='ltr'><strong>postea</strong></span> <span class='ocrx_word' id='word_1_166' title='bbox 1146 2770 1255 2830; x_wconf 88' lang='lat' dir='ltr'><strong>autem</strong></span> <span class='ocrx_word' id='word_1_167' title='bbox 1287 2787 1400 2831; x_wconf 87' lang='lat' dir='ltr'><strong>rursus</strong></span> <span class='ocrx_word' id='word_1_168' title='bbox 1431 2765 1595 2830; x_wconf 89' lang='lat' dir='ltr'><strong>abiectam</strong></span> <span class='ocrx_word' id='word_1_169' title='bbox 1694 2776 1695 2779; x_wconf 76' lang='grc'>’</span> 
     </span>
     <span class='ocr_line' id='line_1_24' title="bbox 308 2869 1695 2957; baseline 0.001 -22"><span class='ocrx_word' id='word_1_170' title='bbox 308 2892 379 2936; x_wconf 88' lang='lat' dir='ltr'><strong>esse</strong></span> <span class='ocrx_word' id='word_1_171' title='bbox 401 2869 498 2934; x_wconf 90' lang='lat' dir='ltr'><strong>nobis</strong></span> <span class='ocrx_word' id='word_1_172' title='bbox 522 2871 730 2937; x_wconf 89' lang='lat' dir='ltr'><strong>statuendum</strong></span> <span class='ocrx_word' id='word_1_173' title='bbox 755 2875 813 2936; x_wconf 88' lang='lat' dir='ltr'><strong>est.</strong></span> <span class='ocrx_word' id='word_1_174' title='bbox 850 2871 1045 2936; x_wconf 87' lang='lat' dir='ltr'><strong>Mutationis</strong></span> <span class='ocrx_word' id='word_1_175' title='bbox 1069 2876 1179 2937; x_wconf 89' lang='lat' dir='ltr'><strong>autem</strong></span> <span class='ocrx_word' id='word_1_176' title='bbox 1201 2872 1290 2937; x_wconf 89' lang='lat' dir='ltr'><strong>illius</strong></span> <span class='ocrx_word' id='word_1_177' title='bbox 1312 2895 1440 2938; x_wconf 88' lang='lat' dir='ltr'><strong>summa</strong></span> <span class='ocrx_word' id='word_1_178' title='bbox 1458 2895 1497 2938; x_wconf 89' lang='lat' dir='ltr'><strong>ea</strong></span> <span class='ocrx_word' id='word_1_179' title='bbox 1515 2879 1596 2957; x_wconf 86' lang='lat' dir='ltr'><strong>erat,</strong></span> <span class='ocrx_word' id='word_1_180' title='bbox 1694 2882 1695 2887; x_wconf 77' lang='grc'>’</span> 
     </span>
    </p>
   </div>
   <div class='ocr_carea' id='block_1_8' title="bbox 308 2977 1595 3282">
    <p class='ocr_par' dir='ltr' id='par_1_8' title="bbox 308 2977 1595 3282">
     <span class='ocr_line' id='line_1_25' title="bbox 308 2977 1595 3066; baseline 0.001 -23"><span class='ocrx_word' id='word_1_181' title='bbox 308 2982 346 3043; x_wconf 89' lang='lat' dir='ltr'><strong>ut</strong></span> <span class='ocrx_word' id='word_1_182' title='bbox 368 2977 583 3043; x_wconf 88' lang='lat' dir='ltr'><strong>certaminum</strong></span> <span class='ocrx_word' id='word_1_183' title='bbox 607 3000 726 3065; x_wconf 82' lang='lat' dir='ltr'><strong>genera</strong></span> <span class='ocrx_word' id='word_1_184' title='bbox 750 2979 942 3065; x_wconf 85' lang='lat' dir='ltr'><strong>composita,</strong></span> <span class='ocrx_word' id='word_1_185' title='bbox 965 2979 1206 3064; x_wconf 83' lang='lat' dir='ltr'><strong>quinquertium</strong></span> <span class='ocrx_word' id='word_1_186' title='bbox 1225 2985 1259 3044; x_wconf 90' lang='lat' dir='ltr'><strong>et</strong></span> <span class='ocrx_word' id='word_1_187' title='bbox 1280 2981 1495 3066; x_wconf 87' lang='lat' dir='ltr'><strong>pancratium,</strong></span> <span class='ocrx_word' id='word_1_188' title='bbox 1517 2985 1595 3066; x_wconf 90' lang='lat' dir='ltr'><strong>post</strong></span> 
     </span>
     <span class='ocr_line' id='line_1_26' title="bbox 309 3085 1595 3172; baseline 0.002 -22"><span class='ocrx_word' id='word_1_189' title='bbox 309 3085 470 3171; x_wconf 88' lang='lat' dir='ltr'><strong>simplicia</strong></span> <span class='ocrx_word' id='word_1_190' title='bbox 484 3086 669 3170; x_wconf 88' lang='lat' dir='ltr'><strong>certamina,</strong></span> <span class='ocrx_word' id='word_1_191' title='bbox 689 3108 820 3152; x_wconf 82' lang='lat' dir='ltr'><strong>emaum</strong></span> <span class='ocrx_word' id='word_1_192' title='bbox 834 3087 957 3152; x_wconf 88' lang='lat' dir='ltr'><strong>luctam</strong></span> <span class='ocrx_word' id='word_1_193' title='bbox 970 3087 1164 3172; x_wconf 83' lang='lat' dir='ltr'><strong>pugilatum,</strong></span> <span class='ocrx_word' id='word_1_194' title='bbox 1184 3088 1300 3152; x_wconf 87' lang='lat' dir='ltr'><strong>fierent</strong></span> <span class='ocrx_word' id='word_1_195' title='bbox 1313 3087 1530 3172; x_wconf 90' lang='lat' dir='ltr'><strong>ultimumque</strong></span> <span class='ocrx_word' id='word_1_196' title='bbox 1549 3087 1595 3152; x_wconf 80' lang='lat' dir='ltr'><strong>lo</strong></span> 
     </span>
     <span class='ocr_line' id='line_1_27' title="bbox 308 3191 1593 3282; baseline 0.002 -25"><span class='ocrx_word' id='word_1_197' title='bbox 308 3215 382 3257; x_wconf 91' lang='lat' dir='ltr'><strong>cum</strong></span> <span class='ocrx_word' id='word_1_198' title='bbox 396 3191 627 3282; x_wconf 81' lang='lat' dir='ltr'><strong>sortirentur.¹)</strong></span> <span class='ocrx_word' id='word_1_199' title='bbox 655 3193 892 3259; x_wconf 88' lang='lat' dir='ltr'><strong>Panathenaeis</strong></span> <span class='ocrx_word' id='word_1_200' title='bbox 907 3198 1017 3258; x_wconf 86' lang='lat' dir='ltr'><strong>autem</strong></span> <span class='ocrx_word' id='word_1_201' title='bbox 1031 3199 1074 3279; x_wconf 86' lang='lat' dir='ltr'><strong>et,</strong></span> <span class='ocrx_word' id='word_1_202' title='bbox 1088 3195 1116 3259; x_wconf 88' lang='lat' dir='ltr'><strong>si</strong></span> <span class='ocrx_word' id='word_1_203' title='bbox 1131 3216 1170 3259; x_wconf 86' lang='lat' dir='ltr'><strong>ex</strong></span> <span class='ocrx_word' id='word_1_204' title='bbox 1184 3217 1249 3260; x_wconf 93' lang='lat' dir='ltr'><strong>uno</strong></span> <span class='ocrx_word' id='word_1_205' title='bbox 1265 3195 1412 3281; x_wconf 85' lang='lat' dir='ltr'><strong>exemplo</strong></span> <span class='ocrx_word' id='word_1_206' title='bbox 1425 3196 1464 3260; x_wconf 89' lang='lat' dir='ltr'><strong>de</strong></span> <span class='ocrx_word' id='word_1_207' title='bbox 1476 3196 1593 3261; x_wconf 86' lang='lat' dir='ltr'><strong>ceteris</strong></span> 
     </span>
    </p>
   </div>
   <div class='ocr_carea' id='block_1_9' title="bbox 307 3299 1695 3388">
    <p class='ocr_par' dir='ltr' id='par_1_9' title="bbox 307 3299 1695 3388">
     <span class='ocr_line' id='line_1_28' title="bbox 307 3299 1695 3388; baseline 0.001 -24"><span class='ocrx_word' id='word_1_208' title='bbox 307 3300 497 3365; x_wconf 87' lang='lat' dir='ltr'><strong>concludere</strong></span> <span class='ocrx_word' id='word_1_209' title='bbox 524 3299 616 3386; x_wconf 82' lang='lat' dir='ltr'><strong>licet,</strong></span> <span class='ocrx_word' id='word_1_210' title='bbox 644 3301 794 3366; x_wconf 89' lang='lat' dir='ltr'><strong>omnibus</strong></span> <span class='ocrx_word' id='word_1_211' title='bbox 820 3302 854 3365; x_wconf 90' lang='lat' dir='ltr'><strong>in</strong></span> <span class='ocrx_word' id='word_1_212' title='bbox 878 3301 963 3366; x_wconf 90' lang='lat' dir='ltr'><strong>ludis</strong></span> <span class='ocrx_word' id='word_1_213' title='bbox 987 3301 1169 3367; x_wconf 89' lang='lat' dir='ltr'><strong>minoribus</strong></span> <span class='ocrx_word' id='word_1_214' title='bbox 1193 3303 1375 3388; x_wconf 82' lang='lat' dir='ltr'><strong>exemplum</strong></span> <span class='ocrx_word' id='word_1_215' title='bbox 1399 3307 1432 3369; x_wconf 90' lang='lat' dir='ltr'><strong>et</strong></span> <span class='ocrx_word' id='word_1_216' title='bbox 1455 3303 1595 3367; x_wconf 88' lang='lat' dir='ltr'><strong>auctori·</strong></span> <span class='ocrx_word' id='word_1_217' title='bbox 1694 3308 1695 3315; x_wconf 75' lang='grc'>’</span> 
     </span>
    </p>
   </div>
   <div class='ocr_carea' id='block_1_10' title="bbox 307 3406 1595 3709">
    <p class='ocr_par' dir='ltr' id='par_1_10' title="bbox 307 3406 1595 3709">
     <span class='ocr_line' id='line_1_29' title="bbox 307 3406 1595 3502; baseline 0.002 -31"><span class='ocrx_word' id='word_1_218' title='bbox 307 3411 410 3472; x_wconf 90' lang='lat' dir='ltr'><strong>tatem</strong></span> <span class='ocrx_word' id='word_1_219' title='bbox 432 3406 584 3502; x_wconf 82' lang='lat' dir='ltr'><strong>ludorum</strong></span> <span class='ocrx_word' id='word_1_220' title='bbox 603 3407 847 3494; x_wconf 88' lang='lat' dir='ltr'><strong>Olympicorum</strong></span> <span class='ocrx_word' id='word_1_221' title='bbox 866 3409 902 3471; x_wconf 91' lang='lat' dir='ltr'><strong>in</strong></span> <span class='ocrx_word' id='word_1_222' title='bbox 920 3408 1031 3473; x_wconf 88' lang='lat' dir='ltr'><strong>ordine</strong></span> <span class='ocrx_word' id='word_1_223' title='bbox 1055 3410 1270 3476; x_wconf 86' lang='lat' dir='ltr'><strong>certaminum</strong></span> <span class='ocrx_word' id='word_1_224' title='bbox 1293 3409 1466 3495; x_wconf 83' lang='lat' dir='ltr'><strong>digerendo</strong></span> <span class='ocrx_word' id='word_1_225' title='bbox 1489 3410 1595 3475; x_wconf 88' lang='lat' dir='ltr'><strong>secuti</strong></span> 
     </span>
     <span class='ocr_line' id='line_1_30' title="bbox 307 3515 1593 3602; baseline 0.001 -23"><span class='ocrx_word' id='word_1_226' title='bbox 307 3519 391 3580; x_wconf 90' lang='lat' dir='ltr'><strong>sunt.</strong></span> <span class='ocrx_word' id='word_1_227' title='bbox 437 3515 488 3579; x_wconf 80' lang='lat' dir='ltr'><strong>Ad</strong></span> <span class='ocrx_word' id='word_1_228' title='bbox 510 3519 713 3600; x_wconf 88' lang='lat' dir='ltr'><strong>postremum</strong></span> <span class='ocrx_word' id='word_1_229' title='bbox 739 3515 830 3580; x_wconf 87' lang='lat' dir='ltr'><strong>brevi</strong></span> <span class='ocrx_word' id='word_1_230' title='bbox 853 3515 968 3600; x_wconf 87' lang='lat' dir='ltr'><strong>refero,</strong></span> <span class='ocrx_word' id='word_1_231' title='bbox 992 3537 1056 3601; x_wconf 90' lang='lat' dir='ltr'><strong>quo</strong></span> <span class='ocrx_word' id='word_1_232' title='bbox 1078 3522 1176 3602; x_wconf 87' lang='lat' dir='ltr'><strong>pacto</strong></span> <span class='ocrx_word' id='word_1_233' title='bbox 1198 3517 1374 3584; x_wconf 85' lang='lat' dir='ltr'><strong>Holwerda</strong></span> <span class='ocrx_word' id='word_1_234' title='bbox 1396 3516 1493 3582; x_wconf 84' lang='lat' dir='ltr'><strong>Arch.</strong></span> <span class='ocrx_word' id='word_1_235' title='bbox 1513 3516 1593 3581; x_wconf 88' lang='lat' dir='ltr'><strong>Zeit.</strong></span> 
     </span>
     <span class='ocr_line' id='line_1_31' title="bbox 309 3622 1594 3709; baseline 0 -21"><span class='ocrx_word' id='word_1_236' title='bbox 309 3623 395 3688; x_wconf 88' lang='grc'>1880</span> <span class='ocrx_word' id='word_1_237' title='bbox 413 3645 443 3707; x_wconf 93' lang='lat' dir='ltr'><strong>p.</strong></span> <span class='ocrx_word' id='word_1_238' title='bbox 454 3624 527 3708; x_wconf 78' lang='lat'><strong>171,</strong></span> <span class='ocrx_word' id='word_1_239' title='bbox 546 3644 620 3688; x_wconf 89' lang='lat' dir='ltr'><strong>cum</strong></span> <span class='ocrx_word' id='word_1_240' title='bbox 633 3623 743 3690; x_wconf 90' lang='lat' dir='ltr'><strong>locum</strong></span> <span class='ocrx_word' id='word_1_241' title='bbox 757 3622 852 3688; x_wconf 86' lang='lat' dir='ltr'><strong>Paus.</strong></span> <span class='ocrx_word' id='word_1_242' title='bbox 863 3641 885 3686; x_wconf 87' lang='lat' dir='ltr'>v</span> <span class='ocrx_word' id='word_1_243' title='bbox 900 3625 931 3709; x_wconf 87' lang='lat'><strong>9,</strong></span> <span class='ocrx_word' id='word_1_244' title='bbox 946 3625 966 3688; x_wconf 88' lang='lat'><strong>3</strong></span> <span class='ocrx_word' id='word_1_245' title='bbox 984 3623 1080 3689; x_wconf 85' lang='lat' dir='ltr'><strong>aliter</strong></span> <span class='ocrx_word' id='word_1_246' title='bbox 1095 3624 1313 3709; x_wconf 81' lang='lat' dir='ltr'><strong>supplevisset</strong></span> <span class='ocrx_word' id='word_1_247' title='bbox 1331 3629 1365 3688; x_wconf 87' lang='lat' dir='ltr'><strong>et</strong></span> <span class='ocrx_word' id='word_1_248' title='bbox 1380 3623 1594 3689; x_wconf 86' lang='lat' dir='ltr'><strong>Plutarchum</strong></span> 
     </span>
    </p>
   </div>
   <div class='ocr_carea' id='block_1_11' title="bbox 229 3887 1597 4892">
    <p class='ocr_par' dir='ltr' id='par_1_11' title="bbox 238 3887 1597 4374">
     <span class='ocr_line' id='line_1_32' title="bbox 396 3887 1594 3961; baseline 0.002 -19"><span class='ocrx_word' id='word_1_249' title='bbox 396 3893 422 3960; x_wconf 89' lang='lat'><strong>1)</strong></span> <span class='ocrx_word' id='word_1_250' title='bbox 441 3887 587 3943; x_wconf 85' lang='lat' dir='ltr'><strong>Plutarchi</strong></span> <span class='ocrx_word' id='word_1_251' title='bbox 610 3891 704 3943; x_wconf 87' lang='lat' dir='ltr'><strong>aetate</strong></span> <span class='ocrx_word' id='word_1_252' title='bbox 728 3905 879 3960; x_wconf 89' lang='lat' dir='ltr'><strong>puaromm</strong></span> <span class='ocrx_word' id='word_1_253' title='bbox 902 3887 1057 3943; x_wconf 84' lang='lat' dir='ltr'><strong>certamine</strong></span> <span class='ocrx_word' id='word_1_254' title='bbox 1076 3892 1143 3945; x_wconf 89' lang='lat' dir='ltr'><strong>ante</strong></span> <span class='ocrx_word' id='word_1_255' title='bbox 1161 3890 1286 3945; x_wconf 79' lang='lat' dir='ltr'><strong>virorum</strong></span> <span class='ocrx_word' id='word_1_256' title='bbox 1305 3889 1392 3946; x_wconf 83' lang='lat' dir='ltr'><strong>fnisse</strong></span> <span class='ocrx_word' id='word_1_257' title='bbox 1415 3892 1535 3961; x_wconf 88' lang='lat' dir='ltr'><strong>apparet</strong></span> <span class='ocrx_word' id='word_1_258' title='bbox 1559 3906 1594 3946; x_wconf 82' lang='lat' dir='ltr'><strong>ex</strong></span> 
     </span>
     <span class='ocr_line' id='line_1_33' title="bbox 307 3959 1593 4033; baseline 0.002 -19"><span class='ocrx_word' id='word_1_259' title='bbox 307 3961 420 4027; x_wconf 80' lang='lat' dir='ltr'><strong>Quaest.</strong></span> <span class='ocrx_word' id='word_1_260' title='bbox 441 3977 518 4015; x_wconf 85' lang='lat' dir='ltr'><strong>oonv.</strong></span> <span class='ocrx_word' id='word_1_261' title='bbox 536 3979 557 4013; x_wconf 92' lang='lat'><strong>11</strong></span> <span class='ocrx_word' id='word_1_262' title='bbox 577 3965 601 4029; x_wconf 79' lang='grc' dir='ltr'><strong><em>ὅ,</em></strong></span> <span class='ocrx_word' id='word_1_263' title='bbox 617 3967 645 4017; x_wconf 86' lang='lat' dir='ltr'><strong>l:</strong></span> <span class='ocrx_word' id='word_1_264' title='bbox 670 3959 798 4016; x_wconf 80' lang='grc' dir='ltr'><strong><em>ἐνταῦθα</em></strong></span> <span class='ocrx_word' id='word_1_265' title='bbox 822 3959 853 4014; x_wconf 75' lang='grc' dir='ltr'><strong>δὲ</strong></span> <span class='ocrx_word' id='word_1_266' title='bbox 876 3960 946 4030; x_wconf 87' lang='grc' dir='ltr'><strong><em>παρ’</em></strong></span> <span class='ocrx_word' id='word_1_267' title='bbox 968 3961 985 4030; x_wconf 78' lang='grc' dir='ltr'><strong><em>ἡ</em></strong></span> <span class='ocrx_word' id='word_1_268' title='bbox 1007 3969 1034 4016; x_wconf 85' lang='grc' dir='ltr'><strong>ῖν</strong></span> <span class='ocrx_word' id='word_1_269' title='bbox 1058 3960 1213 4032; x_wconf 76' lang='grc' dir='ltr'><strong><em>(Ἀθήνησι)</em></strong></span> <span class='ocrx_word' id='word_1_270' title='bbox 1237 3960 1309 4016; x_wconf 82' lang='grc' dir='ltr'><strong><em>καθ’</em></strong></span> <span class='ocrx_word' id='word_1_271' title='bbox 1330 3960 1448 4018; x_wconf 77' lang='grc' dir='ltr'><strong><em>ἕκαστον</em></strong></span> <span class='ocrx_word' id='word_1_272' title='bbox 1474 3963 1593 4033; x_wconf 83' lang='grc' dir='ltr'><strong><em>ἄθλημα</em></strong></span> 
     </span>
     <span class='ocr_line' id='line_1_34' title="bbox 238 3981 1594 4103; baseline 0.001 -16"><span class='ocrx_word' id='word_1_273' title='bbox 238 4050 241 4055; x_wconf 86' lang='grc'><strong>’</strong></span> <span class='ocrx_word' id='word_1_274' title='bbox 306 4034 372 4096; x_wconf 77' lang='grc' dir='ltr'><strong><em>τοὺς</em></strong></span> <span class='ocrx_word' id='word_1_275' title='bbox 399 4030 620 4103; x_wconf 77' lang='grc' dir='ltr'><strong><em>ἀγωνιζομένους</em></strong></span> <span class='ocrx_word' id='word_1_276' title='bbox 648 4030 807 4103; x_wconf 71' lang='grc' dir='ltr'><strong><em>εἰσάγωσιν</em></strong></span> <span class='ocrx_word' id='word_1_277' title='bbox 840 4032 886 4086; x_wconf 74' lang='grc' dir='ltr'><strong>ἐπὶ</strong></span> <span class='ocrx_word' id='word_1_278' title='bbox 915 3981 1005 4087; x_wconf 71' lang='grc' dir='ltr'><strong>παισίΙ</strong></span> <span class='ocrx_word' id='word_1_279' title='bbox 1023 4037 1191 4097; x_wconf 74' lang='grc' dir='ltr'><strong><em>παλαισταῖς</em></strong></span> <span class='ocrx_word' id='word_1_280' title='bbox 1218 4033 1325 4102; x_wconf 74' lang='grc' dir='ltr'><strong><em>ἄνδρας</em></strong></span> <span class='ocrx_word' id='word_1_281' title='bbox 1356 4033 1512 4098; x_wconf 81' lang='grc' dir='ltr'><strong><em>παλαιστὰς</em></strong></span> <span class='ocrx_word' id='word_1_282' title='bbox 1544 4035 1594 4088; x_wconf 81' lang='grc' dir='ltr'><strong>καί</strong></span> 
     </span>
     <span class='ocr_line' id='line_1_35' title="bbox 305 4102 1597 4176; baseline 0 -17"><span class='ocrx_word' id='word_1_283' title='bbox 305 4105 412 4168; x_wconf 79' lang='grc' dir='ltr'><strong><em>πύκτας</em></strong></span> <span class='ocrx_word' id='word_1_284' title='bbox 436 4103 481 4157; x_wconf 78' lang='grc' dir='ltr'><strong>ἐπὶ</strong></span> <span class='ocrx_word' id='word_1_285' title='bbox 504 4104 635 4173; x_wconf 82' lang='grc' dir='ltr'><strong><em>πύκταις,</em></strong></span> <span class='ocrx_word' id='word_1_286' title='bbox 664 4102 766 4174; x_wconf 81' lang='grc' dir='ltr'><strong><em>ὁμοίως</em></strong></span> <span class='ocrx_word' id='word_1_287' title='bbox 789 4105 837 4158; x_wconf 85' lang='grc' dir='ltr'><strong>καὶ</strong></span> <span class='ocrx_word' id='word_1_288' title='bbox 860 4105 1100 4174; x_wconf 81' lang='grc' dir='ltr'><strong><em>παγκρατιαστάς·</em></strong></span> <span class='ocrx_word' id='word_1_289' title='bbox 1125 4104 1183 4159; x_wconf 81' lang='grc' dir='ltr'><strong><em>ἐκεῖ</em></strong></span> <span class='ocrx_word' id='word_1_290' title='bbox 1206 4103 1237 4159; x_wconf 73' lang='grc' dir='ltr'><strong>δὲ</strong></span> <span class='ocrx_word' id='word_1_291' title='bbox 1261 4102 1448 4176; x_wconf 86' lang='grc' dir='ltr'><strong><em>(Ὀλυμπίασι)</em></strong></span> <span class='ocrx_word' id='word_1_292' title='bbox 1471 4104 1542 4160; x_wconf 77' lang='grc' dir='ltr'><strong><em>ὅταν</em></strong></span> <span class='ocrx_word' id='word_1_293' title='bbox 1566 4103 1597 4161; x_wconf 76' lang='grc' dir='ltr'><strong><em>οἱ</em></strong></span> 
     </span>
     <span class='ocr_line' id='line_1_36' title="bbox 306 4173 1592 4245; baseline 0 -15"><span class='ocrx_word' id='word_1_294' title='bbox 306 4178 407 4239; x_wconf 83' lang='grc' dir='ltr'><strong><em>παῖδες</em></strong></span> <span class='ocrx_word' id='word_1_295' title='bbox 426 4178 473 4230; x_wconf 90' lang='grc' dir='ltr'><strong>δια</strong></span> <span class='ocrx_word' id='word_1_296' title='bbox 493 4173 661 4244; x_wconf 86' lang='grc' dir='ltr'><strong><em>ωνίσωνται,</em></strong></span> <span class='ocrx_word' id='word_1_297' title='bbox 684 4173 746 4230; x_wconf 83' lang='grc' dir='ltr'><strong><em>τότε</em></strong></span> <span class='ocrx_word' id='word_1_298' title='bbox 765 4177 830 4240; x_wconf 84' lang='grc' dir='ltr'><strong><em>τούς</em></strong></span> <span class='ocrx_word' id='word_1_299' title='bbox 849 4175 956 4244; x_wconf 78' lang='grc' dir='ltr'><strong><em>ἄνδρας</em></strong></span> <span class='ocrx_word' id='word_1_300' title='bbox 975 4181 1098 4232; x_wconf 83' lang='grc' dir='ltr'><strong><em>καλοῦσι.</em></strong></span> <span class='ocrx_word' id='word_1_301' title='bbox 1136 4178 1230 4245; x_wconf 85' lang='lat' dir='ltr'><strong>Atque</strong></span> <span class='ocrx_word' id='word_1_302' title='bbox 1249 4175 1431 4231; x_wconf 83' lang='lat' dir='ltr'><strong>Plutarchum</strong></span> <span class='ocrx_word' id='word_1_303' title='bbox 1450 4194 1518 4232; x_wconf 83' lang='lat' dir='ltr'><strong>vera</strong></span> <span class='ocrx_word' id='word_1_304' title='bbox 1537 4181 1592 4232; x_wconf 84' lang='lat' dir='ltr'><strong>ret-</strong></span> 
     </span>
     <span class='ocr_line' id='line_1_37' title="bbox 305 4197 1593 4374; baseline 0 -72"><span class='ocrx_word' id='word_1_305' title='bbox 305 4247 409 4374; x_wconf 51' lang='grc' dir='ltr'><strong><em>ἐρύετο</em></strong></span> <span class='ocrx_word' id='word_1_306' title='bbox 427 4197 522 4373; x_wconf 66' lang='grc' dir='ltr'><strong><em>αηλίαο</em></strong></span> <span class='ocrx_word' id='word_1_307' title='bbox 541 4247 673 4317; x_wconf 88' lang='lat' dir='ltr'><strong>equidem</strong></span> <span class='ocrx_word' id='word_1_308' title='bbox 692 4247 799 4318; x_wconf 88' lang='lat' dir='ltr'><strong>dubito,</strong></span> <span class='ocrx_word' id='word_1_309' title='bbox 819 4247 869 4302; x_wconf 83' lang='lat' dir='ltr'><strong>sed</strong></span> <span class='ocrx_word' id='word_1_310' title='bbox 886 4246 981 4317; x_wconf 88' lang='lat' dir='ltr'><strong>potuit</strong></span> <span class='ocrx_word' id='word_1_311' title='bbox 997 4248 1064 4302; x_wconf 93' lang='lat' dir='ltr'><strong>ordo</strong></span> <span class='ocrx_word' id='word_1_312' title='bbox 1083 4265 1232 4319; x_wconf 90' lang='lat' dir='ltr'><strong>puerorum</strong></span> <span class='ocrx_word' id='word_1_313' title='bbox 1246 4248 1431 4302; x_wconf 80' lang='lat' dir='ltr'><strong>certaminum</strong></span> <span class='ocrx_word' id='word_1_314' title='bbox 1445 4247 1519 4303; x_wconf 87' lang='lat' dir='ltr'><strong>alins</strong></span> <span class='ocrx_word' id='word_1_315' title='bbox 1535 4249 1593 4303; x_wconf 91' lang='lat' dir='ltr'><strong>alio</strong></span> 
     </span>
    </p>

    <p class='ocr_par' dir='ltr' id='par_1_12' title="bbox 335 4335 518 4374">
     <span class='ocr_line' id='line_1_38' title="bbox 335 4335 518 4374; baseline 0.005 -2"><span class='ocrx_word' id='word_1_316' title='bbox 335 4337 364 4372; x_wconf 89' lang='lat' dir='ltr'><strong>m</strong></span> <span class='ocrx_word' id='word_1_317' title='bbox 385 4335 432 4374; x_wconf 84' lang='lat' dir='ltr'><strong>ore</strong></span> <span class='ocrx_word' id='word_1_318' title='bbox 470 4335 518 4373; x_wconf 83' lang='lat' dir='ltr'><strong>err.</strong></span> 
     </span>
    </p>

    <p class='ocr_par' dir='ltr' id='par_1_13' title="bbox 229 4339 1594 4892">
     <span class='ocr_line' id='line_1_39' title="bbox 365 4339 1592 4462; baseline 0.001 -18"><span class='ocrx_word' id='word_1_319' title='bbox 365 4339 422 4461; x_wconf 66' lang='lat' dir='ltr'><strong>pt)</strong></span> <span class='ocrx_word' id='word_1_320' title='bbox 437 4389 573 4445; x_wconf 84' lang='lat' dir='ltr'><strong>Similiter</strong></span> <span class='ocrx_word' id='word_1_321' title='bbox 587 4390 617 4445; x_wconf 91' lang='lat' dir='ltr'><strong>in</strong></span> <span class='ocrx_word' id='word_1_322' title='bbox 630 4391 831 4446; x_wconf 84' lang='lat' dir='ltr'><strong>certaminibus</strong></span> <span class='ocrx_word' id='word_1_323' title='bbox 841 4408 938 4444; x_wconf 86' lang='lat' dir='ltr'><strong>cursus</strong></span> <span class='ocrx_word' id='word_1_324' title='bbox 949 4391 991 4445; x_wconf 88' lang='lat'><strong>01.</strong></span> <span class='ocrx_word' id='word_1_325' title='bbox 1001 4409 1109 4444; x_wconf 64' lang='grc' dir='ltr'><strong><em>ταυτα</em></strong></span> <span class='ocrx_word' id='word_1_326' title='bbox 1119 4391 1156 4445; x_wconf 89' lang='lat' dir='ltr'><strong>ad</strong></span> <span class='ocrx_word' id='word_1_327' title='bbox 1171 4390 1325 4461; x_wconf 75' lang='lat' dir='ltr'><strong>genuinum</strong></span> <span class='ocrx_word' id='word_1_328' title='bbox 1339 4394 1369 4445; x_wconf 88' lang='lat' dir='ltr'><strong>et</strong></span> <span class='ocrx_word' id='word_1_329' title='bbox 1382 4391 1507 4462; x_wconf 86' lang='lat' dir='ltr'><strong>priscum</strong></span> <span class='ocrx_word' id='word_1_330' title='bbox 1517 4391 1592 4445; x_wconf 92' lang='lat' dir='ltr'><strong>ordi-</strong></span> 
     </span>
     <span class='ocr_line' id='line_1_40' title="bbox 306 4461 1592 4539; baseline 0.003 -25"><span class='ocrx_word' id='word_1_331' title='bbox 306 4479 371 4516; x_wconf 89' lang='lat' dir='ltr'><strong>nem</strong></span> <span class='ocrx_word' id='word_1_332' title='bbox 380 4461 523 4516; x_wconf 88' lang='lat' dir='ltr'><strong>redierunt</strong></span> <span class='ocrx_word' id='word_1_333' title='bbox 531 4462 576 4516; x_wconf 86' lang='lat' dir='ltr'><strong>vel</strong></span> <span class='ocrx_word' id='word_1_334' title='bbox 583 4462 733 4531; x_wconf 81' lang='lat' dir='ltr'><strong>redierant,</strong></span> <span class='ocrx_word' id='word_1_335' title='bbox 745 4467 776 4517; x_wconf 83' lang='lat' dir='ltr'><strong>ut</strong></span> <span class='ocrx_word' id='word_1_336' title='bbox 784 4463 878 4539; x_wconf 74' lang='lat' dir='ltr'><strong>qtadio</strong></span> <span class='ocrx_word' id='word_1_337' title='bbox 888 4467 917 4516; x_wconf 88' lang='lat' dir='ltr'><strong>et</strong></span> <span class='ocrx_word' id='word_1_338' title='bbox 927 4463 1023 4517; x_wconf 86' lang='lat' dir='ltr'><strong>diaulo</strong></span> <span class='ocrx_word' id='word_1_339' title='bbox 1032 4466 1099 4516; x_wconf 85' lang='lat' dir='ltr'><strong>ante</strong></span> <span class='ocrx_word' id='word_1_340' title='bbox 1109 4463 1252 4517; x_wconf 88' lang='lat' dir='ltr'><strong>dolichum</strong></span> <span class='ocrx_word' id='word_1_341' title='bbox 1262 4467 1416 4532; x_wconf 70' lang='lat' dir='ltr'><strong>certarent,</strong></span> <span class='ocrx_word' id='word_1_342' title='bbox 1427 4480 1495 4518; x_wconf 87' lang='lat' dir='ltr'><strong>nam</strong></span> <span class='ocrx_word' id='word_1_343' title='bbox 1504 4468 1592 4518; x_wconf 86' lang='lat' dir='ltr'><strong>antea</strong></span> 
     </span>
     <span class='ocr_line' id='line_1_41' title="bbox 307 4532 1591 4605; baseline 0.001 -18"><span class='ocrx_word' id='word_1_344' title='bbox 307 4533 450 4602; x_wconf 85' lang='lat' dir='ltr'><strong>quondam</strong></span> <span class='ocrx_word' id='word_1_345' title='bbox 465 4532 621 4603; x_wconf 87' lang='lat' dir='ltr'><strong>Olympiae,</strong></span> <span class='ocrx_word' id='word_1_346' title='bbox 635 4536 667 4587; x_wconf 91' lang='lat' dir='ltr'><strong>ut</strong></span> <span class='ocrx_word' id='word_1_347' title='bbox 681 4534 799 4589; x_wconf 85' lang='lat' dir='ltr'><strong>Athenis</strong></span> <span class='ocrx_word' id='word_1_348' title='bbox 814 4537 850 4605; x_wconf 81' lang='lat' dir='ltr'><strong>(v.</strong></span> <span class='ocrx_word' id='word_1_349' title='bbox 867 4551 952 4604; x_wconf 88' lang='lat' dir='ltr'><strong>snpra</strong></span> <span class='ocrx_word' id='word_1_350' title='bbox 965 4553 993 4604; x_wconf 90' lang='lat' dir='ltr'><strong>p.</strong></span> <span class='ocrx_word' id='word_1_351' title='bbox 1003 4538 1089 4603; x_wconf 79' lang='lat' dir='ltr'><strong>nrm)</strong></span> <span class='ocrx_word' id='word_1_352' title='bbox 1102 4534 1224 4604; x_wconf 90' lang='lat' dir='ltr'><strong>primum</strong></span> <span class='ocrx_word' id='word_1_353' title='bbox 1238 4533 1359 4604; x_wconf 87' lang='lat' dir='ltr'><strong>doliche,</strong></span> <span class='ocrx_word' id='word_1_354' title='bbox 1379 4535 1482 4589; x_wconf 88' lang='lat' dir='ltr'><strong>deinde</strong></span> <span class='ocrx_word' id='word_1_355' title='bbox 1497 4535 1591 4588; x_wconf 86' lang='lat' dir='ltr'><strong>stadio</strong></span> 
     </span>
     <span class='ocr_line' id='line_1_42' title="bbox 307 4604 1592 4677; baseline 0.001 -18"><span class='ocrx_word' id='word_1_356' title='bbox 307 4608 336 4659; x_wconf 90' lang='lat' dir='ltr'><strong>et</strong></span> <span class='ocrx_word' id='word_1_357' title='bbox 350 4604 445 4659; x_wconf 88' lang='lat' dir='ltr'><strong>diaulo</strong></span> <span class='ocrx_word' id='word_1_358' title='bbox 465 4607 604 4659; x_wconf 87' lang='lat' dir='ltr'><strong>certatum</strong></span> <span class='ocrx_word' id='word_1_359' title='bbox 623 4622 683 4660; x_wconf 87' lang='lat' dir='ltr'><strong>esse</strong></span> <span class='ocrx_word' id='word_1_360' title='bbox 703 4607 785 4660; x_wconf 87' lang='lat' dir='ltr'><strong>docet</strong></span> <span class='ocrx_word' id='word_1_361' title='bbox 803 4607 884 4661; x_wconf 90' lang='lat' dir='ltr'><strong>Paus.</strong></span> <span class='ocrx_word' id='word_1_362' title='bbox 896 4625 925 4660; x_wconf 81' lang='grc' dir='ltr'><strong>τι</strong></span> <span class='ocrx_word' id='word_1_363' title='bbox 939 4612 981 4675; x_wconf 77' lang='grc'><strong>13,</strong></span> <span class='ocrx_word' id='word_1_364' title='bbox 997 4612 1026 4661; x_wconf 86' lang='lat'><strong>3:</strong></span> <span class='ocrx_word' id='word_1_365' title='bbox 1050 4606 1108 4660; x_wconf 81' lang='grc' dir='ltr'><strong>ἀπὸ</strong></span> <span class='ocrx_word' id='word_1_366' title='bbox 1126 4605 1180 4677; x_wconf 83' lang='grc' dir='ltr'><strong>γὰρ</strong></span> <span class='ocrx_word' id='word_1_367' title='bbox 1197 4614 1247 4661; x_wconf 80' lang='grc' dir='ltr'><strong>τοῦ</strong></span> <span class='ocrx_word' id='word_1_368' title='bbox 1266 4604 1400 4676; x_wconf 82' lang='grc' dir='ltr'><strong><em>μηκίστου</em></strong></span> <span class='ocrx_word' id='word_1_369' title='bbox 1415 4608 1464 4660; x_wconf 83' lang='grc' dir='ltr'><strong>καί</strong></span> <span class='ocrx_word' id='word_1_370' title='bbox 1479 4609 1592 4674; x_wconf 79' lang='grc' dir='ltr'><strong><em>διαρκε-</em></strong></span> 
     </span>
     <span class='ocr_line' id='line_1_43' title="bbox 306 4673 1594 4750; baseline 0.002 -20"><span class='ocrx_word' id='word_1_371' title='bbox 306 4675 408 4732; x_wconf 81' lang='grc' dir='ltr'><strong><em>οτσίτον</em></strong></span> <span class='ocrx_word' id='word_1_372' title='bbox 432 4673 471 4730; x_wconf 87' lang='grc' dir='ltr'><strong><em>δι’</em></strong></span> <span class='ocrx_word' id='word_1_373' title='bbox 492 4676 631 4746; x_wconf 72' lang='grc' dir='ltr'><strong><em>ὀλιγίστου</em></strong></span> <span class='ocrx_word' id='word_1_374' title='bbox 655 4677 691 4746; x_wconf 80' lang='grc' dir='ltr'><strong>δὴ</strong></span> <span class='ocrx_word' id='word_1_375' title='bbox 716 4686 816 4747; x_wconf 85' lang='grc' dir='ltr'><strong><em>καιροῦ</em></strong></span> <span class='ocrx_word' id='word_1_376' title='bbox 841 4674 1041 4748; x_wconf 81' lang='grc' dir='ltr'><strong><em>μεθηρμόσατο</em></strong></span> <span class='ocrx_word' id='word_1_377' title='bbox 1066 4677 1112 4731; x_wconf 78' lang='grc' dir='ltr'><strong><em>ἐπί</em></strong></span> <span class='ocrx_word' id='word_1_378' title='bbox 1135 4678 1167 4732; x_wconf 77' lang='lat' dir='ltr'><strong>vd</strong></span> <span class='ocrx_word' id='word_1_379' title='bbox 1190 4680 1367 4750; x_wconf 79' lang='grc' dir='ltr'><strong><em>βραχύτατον</em></strong></span> <span class='ocrx_word' id='word_1_380' title='bbox 1390 4679 1439 4732; x_wconf 79' lang='grc' dir='ltr'><strong>καί</strong></span> <span class='ocrx_word' id='word_1_381' title='bbox 1463 4677 1594 4746; x_wconf 75' lang='grc' dir='ltr'><strong><em>ὤκιστον,</em></strong></span> 
     </span>
     <span class='ocr_line' id='line_1_44' title="bbox 306 4747 1592 4823; baseline 0.002 -20"><span class='ocrx_word' id='word_1_382' title='bbox 306 4749 354 4803; x_wconf 81' lang='grc' dir='ltr'><strong>καὶ</strong></span> <span class='ocrx_word' id='word_1_383' title='bbox 377 4750 488 4819; x_wconf 74' lang='grc' dir='ltr'><strong><em>δολίχου</em></strong></span> <span class='ocrx_word' id='word_1_384' title='bbox 511 4767 541 4802; x_wconf 81' lang='grc' dir='ltr'><strong><em>τε</em></strong></span> <span class='ocrx_word' id='word_1_385' title='bbox 565 4747 595 4802; x_wconf 81' lang='grc' dir='ltr'><strong>ἐν</strong></span> <span class='ocrx_word' id='word_1_386' title='bbox 617 4749 708 4823; x_wconf 79' lang='grc' dir='ltr'><strong><em>ἡμέρᾳ</em></strong></span> <span class='ocrx_word' id='word_1_387' title='bbox 730 4758 764 4820; x_wconf 81' lang='grc' dir='ltr'><strong><em>τη</em></strong></span> <span class='ocrx_word' id='word_1_388' title='bbox 788 4751 859 4821; x_wconf 76' lang='grc' dir='ltr'><strong><em>αὐτῇ</em></strong></span> <span class='ocrx_word' id='word_1_389' title='bbox 882 4752 931 4804; x_wconf 81' lang='grc' dir='ltr'><strong>καί</strong></span> <span class='ocrx_word' id='word_1_390' title='bbox 953 4747 1115 4818; x_wconf 82' lang='grc' dir='ltr'><strong><em>παραυτίκα</em></strong></span> <span class='ocrx_word' id='word_1_391' title='bbox 1139 4748 1255 4804; x_wconf 88' lang='grc' dir='ltr'><strong><em>σταδίου</em></strong></span> <span class='ocrx_word' id='word_1_392' title='bbox 1274 4750 1368 4823; x_wconf 80' lang='grc' dir='ltr'><strong><em>λαβὼν</em></strong></span> <span class='ocrx_word' id='word_1_393' title='bbox 1386 4747 1471 4819; x_wconf 87' lang='grc' dir='ltr'><strong><em>νίκην</em></strong></span> <span class='ocrx_word' id='word_1_394' title='bbox 1490 4751 1592 4819; x_wconf 81' lang='grc' dir='ltr'><strong><em>προσέ-</em></strong></span> 
     </span>
     <span class='ocr_line' id='line_1_45' title="bbox 229 4819 805 4892; baseline 0.003 -18"><span class='ocrx_word' id='word_1_395' title='bbox 229 4821 232 4829; x_wconf 63' lang='grc'>“</span> <span class='ocrx_word' id='word_1_396' title='bbox 306 4823 380 4892; x_wconf 78' lang='grc' dir='ltr'><strong><em>θηκε</em></strong></span> <span class='ocrx_word' id='word_1_397' title='bbox 399 4819 516 4875; x_wconf 90' lang='grc' dir='ltr'><strong><em>διαύλου</em></strong></span> <span class='ocrx_word' id='word_1_398' title='bbox 535 4819 613 4890; x_wconf 83' lang='grc' dir='ltr'><strong><em>σφίσι</em></strong></span> <span class='ocrx_word' id='word_1_399' title='bbox 631 4819 683 4890; x_wconf 76' lang='grc' dir='ltr'><strong><em>τὴν</em></strong></span> <span class='ocrx_word' id='word_1_400' title='bbox 700 4823 805 4892; x_wconf 89' lang='grc' dir='ltr'><strong><em>τρίτην.</em></strong></span> 
     </span>
    </p>
   </div>
   <div class='ocr_carea' id='block_1_12' title="bbox 0 0 1714 5428">
    <p class='ocr_par' dir='ltr' id='par_1_14' title="bbox 0 0 1714 5428">
     <span class='ocr_line' id='line_1_46' title="bbox 0 0 1714 5428; baseline 0 0"><span class='ocrx_word' id='word_1_401' title='bbox 0 0 1714 5428; x_wconf 95' lang='lat' dir='ltr'><strong> </strong></span> 
     </span>
    </p>
   </div>
  </div>
 </body>
</html>
