3417 5434
610 321 743 370 Prrffla
762 322 807 373 lV.
1284 319 1347 382 149

616 481 661 546 De
684 480 807 546 neuls.

152 588 257 646 Μαίη
279 587 368 645 huius
391 587 512 662 epinicii
535 590 607 646 sunt
629 586 924 663 dactylo-epitritioa,
949 606 1076 662 quorum
1100 587 1234 664 gravitas
1257 590 1348 663 atque

65 677 248 752 simplicitas
262 677 386 735 carmini
402 695 420 734 a
434 680 533 736 stante
549 671 589 756 (v.
607 667 637 755 1)
652 678 773 734 cantore
787 676 835 735 vel
850 676 939 736 choro
954 709 996 715 -
1011 676 1067 735 hoc
1086 676 1165 735 enim
1185 676 1348 736 diiudicare

65 788 119 824 non
140 767 246 825 ausim
263 798 300 806 -
318 766 349 823 in
367 766 576 826 comissatione
592 759 632 845 (v.
648 778 672 824 κ.
689 757 756 845 294)
776 765 924 823 cantando
948 768 979 824 et
1001 766 1033 823 in
1056 765 1168 824 fabulis
1191 766 1347 824 narrandis

65 856 261 931 potissimum
282 856 414 914 versanti
439 875 531 931 quam
554 854 680 913 maxime
704 858 794 930 aptae
818 857 911 914 erant.
950 854 1091 914 Gravitas
1110 858 1212 914 autern
1231 858 1262 914 et
1280 875 1348 915 con-

64 945 185 1022 stantia,
212 965 291 1021 quas
314 945 405 1003 huius
428 944 546 1024 generis
570 944 726 1003 modorum
748 943 887 1020 propriae
907 947 986 1021 sunt,
1005 945 1096 1003 etiam
1115 947 1221 1003 auctae
1241 948 1349 1003 sunta
1442 943 1444 947 ’

64 1038 151 1110 poeta
177 1034 334 1111 aequabili
354 1038 384 1093 et
402 1035 546 1093 continuo
565 1053 757 1093 numerorum
775 1052 873 1093 rursu.
910 1034 1049 1109 Namque
1073 1052 1223 1109 nusquam
1244 1033 1294 1092 ille
1317 1034 1347 1092 in

64 1125 166 1181 mediis
201 1124 338 1183 versibus
368 1127 579 1201 praeterquam
610 1123 665 1181 sub
695 1122 783 1181 linem
814 1123 953 1198 strophae
981 1123 1169 1199 interruptus
1193 1125 1250 1200 est,
1274 1124 1347 1199 quin

66 1216 154 1271 etiam
181 1232 279 1289 supra
305 1213 394 1273 finem
416 1232 521 1273 versus
544 1213 737 1272 continuatus
761 1218 807 1271 est
830 1213 861 1270 in
886 1212 1025 1287 strophae
1049 1215 1080 1272 et
1103 1212 1190 1289 epodi
1214 1212 1348 1273 versibus

65 1308 171 1377 quarto
203 1306 236 1361 et
264 1303 371 1379 quinto
399 1303 550 1363 continuis
578 1303 710 1361 numeris
738 1321 801 1361 sese
831 1302 1056 1378 excipientibus.
1104 1302 1212 1360 Utrum
1246 1305 1347 1361 autem

66 1393 153 1450 etiam
172 1411 281 1451 versus
300 1393 408 1451 tertius
427 1396 458 1451 et
477 1395 604 1468 quartus
623 1392 770 1469 strophae,
791 1391 916 1467 quintus
935 1393 965 1450 et
984 1395 1085 1450 sextus
1109 1392 1196 1467 spodi
1215 1392 1348 1451 numeris

66 1483 255 1558 cohaereant,
275 1501 313 1540 an
332 1485 400 1557 post
419 1482 543 1540 tertium
561 1500 681 1540 versum
701 1480 849 1558 strophae,
870 1479 1011 1556 quintum
1030 1480 1117 1556 epodi
1136 1481 1234 1539 maius
1253 1482 1345 1541 inter·

67 1572 188 1647 sallum,
215 1591 275 1647 quo
299 1572 456 1647 pericopae
480 1571 620 1647 strophae
645 1563 738 1651 (1—3.
762 1581 840 1630 4-6.
867 1562 950 1649 7-8)
979 1573 1009 1628 et
1032 1570 1120 1646 epodi
1149 1562 1242 1651 (1—2.
1267 1583 1345 1629 305.

67 1658 145 1738 6-7)
171 1660 397 1739 disiungantur,
421 1660 649 1719 interieiendum
673 1660 721 1736 sit,
745 1659 883 1719 dubitare
907 1660 1011 1734 possis.
1057 1660 1167 1719 Breues
1191 1661 1266 1718 duas
1290 1660 1346 1719 ini-

68 1750 148 1808 'tiales
174 1750 280 1808 ultimi
308 1769 411 1809 versus
440 1750 592 1826 strophae,
617 1749 726 1825 quibus
750 1749 824 1807 bene
848 1754 917 1808 ante
942 1749 1078 1807 sedatum
1103 1749 1217 1807 exitum
1240 1750 1345 1826 rhyth-

68 1859 128 1897 mus
151 1840 255 1899 denuo
278 1840 462 1917 concitatur,
485 1859 558 1897 num
580 1839 611 1897 in
634 1858 727 1897 unam
746 1839 868 1916 longam
891 1839 1064 1897 contrahere
1084 1842 1174 1914 poeta
1200 1839 1256 1897 sibi
1279 1859 1345 1915 per·

70 1929 187 2006 miserit,
209 1949 227 1989 a
246 1929 373 1988 lectione
392 1948 419 1988 v.
439 1941 471 1987 31
492 1928 609 2005 pendet.
643 1928 687 1988 De
706 1927 883 2004 tetrapodiis
902 1927 1058 2004 dactylicis
1078 1922 1143 2008 (str.
1163 1940 1187 1988 4.
1208 1940 1232 1987 6.
1252 1949 1297 2005 ep.
1314 1919 1345 2010 ὁ)

70 2019 203 2093 tripodiis
228 2019 397 2078 commixtis
421 2019 523 2077 confer
540 2037 643 2077 versus
663 2017 802 2076 similiter
819 2018 1000 2092 compositos
1020 2015 1053 2077 Ο,
1073 2036 1104 2076 vr
1124 2038 1168 2094 ep.
1189 2030 1213 2076 κ.
1237 2019 1273 2077 N.
1289 2038 1300 2076 1
1319 2031 1344 2077 6.

69 2128 109 2182 ep.
127 2121 151 2166 ε,
172 2121 198 2166 3.
220 2127 240 2166 v
263 2128 309 2184 ep.
329 2119 353 2166 6.
392 2108 415 2165 Ι.
435 2127 455 2166 v
477 2128 522 2183 ep.
542 2118 567 2168 8.
613 2107 749 2183 Denique
778 2111 808 2164 et
835 2106 866 2164 in
895 2126 1087 2166 numerorum
1116 2127 1223 2185 genere
1254 2111 1285 2166 et
1314 2108 1345 2167 in

70 2198 158 2254 lacteo
188 2197 312 2256 flumine
342 2197 442 2273 spicae
471 2197 651 2255 narrationis
679 2196 827 2254 Pindarus
854 2196 983 2273 vestigia
1014 2196 1175 2256 Stesichori
1203 2197 1343 2273 pressisse

70 2286 196 2364 ridetur,
225 2306 316 2362 quem
341 2286 544 2357 Quintilianus
567 2286 635 2347 inst.
655 2289 730 2345 orat.
749 2304 769 2342 x
790 2297 818 2363 1,
843 2297 877 2344 62
901 2285 977 2361 epici
1001 2285 1140 2345 carminis
1164 2306 1254 2345 onera
1278 2288 1345 2363 lyra

72 2376 244 2435 sustinuisse
267 2376 382 2435 laudat.

120 2513 277 2598 Σάμερον
300 2510 361 2597 μὲν
382 2515 445 2597 χρή
468 2530 505 2578 σε
527 2512 605 2598 παρ’
632 2510 729 2598 ἀνδρὶ
753 2517 840 2600 φίλῳ
1153 2517 1232 2596 Στρ.
1257 2514 1300 2579 α’.

119 2631 253 2706 στᾶμεν,
267 2621 408 2685 εὐίππου
422 2624 556 2704 βασιλῆι
566 2620 734 2703 Κυράνας,
745 2622 834 2703 ὄφρα
848 2620 1030 2704 κωμάζοντι
1045 2623 1108 2685 σὺν
1121 2617 1300 2709 Ἀρκεσίλᾳ,

121 2732 246 2810 Μοῖσα,
262 2729 479 2792 Λατοίδαισιν
494 2727 712 2811 ὀφειλόμενον
727 2732 873 2791 Πυθῶνι
888 2726 914 2791 τ’
934 2727 1034 2812 αὔξης
1048 2723 1151 2811 οὖρον
1164 2728 1290 2813 ὕμνων,
1328 2747 1344 2794 o

119 2838 202 2899 ἔνθα
226 2832 306 2900 ποτέ
330 2832 480 2918 χρυσέων
502 2835 586 2910 Διὸς
609 2837 733 2917 αἰητῶν
756 2835 919 2919 πάρεδρος

90 2942 179 3006 sorix
203 2942 378 3026 ἀποδάμου
397 2939 605 3017 ’Λπόλλωνος
629 2944 785 3025 τυχόντος
809 2940 896 3027 ἱέρεα

123 3060 243 3133 χρῆσεν
267 3051 438 3134 οἰκιστῆρα
462 3048 592 3114 Βάττον
614 3052 830 3134 καρποφόρου
855 3050 998 3133 Λιβύας,
1022 3050 1114 3133 ίεράν
1312 3066 1345 3113 10

122 3166 225 3222 νᾶσον
249 3157 294 3233 ὡς
317 3158 380 3239 ήδη
405 3156 512 3220 λιπὼν
535 3159 697 3221 κτίσσειεν
719 3155 921 3241 εὐ-οίρματον

120 3268 216 3328 πόλιν
240 3263 277 3329 ἐν
300 3264 488 3350 ἀργινόρντι
511 3273 638 3351 μαστῷ,

137 3449 217 3484 rima
242 3448 347 3485 necno.
385 3431 468 3484 lusor.
494 3427 632 3504 Ἀρκεσίλᾳ
650 3427 731 3502 (trip
750 3430 794 3498 E)
813 3434 881 3497 Κυρ.
901 3428 965 3499 ἀρμ.
983 3430 1038 3485 GE
1055 3433 1084 3483 et
1102 3431 1129 3484 B
1148 3447 1202 3484 sec.
1222 3447 1295 3484 man.
1311 3464 1344 3470 —

78 3499 169 3556 schol:
189 3500 346 3571 γέγραπται
356 3502 374 3571 ἡ
384 3500 443 3569 ὠδὴ
451 3500 613 3573 Ἀρκεσιλάῳ
623 3501 823 3570 Πολυμνήστου
832 3503 913 3554 παιδί
925 3501 969 3570 (cl.
980 3521 1006 3556 r.
1017 3505 1053 3563 sal
1065 3500 1214 3573 Κυρηναίῳ
1224 3502 1254 3554 τὸ
1265 3500 1345 3571 γένος

78 3575 238 3645 ιηςΛιβίης,
254 3559 400 3641 νικήσαντι
412 3574 465 3641 τὴν
478 3575 644 3642 τριακοστὴν
658 3574 771 3642 πρώτην
781 3573 928 3639 Πυθιάδα,
944 3572 1015 3627 ε”νιοι
1025 3571 1055 3626 δὲ
1066 3574 1114 3627 καί
1128 3573 1180 3642 τήν
1195 3573 1343 3661 όηδοηκοσ-

78 3642 120 3709 τὴν
136 3642 321 3714 Ὀλυμπιάδα·
342 3643 403 3698 ἀλλ’
425 3647 476 3698 οὐκ
496 3644 619 3715 ἔγραψεν
639 3645 677 3707 εἰς
691 3645 742 3713 τὴν
758 3643 947 3714 Ὀλυμπιακὴν
962 3646 1049 3698 αὐτοῦ
1065 3642 1154 3713 νίκην,
1169 3665 1262 3699 καιτοι
1276 3645 1345 3714 μετὰ

79 3714 121 3779 τὴν
135 3717 267 3785 Πυθικὴν
286 3716 449 3786 γενομένην,
468 3715 528 3770 ἀλλ’
550 3717 589 3779 εἰς
607 3716 642 3770 τά
661 3716 760 3770 Πύθια
780 3713 867 3786 μόνον
887 3749 919 3755 -
939 3722 963 3770 3.
984 3716 1083 3781 αὔξαις
1103 3717 1176 3770 0—
1194 3724 1220 3770 4.
1240 3718 1344 3785 αἰητῶν

79 3783 185 3843 nosch:
200 3789 302 3842 αἰετῶν
317 3790 384 3855 (ἀετ,
397 3790 434 3855 D)
448 3790 475 3841 B
483 3789 550 3855 ela
565 3790 655 3842 ἀετῶν
667 3788 756 3856 Ζηνὸς
765 3785 848 3840 Tricl.
860 3820 894 3827 —
905 3795 928 3841 5.
945 3787 1021 3856 ἱέρεα
1031 3789 1129 3855 BCD,
1140 3786 1228 3856 ίέρεια
1239 3788 1343 3857 Steph„

80 3855 130 3920 ἱρέα
147 3861 217 3914 coni.
228 3858 351 3928 Boeckh,
365 3858 464 3914 Πυθία
474 3859 622 3913 Ahlwardt
635 3891 670 3899 -
687 3865 709 3913 7.
729 3857 848 3914 κτίσειεν
864 3865 949 3929 (κτησ,
960 3860 999 3928 D)
1014 3860 1104 3913 ΒΘΖ)
1119 3891 1150 3899 -
1167 3865 1190 3913 8.
1211 3859 1344 3929 ἀρηάεντι

139 4022 327 4058 comanam.
364 4022 390 4057 v.
411 4009 434 4057 1.
472 4011 587 4072 στᾶμεν·
617 4019 729 4057 carmen
753 4018 770 4056 a
793 4005 886 4056 stante
914 4002 1068 4072 rhapsod0‚
1091 4020 1147 4056 non
1170 4001 1344 4072 tripudiante

82 4070 152 4127 choro
170 4075 344 4130 cantandum
363 4091 424 4128 esse
439 4073 584 4143 (στάσιμον
602 4071 692 4142 μέλος)
707 4074 848 4144 significat
862 4107 896 4114 —
911 4081 935 4127 2.
956 4071 1088 4127 sirinano·
1109 4074 1253 4144 epitheton
1272 4074 1343 4128 hene

82 4150 104 4193 rt
120 4148 192 4213 genti
212 4146 253 4201 rei
273 4146 411 4215 equestris
430 4146 574 4199 studiosae
597 4146 643 4213 (cf.
658 4145 687 4200 P.
703 4165 730 4199 iv
745 4162 777 4200 ιι,
807 4146 836 4199 P.
851 4165 870 4198 v
884 4162 917 4200 ss.
937 4165 963 4197 1x
978 4162 999 4200 ι.
1017 4162 1061 4200 123.
1091 4145 1174 4226 Soph.
1190 4144 1231 4198 El.
1247 4148 1296 4213 eso)
1316 4148 1345 4198 et

83 4214 203 4273 victoriae
218 4218 299 4287 equis
313 4222 412 4288 partae
427 4218 673 4271 adcommodatum
687 4219 778 4271 est-
794 4224 818 4271 3.
837 4214 1028 4284 Λατοίδαισιν,
1045 4216 1169 4285 Apollini
1184 4220 1213 4270 et
1227 4215 1342 4283 Dianae,

83 4301 142 4350 quac
159 4291 192 4345 hl.
208 4310 236 4343 rx
251 4307 263 4345 s
277 4293 420 4352 Πυθῶνος
433 4290 563 4352 αἰπεινᾶς
578 4288 727 4358 δμόκλαροι
747 4287 866 4343 ἐπόπται
885 4289 1015 4341 dicuntur
1034 4320 1066 4327 —
1087 4284 1171 4357 οὖρον
1190 4286 1294 4357 ίίμνων,
1314 4291 1345 4341 ut

84 4354 109 4409 δ’.
122 4379 146 4412 vi
159 4380 183 4416 sa
203 4360 293 4417 ἐπέων
313 4357 411 4430 οὖρον,
430 4362 595 4431 metaphora
610 4378 627 4413 a
641 4360 823 4430 navigatione
843 4361 928 4414 dueta
948 4393 981 4399 —
1001 4366 1025 4414 4.
1045 4359 1161 4428 αἰητῶν·
1183 4360 1281 4427 schol:
1302 4358 1344 4413 ὅτι

84 4427 128 4482 ὑπὸ
145 4435 210 4496 Διὸς
227 4432 387 4503 ἀφεθέντες
406 4432 436 4487 ἐκ
460 4442 515 4487 τῶν
538 4431 666 4501 περάτων
692 4442 740 4502 τῆς
764 4441 814 4502 γῆς
840 4432 992 4486 συνέπεσον
1019 4430 1158 4498 ἐνταῦθα,
1184 4433 1232 4484 καλ
1258 4429 1344 4493 οὕτως

85 4497 195 4575 ίγνὼσδη
218 4506 250 4559 τὸ
274 4502 359 4575 μέσον
382 4513 431 4574 τῆς
453 4513 515 4574 γῆς·
544 4499 583 4558 ὦν
602 4502 708 4567 εἰκόνες
726 4504 753 4558 ολ
771 4513 870 4575 χρυσοῖ
886 4503 1031 4557 ἀνέκειντο
1049 4502 1128 4571 παρά
1147 4503 1196 4557 τὸν
1215 4503 1344 4572 ὀμφαλὸν

85 4570 154 4642 ἀετοί,
172 4577 305 4646 ἤρδησαν
323 4574 355 4629 δὲ
375 4576 406 4629 ἐν
419 4581 457 4648 τῷ
473 4580 589 4630 Φωκικῶ
603 4575 721 4649 πολέμῳ,
741 4574 773 4631 ὃν
789 4573 942 4646 Φιλόμηλος
961 4575 1159 4642 συνεστήσατο·
1180 4574 1214 4629 cf.
1229 4576 1310 4629 Paus.
1326 4594 1343 4627 x

87 4657 112 4707 ιι,
128 4662 144 4699 ι.
178 4649 218 4703 De
237 4646 352 4702 oraculo
375 4647 437 4718 ipso
457 4648 552 4702 confer
572 4633 676 4701 Herod.
696 4667 724 4700 rv
743 4664 782 4702 iss
800 4679 833 4686 —
854 4653 878 4700 6.
898 4655 1000 4716 χρῆσεν
1019 4647 1176 4715 οἰκιστῆρα·
1204 4649 1343 4699 structura

87 4709 182 4773 Graecis
208 4719 339 4773 sollemni
365 4719 522 4774 subiectum
548 4718 686 4772 enuntiati
710 4718 849 4773 subiuncti
875 4720 1014 4787 (κτίσσειε)
1038 4717 1179 4771 obiectum
1203 4717 1343 4771 enuntiati

88 4791 191 4855 regentis
208 4793 334 4861 (χρῆσεν)
352 4790 460 4846 factum
478 4793 533 4858 est;
553 4791 587 4845 cf.
604 4790 634 4845 Ο.
650 4809 689 4844 vn
702 4807 728 4845 sa
743 4790 758 4844 ό
773 4787 954 4859 Χρυσοκόμας
972 4787 1059 4844 πλόον
1078 4784 1157 4844 εἶπεν
1172 4822 1204 4828 -
1220 4792 1244 4843 8.
1265 4790 1343 4859 ἀρμ-
