3417 5434
316 273 393 328 XXX
821 271 1101 324 PROLEGOMENA.

316 438 448 502 mendas
472 436 661 522 significavi.
705 435 865 500 Minuitur
889 434 952 500 hoc
975 434 1072 498 modo
1096 432 1270 498 discrimen
1291 431 1379 496 inter
1401 430 1607 497 comicorum

317 549 350 609 et
379 543 581 631 tragicorum
616 542 857 628 lyricorumque
888 541 1064 607 versiculos
1093 538 1277 605 trochaicos
1306 544 1445 624 quatuor
1474 538 1609 623 pedum,

319 672 400 734 quos
424 672 499 715 cum
522 672 608 715 nunc
631 649 786 714 dimetros
809 671 896 713 nunc
920 647 1109 732 octopodias
1133 651 1336 732 nuncupant,
1362 647 1451 712 iusto
1479 646 1608 710 maiore

318 758 490 823 intervallo
515 757 685 840 divellunt,
713 761 746 821 et
771 755 951 822 faciliorem
975 756 1171 840 explicatum
1193 753 1393 818 nanciscitur
1416 753 1608 818 coniunctio

320 887 472 930 versuum
503 865 767 950 logaoedicorum
795 869 828 928 et
855 863 1096 929 trochaicorum
1123 861 1401 945 iambicorumque
1428 860 1464 924 in
1490 859 1611 925 carmi-

322 973 419 1038 nibus
442 977 614 1057 poetarum
637 970 840 1037 scenicorum
862 970 1136 1054 frequentissima

410 1079 479 1143 lam
498 1079 554 1164 qui
573 1101 612 1143 ex
631 1101 687 1144 sex
704 1077 893 1163 pluribusve
911 1077 1048 1162 pedibus
1068 1081 1220 1141 constant
1238 1099 1365 1162 versus,
1383 1058 1439 1141 eos
1461 1079 1496 1140 ct
1513 1075 1609 1159 ipsos

320 1185 356 1250 in
379 1185 525 1271 dipodius
549 1185 734 1270 plerosque,
755 1206 823 1251 non
844 1184 881 1248 in
904 1184 1068 1269 simplices
1090 1184 1188 1269 pedes
1207 1182 1396 1249 dividendos
1415 1205 1486 1248 esse
1505 1185 1611 1267 patet,

322 1292 412 1356 velut
435 1290 471 1355 Ο.
490 1309 529 1356 111
548 1293 577 1358 ὃ.
601 1293 642 1358 N.
661 1310 700 1356 111
723 1313 771 1376 ep.
795 1295 825 1356 1:

739 1432 1176 1472 .·..v.-;v--;u-!

322 1615 498 1701 Plerosque
517 1614 598 1700 dixi,
616 1614 877 1699 quandoquidem
895 1618 974 1678 sunt
993 1613 1119 1698 aliquot
1136 1635 1250 1678 versus
1265 1612 1455 1698 aequalibus
1468 1612 1610 1699 pedibus

324 1727 392 1789 tam
424 1722 612 1808 procliviter
644 1721 866 1806 decurrentes,
897 1725 935 1785 ut
968 1725 1057 1785 certa
1087 1720 1209 1785 indicia
1240 1721 1392 1785 binorum
1422 1720 1611 1806 pluriumve

323 1831 441 1915 pedum
471 1830 507 1893 in
540 1828 731 1894 societatem
762 1828 854 1914 pedis
882 1827 1056 1913 compositi
1084 1827 1457 1914 comprehendendorum
1485 1827 1613 1892 frustra
1704 1886 1705 1895 ,

327 1957 472 2020 quaeras.
518 1934 606 2000 Talis
630 1939 680 2000 est
702 1935 826 2021 primus
850 1957 963 2000 versus
987 1934 1139 1999 carminis
1162 1933 1198 1999 P.
1217 1953 1243 1999 11

709 2078 1229 2129 merwel-u-uJ-uwu!7

325 2167 381 2252 qui
408 2172 519 2232 utrum
546 2166 582 2230 in
610 2165 757 2252 dipodias
786 2167 872 2232 solas
897 2189 940 2231 an
962 2167 998 2231 in
1020 2167 1185 2252 dipodiam
1208 2173 1242 2232 et
1264 2167 1436 2253 tripodiam
1463 2171 1496 2233 et
1519 2169 1613 2254 dipo-

324 2275 411 2340 diam
435 2272 658 2340 catalectiosm
681 2273 873 2339 dividendus
896 2275 940 2339 sit
963 2275 1025 2340 viri
1049 2275 1137 2340 docti
1160 2274 1321 2340 dubitant.

413 2380 476 2458 Qui
495 2387 604 2447 autem
624 2386 697 2446 octo
716 2380 899 2467 pluriumve
917 2382 1037 2466 pedum
1056 2387 1133 2446 sunt
1152 2403 1264 2446 versus
1283 2405 1350 2447 non
1368 2383 1492 2448 directa
1507 2383 1562 2448 via
1576 2384 1614 2447 in

326 2490 487 2576 dipodius,
514 2490 570 2555 sed
596 2489 739 2575 primum
766 2488 802 2553 in
830 2489 901 2553 cola
929 2493 962 2554 et
988 2488 1101 2553 deinde
1124 2489 1159 2553 in
1182 2488 1279 2575 pedes
1303 2489 1503 2574 compositos
1527 2489 1614 2554 divi-
1704 2514 1705 2537 ι

325 2597 420 2663 dendi
440 2620 510 2662 esse
529 2597 692 2684 videntur3
712 2596 768 2660 sed
782 2596 821 2660 de
840 2595 893 2661 his
910 2595 998 2660 infra
1016 2596 1044 2660 si
1059 2596 1099 2660 ad
1114 2595 1186 2661 cola
1199 2619 1352 2661 versuum
1366 2597 1612 2682 pervenerimus

327 2704 576 2790 disputabimus
1704 2696 1705 2699 ’

608 2907 611 2912 ,
688 2847 733 2912 De
757 2862 908 2912 versuum
930 2846 966 2911 iu
989 2846 1060 2912 oola
1082 2845 1251 2912 divisione.

415 2989 468 3055 De
487 2989 680 3054 varietate
698 3011 878 3054 versuum
891 2989 1194 3055 Pindaricorum.
1227 2990 1258 3054 A
1272 2991 1436 3056 veteribus
1452 3013 1614 3078 gramma-

327 3096 402 3161 ticis
424 3095 568 3161 carmina
585 3096 687 3178 lyrica
706 3096 815 3161 omnia
832 3097 869 3160 in
887 3096 959 3162 cola
977 3097 1081 3163 divisa
1099 3120 1170 3162 esse
1189 3101 1298 3162 textus
1317 3097 1449 3164 Pindari
1468 3099 1614 3164 scenico-

326 3225 462 3288 rumque
488 3207 660 3288 poetarum
681 3202 716 3266 in
740 3202 907 3268 codicibus
930 3205 1070 3268 traditus
1093 3209 1127 3269 et
1145 3204 1271 3270 scholia
1288 3206 1424 3271 metrica
1441 3205 1615 3270 Heliodori

326 3311 528 3394 aliorumque
542 3309 831 3396 grammaticorum
846 3311 973 3377 affatim
986 3315 1159 3377 testantur.
1187 3310 1266 3377 Inde
1281 3313 1405 3379 factum
1419 3317 1483 3399 est,
1497 3317 1535 3377 ut
1548 3335 1615 3378 me

327 3417 433 3483 moria
451 3439 603 3483 versuum
626 3421 659 3481 et
676 3417 886 3502 periodorum
903 3441 1006 3504 paene
1028 3443 1162 3504 prorsus
1181 3420 1425 3486 oblitteraretur
1443 3425 1477 3485 et
1495 3421 1614 3486 carmi·

326 3549 405 3590 num
421 3547 503 3609 quae
518 3531 710 3590 canerentur
723 3545 790 3590 non
806 3547 927 3612 versus,
942 3529 998 3591 sed
1013 3527 1085 3592 cola
1099 3528 1170 3593 sola
1182 3527 1284 3592 fuisse
1297 3528 1493 3594 viderentur.
1519 3529 1614 3593 Adeo

327 3633 414 3698 enim
433 3632 664 3718 grammaticos
683 3633 903 3718 metricosque
917 3640 1041 3700 veteres
1054 3635 1142 3722 fugit
1156 3635 1227 3700 cola
1240 3640 1351 3720 partes
1365 3658 1519 3701 versuum
1532 3658 1616 3722 esse,

327 3744 365 3804 ut
385 3739 537 3824 strophas
557 3739 680 3803 directa
693 3739 746 3803 via
759 3739 794 3803 in
809 3740 881 3804 cola
894 3741 1089 3827 dividerent,
1106 3764 1210 3826 neque
1225 3743 1400 3827 quidquam
1414 3744 1563 3829 equidem
1578 3743 1615 3807 in

327 3847 472 3911 metricis
490 3846 622 3911 scholiis
637 3869 689 3912 me
702 3847 809 3933 legere
823 3847 958 3912 memini
972 3848 1011 3912 de
1026 3847 1106 3914 colis
1119 3849 1268 3934 pluribus
1282 3851 1317 3914 in
1331 3873 1430 3915 unam
1442 3851 1614 3936 periodum

330 3953 646 4038 comprehendendis.
680 3953 794 4039 Neque
813 3954 894 4020 haec
913 3955 1024 4040 opinio
1043 3956 1188 4021 solorum
1208 3958 1466 4044 magistellorum
1481 3958 1613 4022 infimae

329 4062 447 4126 aetatis
465 4061 698 4147 hominumque
713 4060 969 4145 Byzantinorum
983 4063 1055 4148 fuit,
1074 4065 1242 4129 sedetiam
1257 4088 1378 4151 eorum,
1397 4063 1453 4149 qui
1467 4071 1615 4130 veterum

331 4169 619 4254 grammaticorum
636 4167 931 4234 Alexandrinorum
950 4170 1238 4256 Romanorumque
1261 4170 1465 4258 disciplinam
1483 4173 1615 4258 profite-

330 4278 456 4342 bantur.
490 4276 579 4342 Nata
599 4279 707 4340 autem
726 4275 790 4340 ista
808 4275 894 4341 ratio
911 4277 953 4340 iis
972 4278 1175 4363 temporibus
1194 4301 1264 4343 esse
1284 4279 1423 4364 videtur,
1442 4280 1562 4364 quibus
1581 4285 1615 4345 et

329 4389 447 4468 poetae
470 4389 503 4448 et
527 4386 676 4448 cantores
700 4383 741 4448 ab
760 4383 896 4467 antiqua
915 4383 1116 4449 sublimitate
1136 4389 1169 4450 et
1187 4386 1350 4471 gravitate
1368 4386 1450 4451 artis
1468 4387 1614 4452 musicae

331 4494 501 4575 tantopere
534 4489 752 4576 desciverant,
781 4495 818 4554 ut
845 4491 881 4554 in
909 4491 1063 4558 mollibus
1092 4493 1159 4558 suis
1186 4493 1416 4558 tintinnabulis
1444 4495 1515 4559 cola
1543 4496 1615 4559 sola

332 4602 531 4682 spectarent,
566 4597 774 4681 periodorum
811 4599 954 4663 ambitus
991 4605 1024 4664 ct
1060 4601 1226 4666 anfractus
1261 4600 1358 4685 plane
1394 4601 1615 4688 neglegerent.

331 4703 421 4770 Haec
441 4709 511 4770 erat
530 4705 610 4770 artis
629 4705 746 4770 umbra
765 4703 960 4772 Senecarum
980 4705 1190 4792 Synesiorum
1208 4709 1522 4775 Anacreonticorum
1540 4732 1616 4796 poe
