3417 5434
455 1406 1023 1505 ΙΣΘΜΙΟΝΙΚΑΙΣ.

714 1616 756 1670 Α’.

417 1780 743 1865 ΗΡΟΔΟΤΩι
779 1780 1055 1867 ΘΗΒΑΙΩι

668 1976 801 2026 ΑΡΜΑΤΙ

681 2140 787 2147 -—

645 2257 821 2328 Strophae.

609 3634 850 3725 Argumentum.

180 3762 366 3824 Herodotum
380 3764 548 3840 Asopodori
562 3764 658 3823 filium
673 3766 848 3824 Thebanum
863 3785 953 3825 curru
967 3766 1094 3825 Isthmia
1109 3766 1212 3827 vicisse
1228 3766 1367 3825 eundem·

88 3872 149 3929 que
174 3852 286 3911 multas
309 3854 384 3913 alias
403 3853 544 3913 victorias
568 3854 647 3913 ludis
666 3855 815 3914 Thebanis
835 3853 1040 3915 Orchomeniis
1057 3855 1219 3914 Eleusiniis
1239 3854 1367 3915 Protesi·

87 3942 160 4001 laiis
183 3946 375 4002 consecutum
400 3962 461 4002 esse
486 3964 520 4001 er
543 3944 598 4003 hoc
622 3944 751 4003 carmine
776 3945 839 4020 ipso
864 3946 1070 4021 comperimus,
1116 3944 1313 4004 Accuraticra
1335 3946 1367 4003 in

87 4031 211 4091 scholiis
234 4051 331 4108 neque
354 4033 393 4090 ad
416 4033 471 4092 hoc
494 4052 590 4108 neque
614 4034 653 4091 ad
675 4032 792 4109 reliqua
815 4033 948 4092 carmina
971 4034 1114 4093 Isthmica
1137 4034 1233 4093 relata
1252 4033 1366 4093 inveni-

87 4140 165 4181 mus.
199 4120 337 4200 Oetalogi
355 4122 433 4181 enim
453 4122 662 4181 lstbmicorum
685 4121 824 4181 ludorum
848 4143 945 4199 neque
969 4123 1006 4182 ab
1025 4122 1188 4182 Aristotele
1211 4142 1308 4199 neque
1327 4123 1365 4181 ab
1461 4117 1464 4123 ’

88 4211 299 4270 Alexandrinis
322 4211 525 4289 grammaticis
548 4212 676 4271 confecti
699 4229 761 4269 esse
781 4211 928 4271 videntur.
965 4212 1047 4283 Quae
1066 4232 1135 4271 cum
1152 4212 1197 4270 ite
1216 4211 1285 4289 sint,
1304 4230 1365 4287 quo

88 4306 223 4375 tempore
247 4300 388 4359 Isthmica
411 4300 483 4359 haec
502 4300 628 4359 victoria
646 4300 790 4360 Herodoti
809 4304 964 4378 reportata
982 4302 1029 4379 sit,
1053 4301 1127 4359 nihil
1146 4299 1220 4360 certi
1238 4303 1366 4360 constet.

89 4390 203 4448 Verum
222 4408 291 4448 enm
309 4389 339 4448 in
358 4389 499 4448 lendibus
518 4389 594 4448 Iolai
611 4389 745 4449 Thebani
764 4393 795 4449 et
813 4390 946 4450 Pollucis
965 4389 1192 4450 Lacedaemonii
1210 4390 1366 4449 efferendis

87 4480 144 4538 hoc
172 4497 291 4537 carmen
318 4478 445 4537 maxime
473 4482 621 4555 versetur,
650 4478 718 4538 inde
745 4480 899 4555 probabile
927 4480 974 4557 fit,
1003 4500 1037 4540 eo
1065 4482 1197 4555 tempore
1225 4478 1257 4536 id
1287 4497 1365 4538 com-

88 4568 222 4645 positum
241 4586 312 4645 esec,
332 4586 392 4643 quo
412 4568 493 4627 salus
512 4568 628 4644 patriae
647 4568 764 4628 foedere
784 4569 993 4630 Thebanorum
1012 4572 1042 4628 et
1060 4567 1365 4628 Lacedaemoniorum

88 4659 186 4717 denuo
219 4656 394 4716 confirmata
427 4675 489 4717 esse
521 4657 692 4735 videbatur,
720 4658 739 4717 i.
763 4678 787 4719 e.
812 4657 858 4718 Ol.
884 4661 939 4736 80,
965 4661 982 4717 2
1007 4658 1069 4718 sive
1099 4676 1125 4716 a.
1149 4659 1214 4717 458
1238 4677 1264 4716 a.
1289 4657 1365 4735 cnr„

89 4750 158 4806 unte
186 4746 328 4822 Pythicos
355 4746 443 4806 ludos
466 4744 653 4823 Olympiadis
678 4749 728 4818 80,
754 4750 772 4806 3
797 4739 838 4827 (v.
864 4739 919 4827 65).
965 4747 1135 4826 Naufragio
1161 4748 1263 4805 autem
1291 4746 1365 4824 dire,

88 4836 199 4915 quibus
213 4835 415 4915 Asopodorus,
429 4838 516 4911 pater
530 4836 682 4912 Herodoti,
702 4836 832 4897 afflictus
847 4837 956 4897 Thebis
971 4836 1191 4897 Orchomenum
1205 4836 1364 4896 concedere
