3417 5434
358 295 400 356 14
829 293 980 363 PINDARI
997 293 1165 374 EPlNlClA.

356 462 448 520 fnisse
472 464 503 520 et
526 481 561 520 ex
584 461 699 538 Rhodo,
722 460 800 520 unde
823 460 956 534 primum
979 460 1085 520 Gelam
1108 457 1155 519 01.
1172 461 1256 535 223
1276 461 1308 517 et
1326 461 1448 518 centum
1467 464 1536 520 octo
1556 461 1630 518 annis

356 551 522 610 interiectis
536 550 738 628 Agrigentum
758 549 864 628 urbem
885 546 930 608 01.
946 551 998 626 49,
1014 551 1033 608 3
1049 548 1201 608 conditam
1220 566 1283 607 esse
1301 549 1476 608 testimonio
1491 549 1630 625 Thucydi-

357 640 402 698 dis
422 659 453 699 vr
472 651 488 698 4
508 642 634 716 constat,
655 639 687 697 in
710 638 844 697 Siciliam
867 638 982 697 venisse
1005 637 1209 696 credebantur.
1256 636 1427 696 Telemachi
1451 657 1524 699 sero
1550 639 1629 712 ducis,

358 729 411 805 qni
435 729 603 787 Phalaridis
626 727 816 804 tyrannidem
839 727 1070 805 Agrigentinam
1092 727 1230 803 sustulit,
1258 725 1340 785 filins
1367 730 1423 785 aut
1449 745 1544 803 nepos
1570 728 1629 786 Hm·

357 817 476 877 menide
503 819 577 895 fuit,
606 836 624 875 a
652 835 711 893 quo
739 817 876 892 phratria
902 815 1149 874 Hmmeuidarum
1175 815 1374 893 Agrigentina
1401 835 1511 876 nomen
1539 818 1628 874 traxit.

361 907 408 966 Ab
444 906 621 966 Hmmenida
657 905 884 981 Aenesidemus,
926 905 1109 964 clarissimus
1145 905 1266 963 satelles
1302 904 1437 982 Gelonis,
1479 905 1628 981 descendit,

357 997 444 1056 cuius
472 1015 508 1055 ex
535 995 652 1055 duobus
682 995 766 1072 filiis,
797 994 932 1054 Therone
962 997 994 1053 et
1022 995 1200 1072 Xenocrate,
1224 993 1307 1069 prior
1335 993 1461 1070 imperio
1491 995 1629 1073 Agrigen-

359 1086 492 1145 tinorum
525 1085 641 1160 potitus
676 1087 722 1144 est
756 1088 786 1143 et
821 1102 884 1142 una
918 1102 987 1142 eum
1019 1083 1144 1160 Gelone,
1177 1081 1226 1142 cui
1257 1081 1351 1141 filiam
1382 1083 1576 1143 Damaratam
1604 1085 1628 1141 in

359 1174 585 1233 matrimonium
619 1173 791 1249 collocavit,
829 1171 1090 1250 Carthaginienses
1127 1172 1166 1230 ad
1201 1171 1356 1231 Himeram
1389 1176 1472 1231 terra
1502 1173 1627 1248 marique

359 1264 446 1322 fudit.
479 1263 551 1322 Inde
571 1263 753 1322 clarissimus
771 1262 871 1321 factus
890 1280 987 1338 aequo
1005 1261 1149 1339 regimine
1168 1261 1257 1320 rebus
1275 1259 1482 1339 Agrigentinis
1505 1263 1627 1322 modera-

357 1353 460 1430 batur,
489 1353 541 1410 sed
571 1352 664 1412 nihilo
688 1352 787 1411 minus
810 1351 962 1410 intestinis
984 1351 1071 1410 bellis
1094 1354 1125 1410 et
1148 1350 1382 1409 necessariorum
1404 1350 1626 1412 dissensionibus

359 1443 548 1502 vehementer
575 1441 785 1501 lacessebatur.
830 1440 971 1516 Inprimis
999 1440 1030 1498 in
1058 1439 1197 1498 Hieronis
1224 1439 1303 1517 regis
1331 1439 1514 1516 Syracusani
1540 1441 1627 1498 inimi·

360 1531 447 1590 citias
471 1531 605 1608 incurrit,
629 1531 682 1607 qui
705 1549 774 1590 eum
796 1529 936 1606 Polyzelo
960 1529 1056 1607 fratri,
1079 1529 1165 1588 cuius
1185 1529 1334 1605 praesidio
1354 1528 1427 1588 Galo
1446 1530 1626 1588 Demaraten

360 1639 482 1680 uxorem
505 1639 574 1679 curn
597 1620 690 1680 filiolo
714 1638 768 1679 suo
791 1619 988 1677 mandaverat
1013 1622 1043 1678 et
1067 1619 1153 1677 cuius
1180 1616 1274 1676 filiam
1299 1618 1396 1677 Thero
1423 1618 1488 1694 ipae
1515 1639 1626 1678 uxoren

359 1710 498 1786 duxerat,
525 1710 716 1770 vehementer
742 1708 901 1778 invideret,
925 1707 1067 1785 Theroni,
1096 1707 1178 1783 quod
1204 1707 1291 1765 illum
1320 1707 1451 1782 hospitio
1482 1713 1626 1784 exceptum

359 1801 507 1876 tueretur,
544 1817 628 1858 arma
664 1798 769 1857 intulit
805 1802 837 1858 61
868 1797 1055 1874 Himeraeos,
1092 1797 1145 1872 qui
1177 1796 1446 1874 Agrigentinorum
1479 1797 1625 1873 imperium

359 1887 588 1965 aversabantur,
620 1888 716 1946 socios
748 1886 805 1945 sibi
836 1886 960 1964 iungere
993 1886 1099 1961 coepit.
1146 1883 1222 1944 Cum
1253 1885 1315 1944 iam
1346 1884 1377 1943 in
1409 1905 1444 1945 eo
1477 1905 1524 1946 res
1549 1894 1626 1960 esset,

357 1981 393 2036 nt
415 1976 518 2052 copiae
541 1977 694 2052 utrimque
718 1976 757 2034 ad
785 1975 896 2034 flumen
919 1975 1025 2034 Gelam
1051 1975 1083 2032 in
1110 1974 1205 2034 aciem
1234 1974 1443 2053 educerentur,
1471 1975 1625 2034 Simonides

356 2070 446 2142 poeta
469 2065 636 2125 Tberonem
662 2065 822 2142 patefactis
848 2064 1078 2123 Himeraeorum
1104 2063 1282 2139 proditionis
1310 2064 1443 2123 consiliis
1470 2085 1538 2124 cum
1564 2065 1625 2123 Hic

355 2175 428 2215 rone
451 2155 656 2214 reconciliavit
686 2148 726 2235 (v.
751 2154 840 2214 schol.
865 2152 1089 2229 0.1180.17³,
1113 2173 1149 2212 ex
1172 2153 1293 2213 Timaeo
1323 2145 1444 2235 petita).
1490 2154 1543 2213 His
1567 2175 1625 2212 cnm

356 2244 500 2321 dissidiis,
529 2263 606 2319 quae
635 2244 786 2303 Diodorus
814 2254 904 2301 x148
932 2242 1019 2302 initio
1049 2242 1121 2300 anni
1150 2241 1194 2302 Ol.
1215 2245 1303 2320 76,1
1333 2243 1416 2302 facta
1438 2261 1502 2303 esse
1523 2252 1625 2317 narrat,

357 2334 482 2393 insidiae
502 2331 613 2410 Capyis
637 2336 668 2392 et
690 2332 896 2410 Hippocratis,
919 2334 1117 2410 cognatorum
1136 2331 1280 2391 Theronis
1299 2323 1341 2412 (v.
1360 2331 1450 2391 schol.
1472 2330 1545 2392 0.11
1568 2344 1624 2400 173)

357 2426 437 2482 arcte
461 2424 617 2482 cohaerere
640 2423 788 2482 videntur.
817 2422 896 2480 Nam
919 2441 969 2481 eos
992 2422 1082 2479 duces
1105 2420 1332 2480 Himeraeorum
1356 2425 1387 2479 et
1409 2425 1546 2481 auctores
1566 2441 1624 2498 pro-

357 2512 479 2572 ditionis
502 2512 594 2571 fuisse
618 2512 786 2572 Boeckhius
809 2513 897 2570 acute
920 2510 1077 2586 perspexit.
1115 2509 1243 2586 Aliquot
1266 2510 1352 2568 annis
1370 2513 1440 2586 post
1459 2510 1553 2570 Thero
1570 2511 1625 2568 rita

355 2601 483 2660 decessit
510 2600 555 2661 01.
579 2603 629 2678 77,
650 2604 677 2679 l,
702 2601 727 2659 si
755 2601 919 2660 Diodorum
942 2611 1032 2657 x153
1056 2598 1220 2677 sequimur,
1252 2597 1298 2659 01.
1319 2602 1369 2677 76,
1394 2601 1424 2677 4,
1452 2601 1479 2658 si
1505 2601 1624 2659 rationes

357 2690 502 2750 Boeclrhii
530 2691 616 2766 Erpl.
641 2711 668 2766 p.
693 2701 744 2748 209
767 2689 941 2766 probamus;
969 2689 1004 2748 de
1032 2688 1111 2748 bona
1139 2688 1202 2747 eins
1225 2687 1447 2748 existimatione
1470 2690 1542 2749 haec
1562 2689 1624 2747 Dio·

356 2780 447 2839 dorus
465 2780 484 2840 l.
500 2780 518 2837 1,
532 2779 638 2838 refert:
661 2777 716 2856 τὴν
735 2775 828 2858 ἀρχὴν
851 2776 985 2848 ἐπιεικῶς
1010 2774 1162 2860 διῳκηκὼς
1184 2775 1234 2836 καὶ
1257 2777 1314 2848 ζῶν
1338 2776 1465 2857 μεγάλης
1488 2775 1625 2855 ἀποδοχῆς

357 2865 494 2948 ἐτύγχανε
517 2866 596 2946 παρὰ
620 2873 681 2939 τοῖς
704 2867 835 2939 πολίταις
857 2865 907 2926 καὶ
930 2865 1101 2943 τελευτήσας
1123 2862 1261 2946 ἡρωικῶν
1283 2865 1363 2945 ἔτυχε
1386 2875 1487 2943 τιμῶν.

448 2958 514 3016 Iam
537 2957 622 3016 nobis
646 2958 848 3033 quaerendum
871 2959 929 3034 est,
953 2976 1012 3032 quo
1036 2975 1114 3014 anno
1138 2956 1234 3016 Thero
1258 2956 1415 3015 victoriam
1441 2955 1625 3032 Olympicum,

359 3066 449 3122 quam
473 3047 529 3105 hac
552 3046 610 3104 oda
632 3046 779 3105 Pindarus
803 3045 945 3121 illustrat,
967 3048 1136 3120 reportasse
1158 3045 1304 3106 videatur,
1335 3045 1469 3104 Vacillat
1491 3046 1575 3122 eninr,
1596 3048 1623 3102 ut

358 3155 394 3193 er
417 3135 521 3194 critico
546 3139 694 3211 apparatu
717 3155 893 3214 cognoscere
915 3135 999 3212 licet,
1029 3134 1116 3192 huius
1143 3135 1187 3193 rei
1209 3133 1366 3212 memoria,
1394 3155 1463 3194 cnm
1485 3135 1537 3194 alii
1557 3135 1624 3192 hanc

355 3224 515 3284 victoriam
539 3223 584 3284 Ol.
603 3227 642 3284 76
662 3250 704 3272 =
725 3228 788 3286 476
809 3244 835 3284 a.
851 3224 928 3301 thr,
951 3223 1005 3281 alii
1029 3222 1074 3284 01.
1092 3226 1132 3283 77
1153 3249 1194 3271 =
1215 3227 1279 3283 472
1299 3243 1325 3283 a.
1340 3223 1408 3284 Chr.
1432 3227 1548 3300 partam
1568 3242 1624 3283 esse

357 3313 497 3372 referant.
543 3313 645 3390 Atque
676 3313 750 3372 mihi
779 3315 900 3390 quidem
928 3312 1072 3372 Boeclrbii
1101 3313 1180 3373 ratio
1209 3314 1339 3388 priorem
1368 3314 1546 3372 sententiam
1570 3333 1625 3371 am·

357 3403 515 3478 plectentia
542 3403 630 3462 unice
658 3403 810 3479 probatur.
855 3403 935 3461 Nam
967 3405 998 3461 et
1028 3402 1140 3461 recenti
1172 3403 1378 3480 indignatione
1406 3403 1568 3462 Thorouem
1591 3401 1624 3460 ob

355 3492 496 3551 Hieronis
519 3491 674 3568 perfidiam
702 3496 733 3552 et
760 3492 960 3569 proditionem
983 3491 1166 3567 patruelium
1188 3491 1331 3569 flagrasse
1355 3512 1390 3550 ex
1414 3492 1472 3550 oda
1494 3492 1557 3568 ipsa
1576 3511 1622 3566 ap·

356 3583 443 3656 paret
473 3573 515 3662 (v.
541 3591 582 3639 18.
607 3593 649 3642 62.
674 3574 752 3662 106),
782 3584 814 3642 61
844 3601 922 3641 anno
946 3584 1010 3640 472
1034 3583 1099 3639 tam
1123 3580 1235 3659 insigni
1264 3579 1472 3640 familiaritate
1495 3580 1622 3640 Hieronis
1673 3572 1674 3611 l

357 3670 505 3729 Pindarus
533 3671 687 3748 utebatur,
715 3673 752 3729 ut
778 3674 843 3730 tum
873 3670 1016 3746 temporis
1039 3669 1160 3728 minime
1183 3670 1211 3729 ei
1234 3669 1337 3729 liceret
1359 3669 1516 3746 perfidiam
1535 3673 1564 3730 et
1584 3669 1622 3726 in·

356 3759 465 3818 iuriam
487 3759 627 3819 Hieronis
651 3760 770 3836 oblique
794 3779 923 3836 carpere.
959 3760 1064 3834 Neque
1084 3759 1163 3835 quod
1180 3759 1330 3818 Diodorus
1348 3759 1472 3818 dissidia
1491 3757 1622 3819 Theronis

357 3853 387 3908 et
405 3849 544 3908 Hieronis
564 3848 609 3909 Ol.
627 3852 677 3926 76,
696 3853 712 3907 1
730 3849 812 3908 facta
830 3867 894 3908 esse
919 3853 1031 3924 narrat,
1057 3849 1088 3905 id
1105 3851 1218 3907 arecta
1239 3849 1290 3907 via
1309 3851 1340 3907 te
1361 3848 1475 3908 deicere
1500 3868 1553 3925 par
1574 3853 1621 3906 est.

357 3939 452 4014 Saepe
477 3939 556 3997 enim
578 3939 630 3997 ille
653 3957 708 4015 rea,
733 3958 808 4014 quae
832 3939 893 3997 iam
916 3938 1002 3996 initio
1026 3937 1132 3997 solaris
1155 3938 1227 3996 anni
1247 3940 1349 4015 gestae
1369 3937 1622 4015 erant,in01ym-

355 4027 453 4103 piadis
473 4027 642 4103 proximum
661 4047 773 4087 annum
787 4029 951 4106 transtulit,
969 4027 1048 4086 unde
1066 4047 1126 4085 non
1145 4026 1267 4086 audacis
1285 4031 1331 4086 est
1348 4030 1466 4104 putare,
1484 4027 1544 4086 iarn
1560 4029 1622 4083 ante

356 4135 487 4176 mensem
510 4117 691 4196 Augustum,
715 4138 774 4194 quo
797 4117 861 4176 ludi
880 4117 1030 4192 Olympici
1053 4116 1228 4194 agebantur,
1251 4117 1319 4176 11163
1342 4117 1416 4176 istas
1440 4117 1577 4176 Theronis
1596 4118 1623 4172 et

356 4563 514 4622 victoriam
538 4564 576 4622 ad
600 4563 646 4623 Ol.
667 4568 717 4642 77,
739 4567 755 4622 1
776 4565 938 4625 rettulisse.

446 4652 602 4711 Summum
626 4655 765 4714 carminis
784 4654 816 4712 in
835 4654 980 4714 Theronis
998 4652 1161 4713 virtutibus
1183 4652 1371 4712 illustrandis
1394 4653 1515 4729 eiusque
1534 4650 1623 4710 aniruo

356 4741 391 4800 de
415 4741 531 4802 iniuriis
551 4743 588 4801 ab
607 4743 708 4820 impiis
727 4743 898 4804 hominibus
917 4743 1047 4820 acceptis
1066 4742 1246 4803 consolando
1264 4746 1410 4822 versatur,
1429 4743 1514 4803 cuius
1532 4738 1624 4801 solatii

1673 4096 1674 4175 l

356 4206 495 4266 Hieronis
519 4211 617 4266 motas
640 4211 670 4265 et
693 4207 875 4284 compositas
898 4225 970 4265 esse.
1007 4206 1110 4280 Neque
1133 4208 1235 4264 tamen
1258 4206 1378 4265 silentio
1401 4209 1553 4282 praetereo
1569 4223 1621 4263 nou
1673 4206 1674 4245 l

356 4313 458 4354 omnes
486 4296 566 4356 viros
594 4297 696 4356 doctos
724 4296 868 4356 Boeckhii
895 4295 1062 4354 rationibus
1090 4295 1269 4370 adstipulari
1297 4299 1328 4354 et
1356 4296 1533 4373 Bergkium,
1561 4313 1622 4352 cum
1673 4316 1674 4349 3

356 4384 444 4443 odam
473 4384 506 4445 Ο.
531 4403 565 4443 111
595 4389 664 4462 post
692 4383 726 4446 Ο.
751 4405 762 4442 1
790 4385 933 4461 scripturn
963 4404 1024 4444 esse
1059 4383 1116 4443 sibi
1145 4385 1343 4460 persuasisset
1372 4387 1403 4443 et
1433 4383 1502 4444 0.1
1529 4385 1622 4443 contra

356 4472 446 4532 fidem
475 4473 700 4550 Olympicorum
726 4475 861 4534 indicum
889 4473 934 4533 Ol.
956 4477 996 4534 76
1020 4474 1134 4532 factam
1156 4492 1220 4533 esse
1248 4473 1463 4552 perhibuisset,
1491 4471 1624 4533 Theronis
