3417 5434
603 364 762 417 OLYMPIA
780 364 856 417 vm.
1322 362 1365 429 65

173 528 313 600 Ξάνθον
339 525 444 611 ἤπειγ’
471 525 493 610 ἢ
522 525 577 591 καὶ
603 524 782 611 Ἀμαζόνας
810 528 972 604 εὐίππους
1000 525 1055 593 παλ
1088 526 1121 605 ἐς
1143 518 1277 614 Ἴστρον

726 634 884 699 ἐλαύνων.

168 741 399 829 Ὀρσοτρίαινα
423 741 453 806 δ’
481 741 530 807 ἐπ’
553 740 677 830 Ἰσθμῷ
699 746 820 829 ποντίᾳ

172 851 263 933 ἅρμα
284 852 370 915 θοὸν
391 849 529 933 τάνυεν,

85 974 116 1018 ιιι
171 955 374 1041 ἀποπέμπων
397 958 527 1022 Αἰακὸν

171 1063 264 1150 δεῦρ’
289 1063 340 1129 ἀν’
367 1065 482 1140 ἵπποις
503 1063 673 1150 χρυσέαις,

1123 1187 1209 1255 Ἀντ.
1259 1189 1276 1255 ‘.

172 1276 232 1342 καλ
253 1282 429 1364 Κορίνθου
452 1277 578 1364 δειράδ’
606 1277 810 1363 ἐποψόμενος
833 1278 1056 1344 δαιτικλυτάν.
1233 1215 1254 1273 γ

172 1387 315 1471 τερπνὸν
338 1385 368 1449 δ’
396 1384 432 1450 ἐν
456 1385 650 1471 ἀνθρώποις
674 1392 749 1450 ἴσον
771 1388 900 1450 ἔσσεται
924 1384 1033 1450 οὐδέν.
1332 1405 1366 1452 70

174 1495 208 1556 εί
230 1490 257 1556 δ’
283 1492 347 1575 ἐγὼ
371 1496 527 1580 Μελησίᾳ
549 1491 581 1570 ἐξ
605 1492 764 1575 ἀγενείων
786 1493 889 1569 κῦδος
912 1491 1101 1579 ἀνέδραμον
1123 1493 1233 1580 ὕμνῳ,

90 1614 120 1660 ιι
173 1600 219 1683 μὴ
240 1598 365 1682 βαλέτω
388 1622 428 1683 με
452 1603 539 1687 λίθω
562 1612 677 1685 τραχεῖ
696 1602 839 1683 φθόνος·

172 1705 230 1770 καλ
250 1705 363 1793 Νεμέᾳ
385 1707 449 1792 γάρ
472 1706 561 1790 ὁμῶς

170 1834 300 1841 -ῌ

156 1904 199 1952 47.
220 1899 327 1965 ξάνδον
345 1918 375 1953 τε
390 1899 426 1967 A,
445 1898 555 1965 ξάνθον
574 1897 603 1953 δ’
620 1900 650 1954 D
668 1902 712 1968 (ov
726 1896 754 1952 δ’
770 1898 824 1968 lit.)
844 1931 878 1939 -
898 1898 992 1970 ἤπειγ’
1009 1898 1026 1969 ἢ
1041 1901 1146 1972 Bergk:
1165 1900 1264 1973 ἤπειγε
1282 1906 1365 1974 (γει)

92 1970 165 2023 codd.
180 1973 210 2023 et
224 1970 308 2026 schol.
324 2002 357 2009 -
372 1968 502 2034 εὐίπποις
515 1973 543 2027 Β
558 2003 591 2010 -
607 1970 635 2034 ἐς
650 1987 705 2024 οιιι.
720 1971 749 2024 Β
764 2003 796 2010 -
811 1976 853 2025 48.
873 1970 979 2026 ποντία
997 1974 1052 2027 0¹⁸⁰
1069 2004 1101 2013 —
1121 1980 1164 2028 52.
1184 1976 1366 2030 δαιτικλυτάν

93 2041 190 2111 Bergk:
216 2046 296 2096 δαῖτα
315 2042 420 2097 κλυτάν
437 2043 573 2111 ABOD,
598 2059 652 2111 quo
672 2044 784 2113 recepto
803 2045 868 2111 post
887 2028 999 2112 δειράδ’
1019 2044 1037 2099 i.
1053 2061 1075 2099 e.
1092 2044 1203 2114 δειράδι
1222 2046 1365 2117 interpun-

93 2116 185 2166 xeruut
204 2146 238 2152 -
256 2120 297 2169 54.
321 2111 437 2189 μελησίᾳ
458 2115 517 2168 AB
523 2138 529 2169 :
553 2112 670 2184 μελησία
690 2114 746 2169 01)
764 2146 797 2153 -
821 2112 918 2185 ὕμνων
936 2115 1001 2168 A¹¹⁰
1020 2148 1052 2155 —-
1079 2121 1120 2172 55.
1145 2115 1266 2189 βαλλέτω
1284 2122 1312 2174 Α
1333 2152 1364 2159 -

94 2259 167 2323 pater
179 2256 302 2311 Achilles
312 2258 379 2311 ante
392 2256 494 2312 Troiae
503 2257 615 2312 moenia
624 2257 783 2327 occidisset,
792 2257 895 2311 iterum
905 2257 1003 2312 urbem
1014 2258 1096 2329 cepit,
1111 2260 1186 2313 unde
1199 2257 1310 2329 τρίτοις,
1322 2261 1367 2316 vel

95 2328 162 2394 quod
175 2328 327 2382 Ahrensius
342 2328 451 2383 invenit
467 2328 617 2400 τερτάτοις,
637 2347 693 2383 non
707 2327 849 2398 τετράτοις
863 2332 948 2400 poeta
964 2330 1058 2385 dicere
1077 2331 1212 2399 debebat,
1232 2332 1272 2386 sic
1291 2332 1367 2386 enim

95 2416 164 2453 more
182 2400 321 2469 Madvigii
339 2400 443 2455 sentire
462 2400 538 2455 malo
556 2417 642 2471 quam
661 2401 887 2455 emendationem
906 2400 1043 2456 incertam
1060 2396 1152 2456 textui
1169 2402 1312 2457 intrudere
1331 2436 1366 2443 —

95 2476 132 2523 ιῖ.
149 2470 279 2529 Ξάνθον·
299 2471 417 2540 Lycium
434 2471 560 2541 fluvium,
573 2489 631 2525 non
643 2472 797 2527 Troianum
811 2472 955 2541 intellego,
971 2473 1075 2536 Λύκιος
1089 2476 1186 2527 autem
1199 2473 1301 2544 Apollo
1317 2492 1365 2528 au-

96 2540 184 2595 diebat
213 2559 276 2596 cnm
301 2543 377 2613 apud
404 2542 476 2597 alios
501 2547 562 2597 tum
589 2544 665 2613 apud
690 2543 844 2597 Pindarum
870 2543 962 2613 ipsum
981 2544 1010 2598 P.
1026 2564 1037 2597 1
1051 2560 1089 2613 so3
1114 2546 1270 2599 Amazones
1299 2562 1365 2601 vero

97 2616 183 2679 petere
203 2613 317 2683 dicitur,
337 2614 413 2683 quod
432 2615 468 2668 ab
483 2614 518 2669 iis
537 2614 631 2669 Diana
654 2630 731 2669 soror
754 2614 913 2684 colebatur,
940 2617 969 2669 et
992 2632 1009 2669 s
1033 2615 1253 2686 Thermodonte,
1280 2634 1365 2687 quem

98 2682 240 2739 Amazones
263 2684 444 2755 accolebant,
464 2686 500 2740 ad
519 2684 727 2757 Hyperboreos,
747 2686 859 2740 accolas
878 2685 944 2740 Istri
963 2690 998 2751 (r.
1015 2686 1046 2741 Ο,
1060 2706 1091 2739 ιιι
1107 2690 1151 2759 se),
1170 2687 1225 2743 iter
1244 2688 1367 2743 ducebat

98 2786 126 2795 *
142 2762 181 2811 63.
204 2756 241 2811 Ut
259 2756 422 2827 Apollinem
440 2758 478 2812 ab
497 2757 685 2812 Amazonibus
711 2758 748 2811 ad
772 2758 976 2828 Hyperboreos,
1001 2757 1041 2812 sic
1066 2758 1229 2828 Neptunum
1257 2761 1294 2814 ab
1312 2762 1366 2815 Ae-

97 2826 156 2895 gina
173 2828 208 2882 ad
224 2828 364 2883 Isthmum
383 2828 558 2882 Corinthium
576 2828 798 2898 proficiscentem
855 2832 903 2883 eta
926 2828 1009 2897 facit,
1033 2847 1088 2898 qno
1111 2833 1195 2901 pecto
1215 2830 1271 2885 sibi
1289 2831 1366 2885 viam

98 2900 221 2966 patefacit
245 2899 383 2954 redeundi
408 2900 445 2953 sd
468 2899 598 2953 ludorum
623 2900 791 2967 certamina3
837 2917 888 2954 aec
915 2904 1010 2954 sutem
1034 2900 1083 2955 via
1108 2902 1146 2955 ad
1171 2901 1264 2971 ipsum
1283 2920 1365 2973 argu-

98 2974 209 3025 mentum
233 2970 368 3026 carminis
394 2971 530 3040 ducebat,
559 2969 584 3024 si
608 2970 714 3040 prima,
744 2990 830 3041 quam
859 2972 918 3026 iam
947 2970 1114 3027 laudaturus
1143 2976 1218 3043 erat,
1246 2973 1366 3028 victoria

98 3040 217 3097 llelosiae
234 3043 265 3096 in
283 3041 408 3097 Isthmiis
427 3042 502 3097 ludis
521 3045 685 3113 comparata
703 3042 759 3095 fuit
781 3074 815 3085 -
839 3049 881 3097 53.
908 3042 982 3097 nihil
1004 3043 1119 3098 iucundi
1142 3043 1304 3099 hominibus
1323 3045 1365 3098 in-

98 3114 195 3183 tegrum
212 3130 336 3183 manere,
354 3112 471 3169 Pindari
489 3117 533 3168 est
550 3112 701 3168 familiaris
720 3115 873 3182 sententia3
898 3113 948 3169 sed
970 3114 1041 3170 haec
1060 3116 1200 3184 quomodo
1225 3116 1278 3171 hoc
1303 3115 1365 3171 loco

99 3200 152 3238 cum
172 3186 218 3256 iis,
241 3202 315 3255 quae
334 3185 370 3239 de
389 3184 476 3240 muris
494 3184 623 3240 Troianis
649 3183 778 3239 interitui
797 3185 946 3239 destinatis
966 3186 1150 3255 antecedunt,
1170 3189 1220 3241 sut
1239 3203 1302 3241 cum
1321 3186 1366 3257 iis,

100 3272 160 3323 quae
177 3258 210 3313 de
227 3257 347 3311 Melesia
370 3256 496 3311 invidiae
514 3256 635 3312 obnoxio
659 3258 827 3326 sequuntur,
846 3257 1009 3325 cohaereat,
1032 3274 1132 3327 parum
1157 3260 1285 3328 apertum
1309 3261 1365 3327 est;

99 3344 175 3396 neque
191 3332 287 3383 tamen
304 3328 397 3399 magis
415 3328 504 3399 probo
523 3326 693 3383 sententiam
711 3328 797 3383 hanc:
816 3327 889 3382 nihil
904 3328 991 3382 sacris
1005 3328 1096 3399 epulis
1116 3332 1145 3383 et
1163 3328 1238 3384 ludis
1254 3329 1365 3385 dulcius

100 3414 160 3468 ssse;
185 3401 270 3455 immo
297 3400 500 3455 obscuritatem
518 3403 631 3470 poetam
657 3416 716 3454 non
742 3400 849 3471 fugisse
894 3402 957 3468 uto,
985 3403 1017 3454 ut
1042 3398 1119 3455 viam
1147 3400 1202 3456 sibi
1228 3403 1367 3457 sterneret

101 3470 219 3526 redeundi
236 3472 274 3526 ad
292 3471 383 3527 ludos.
420 3472 472 3525 Est
490 3489 557 3526 sane
576 3471 647 3526 haec
664 3471 713 3527 via
730 3470 846 3526 minime
877 3474 974 3541 aceto,
994 3472 1119 3527 sednon
1138 3472 1233 3528 omnia
1250 3472 1281 3527 in
1299 3474 1365 3528 Pin-

101 3540 156 3597 daro
168 3560 252 3598 caece
266 3542 454 3597 admiratione
466 3544 611 3598 laudanda
629 3546 708 3610 sunt,
727 3542 865 3613 imprimis
879 3542 910 3596 in
923 3541 1066 3598 festinatis
1081 3542 1261 3614 carminibus,
1282 3546 1366 3613 quale

100 3612 143 3667 hoc
154 3617 277 3670 nostrum
291 3616 337 3669 est
360 3614 432 3669 etin
446 3614 613 3669 transitibus
627 3614 763 3685 parandis
781 3614 886 3669 severis
905 3613 1046 3669 iudicibus
1061 3614 1171 3685 copiam
1185 3615 1364 3687 vituperandi

102 3683 166 3756 lecit,
183 3688 257 3740 unde
274 3659 346 3739 mihl
364 3686 501 3757 probatur
518 3685 655 3740 iudicium
672 3685 793 3756 Longini
812 3703 846 3755 aa,
861 3702 886 3743 5:
906 3686 921 3740 ὁ
941 3684 972 3740 δὲ
992 3684 1086 3741 Πίνδα
1105 3707 1135 3749 ος
1158 3688 1207 3741 aul
1230 3686 1245 3741 δ
1269 3690 1364 3757 Σοφο-

102 3760 154 3825 ιλιγς
169 3757 214 3813 ὁτὲ
232 3758 285 3827 μὲν
299 3754 361 3813 οἷον
374 3756 468 3813 πάντα
483 3756 662 3827 ἐπιφλέγοντι
675 3766 708 3811 τ·
724 3763 808 3832 φορᾷ,
824 3776 839 3811 c
860 3758 991 3813 έννννται
1005 3756 1034 3811 δ’
1050 3708 1156 3829 ἀλδγως
1169 3757 1303 3822 πολλάκις
1317 3760 1366 3813 sal

102 3826 232 3885 τίκτουσιν
254 3827 429 3901 άτνχέστατα
452 3862 485 3869 -
511 3836 545 3883 54
559 3846 595 3883 ss.
623 3829 668 3883 Ad
691 3778 773 3883 fndus
797 3846 826 3883 re
848 3829 909 3882 iens
931 3828 1053 3899 primum
1076 3828 1235 3899 Melesiam,
1262 3829 1363 3884 deinde

102 3898 307 3956 Alcimedontem
324 3900 478 3971 praedicat.
516 3902 609 3969 Atque
627 3900 774 3955 Melesiam
793 3900 1007 3967 Atheniensem,
1027 3900 1226 3955 dexterrimum
1245 3900 1364 3971 aliptam

102 3969 296 4041 Alcimedontis,
311 3972 445 4042 invidiae,
460 3988 517 4041 qua
535 3972 611 4042 apud
626 3971 779 4042 Aeginetas
798 3975 859 4026 tum
877 3971 1012 4043 temporis
1031 3972 1165 4027 acerrime
1179 3972 1364 4027 Athenienses

102 4040 255 4113 flagrabant,
279 4061 336 4098 non
359 4062 472 4115 prorsus
492 4060 507 4098 e
563 4045 634 4097 rtem
653 4043 740 4097 fnisse
759 4042 912 4097 verisimile
931 4046 983 4111 est,
1003 4045 1077 4097 unde
1096 4060 1159 4097 cnm
1178 4043 1276 4098 laudes
1296 4044 1364 4113 eius,

103 4112 147 4168 sire
165 4117 239 4186 quod
260 4115 368 4186 aliptae
388 4132 503 4169 munere
544 4132 596 4169 ene
621 4114 734 4169 functus
759 4117 835 4169 esset
860 4114 919 4169 sive
943 4115 1017 4183 quod
1037 4115 1097 4185 ipsc
1117 4116 1202 4169 antea
1221 4132 1255 4169 ex
1274 4118 1364 4169 certa-

102 4185 207 4241 minibus
224 4187 317 4241 rictor
334 4187 503 4255 recessisset,
522 4186 628 4241 aversis
647 4186 762 4239 auribus
777 4186 933 4256 Aeginetae
952 4186 1095 4255 accepturi
1114 4203 1174 4240 esse
1194 4186 1364 4255 viderentur,

103 4261 170 4322 poeta
191 4260 312 4329 primum
334 4276 371 4313 ne
393 4258 430 4312 ob
453 4258 505 4312 has
529 4257 628 4312 laudes
652 4256 761 4311 invidia
779 4260 922 4328 peteretur
941 4261 1017 4327 orat,
1037 4258 1138 4311 deinde
1157 4258 1291 4313 victorias
1311 4258 1364 4312 viri

103 4330 192 4383 suenni
213 4348 265 4401 pro
288 4329 396 4385 meritis
421 4330 533 4398 laudat,
559 4332 645 4397 atque
667 4328 788 4399 primum
812 4347 887 4398 eam,
912 4346 997 4398 quam
1016 4328 1134 4382 Melesia
1152 4346 1221 4397 puer
1239 4328 1364 4383 Isthmiis

102 4404 285 4471 reportaverat.
321 4400 396 4456 Nam
421 4419 485 4456 cum
503 4418 576 4470 quae
595 4400 726 4471 deinceps
750 4400 886 4455 victoriae
905 4400 1058 4455 laudantur
1076 4398 1209 4454 Melesiae
1228 4417 1284 4454 non
1304 4416 1365 4454 esse

103 4486 144 4525 uon
160 4474 277 4545 possint,
295 4490 385 4542 neque
404 4473 559 4542 quidquam
573 4471 671 4527 indicii
686 4472 732 4540 sit,
746 4490 802 4543 quo
817 4472 853 4526 ab
869 4490 923 4527 uno
939 4472 976 4526 ad
990 4472 1110 4526 alterum
1124 4471 1260 4526 victorem
1275 4474 1365 4525 trans-

103 4539 128 4596 iri
148 4546 331 4617 significetur,
354 4544 475 4615 primam
498 4561 621 4613 quoque,
647 4560 720 4614 quae
743 4562 769 4598 v.
791 4561 817 4599 τι
840 4543 1031 4615 significetur,
1057 4542 1206 4599 victoriam
1231 4542 1365 4598 Melesiae

105 4617 166 4681 pueri
183 4633 240 4671 non
258 4614 462 4671 Alcimedontis
481 4632 542 4671 esse
561 4613 668 4683 iudico,
687 4614 787 4670 coristi
806 4614 968 4685 ἀνέδραμον
987 4618 1082 4670 autem
1096 4632 1178 4669 usum
1192 4615 1227 4670 de
1240 4632 1270 4670 re
1284 4632 1365 4685 prae-

104 4688 160 4742 senti
178 4687 222 4742 vel
240 4688 338 4741 futura
356 4691 456 4743 exacta
475 4687 595 4742 defendo
614 4686 754 4741 similibus
773 4686 843 4740 locis
863 4687 897 4740 N.
911 4706 922 4738 r
937 4704 961 4740 ιο
976 4690 1005 4741 et
1024 4687 1053 4741 P.
1069 4706 1118 4741 ιιιι
1133 4704 1158 4741 ιο
1176 4719 1212 4728 —-
1229 4683 1365 4757 ἀγενείων

104 4758 232 4883 titulant
250 4758 428 4884 eademperslst
445 4764 532 4829 atque
546 4761 657 4814 παίδων
671 4761 722 4812 ant
735 4758 831 4812 media
843 4758 984 4827 quaedam
998 4758 1073 4814 inter
1086 4758 1209 4813 virorum
1224 4762 1252 4813 et
1266 4775 1365 4830 puero-

105 4844 151 4883 rum
179 4834 332 4896 nctam3v.
368 4848 503 4886 rearis
522 4863 555 4871 -

144 4933 270 4973 Pisanus
284 4930 318 4971 ιδ.
332 4929 434 4973 Christ
1138 4926 1153 4975 5
