3417 5434
551 353 700 406 lessius
719 355 785 406 v111
803 353 887 425 [vm.
1290 351 1355 416 373

73 519 189 598 possis,
224 539 285 596 qua
315 520 350 579 de
381 539 412 580 re
440 521 507 581 vide
537 521 690 582 Pr01.n11.
735 521 895 580 Praeterea
927 523 1030 580 utrum
1057 539 1162 581 versus
1189 523 1314 582 octavus
1343 541 1361 580 a

77 608 231 669 tribrachi
250 607 389 669 anaerusi
407 609 541 690 incipiat,
560 630 598 670 an
613 629 632 669 a
646 610 767 686 dipodia
786 609 937 687 epitritica
956 610 1046 669 simili
1065 629 1206 670 versuum
1222 609 1255 671 0.
1270 630 1290 669 x
1305 623 1330 670 3.
1345 623 1362 671 4

522 731 527 744 .

506 749 935 798 domabat-duom

74 859 219 937 equidem
242 859 355 920 dubito.
388 859 423 918 In
442 860 548 920 ultimo
571 880 641 920 vero
664 879 753 920 versu
775 861 838 936 ipse
861 859 1018 937 pulchram
1041 860 1171 937 speciem
1193 860 1360 921 mesodicae

74 949 196 1026 periodi
221 948 431 1025 aequabilitati
454 949 608 1026 dipodioae
637 949 791 1010 divisionis
820 950 987 1026 anteposui.
1032 950 1145 1009 Versus
1172 950 1303 1026 primum
1331 955 1362 1009 et

75 1039 257 1115 secuudum,
282 1057 350 1098 cum
374 1042 405 1098 et
426 1039 557 1099 numeris
581 1042 612 1098 et
634 1038 790 1099 sententiis
821 1031 872 1120 (of.
896 1059 943 1100 vv.
968 1048 1010 1098 11.
1034 1051 1083 1115 123
1107 1050 1150 1100 21.
1174 1050 1222 1116 213
1245 1050 1288 1098 31.
1312 1030 1360 1120 32)

74 1129 276 1206 cohaereant,
304 1128 335 1185 in
363 1147 458 1186 unum
484 1147 604 1188 versum
631 1128 822 1188 Hermannus
850 1127 998 1207 Bergkius
1050 1127 1264 1188 Mommsenius
1292 1148 1360 1188 con-

74 1217 258 1294 iunxerunt,
287 1235 415 1293 quorum
443 1217 618 1277 auctoritati
646 1218 807 1295 quominus
836 1217 1086 1296 obtemperarem,
1116 1217 1233 1294 syllaba
1262 1217 1361 1277 media

75 1307 206 1382 ancipiti
227 1325 370 1367 versuum
393 1318 436 1365 21.
459 1318 492 1364 41
518 1307 686 1382 prohibitus
709 1326 782 1367 sum.
812 1306 911 1366 Divisi
933 1305 1030 1384 igitur
1046 1325 1160 1385 versus,
1182 1306 1228 1365 ita
1249 1309 1360 1386 umen,

74 1401 114 1455 ut
147 1415 182 1455 ex
211 1395 328 1456 dnobus
356 1395 493 1455 versibus
522 1414 616 1454 unum
648 1399 855 1473 asynartetum
885 1414 1004 1455 versum
1035 1394 1113 1455 effici
1140 1399 1292 1473 putarem;
1322 1397 1359 1456 cf.

74 1486 159 1545 Prol.
177 1504 242 1543 xxn
260 1503 303 1561 sq.
348 1485 477 1544 Versum
507 1485 648 1562 quintum
674 1487 706 1544 in
734 1489 793 1545 tres
816 1502 920 1544 versus
943 1484 1092 1563 Bergidae
1115 1485 1249 1563 diremit,
1279 1486 1359 1562 quod

73 1578 114 1633 nt
143 1573 206 1633 fieri
233 1591 320 1650 posse
345 1593 363 1632 a
390 1573 476 1634 nobis
509 1573 602 1652 signis
635 1593 775 1634 caesurae
808 1573 973 1633 indicatum
997 1577 1044 1633 est
1070 1566 1112 1654 (v.
1135 1574 1215 1633 Prol.
1238 1567 1359 1657 xxm),

75 1665 125 1722 ita
156 1667 251 1722 artem
280 1666 386 1739 poetae
415 1663 445 1722 in
473 1663 595 1740 periodo
624 1664 715 1742 longa
738 1665 941 1740 componenda
963 1681 1132 1739 expressam
1155 1663 1285 1742 caligine
1308 1664 1359 1725 ob·

75 1752 172 1812 ducit
219 1753 262 1812 De
290 1753 469 1828 paenultimi
496 1772 566 1812 vero
595 1752 652 1812 coli
680 1752 770 1811 huius
798 1770 902 1812 versus
930 1752 1021 1831 longa
1048 1752 1199 1813 tricbrono
1228 1753 1359 1813 induas

76 1843 186 1901 breves
209 1842 310 1900 soluta
332 1841 399 1901 vide
422 1841 500 1902 Prol.
520 1859 612 1900 xuvn.
653 1841 791 1918 Denique
813 1861 933 1902 versum
955 1842 1099 1901 ultimum
1121 1859 1140 1899 a
1162 1843 1358 1918 praecedente

77 1949 171 1990 versu
194 1950 272 1990 nouo
296 1950 355 1990 non
378 1931 468 2010 longo
492 1931 650 1990 intervallo
674 1931 873 1990 dirimendum
896 1949 968 2009 esse,
991 1931 1143 2007 particula
1165 1931 1304 1991 enclitica
1326 1953 1358 2011 ys

76 2021 109 2078 in
135 2019 222 2079 initio
247 2039 273 2080 v.
294 2031 327 2079 10
350 2020 450 2096 posita
473 2037 527 2079 nos
558 2023 733 2080 commonet.
779 2020 883 2096 Epodo
914 2020 995 2096 quod
1024 2039 1143 2080 carmen
1173 2024 1269 2098 caret,
1298 2041 1358 2081 non

75 2128 175 2186 aeque
201 2112 293 2186 atque
319 2108 351 2167 in
377 2109 557 2168 carminibus
578 2108 611 2169 O.
631 2128 691 2168 xrv.
714 2109 748 2169 P.
768 2127 819 2168 x11.
843 2110 881 2168 N.
899 2127 932 2168 vv
950 2129 985 2168 ex
1004 2128 1038 2169 eo
1062 2109 1271 2185 explicandum
1295 2128 1358 2170 esse

76 2199 208 2276 videtur,
233 2198 314 2274 quod
337 2198 368 2256 in
391 2218 501 2275 pompa
524 2218 542 2257 a
566 2199 654 2258 choro
678 2198 831 2258 incedente
855 2197 1042 2275 cantabatur,
1066 2198 1175 2258 seder
1201 2219 1249 2277 eo,
1277 2200 1357 2276 quod

75 2291 169 2364 poeta
186 2287 313 2348 formam
332 2287 595 2363 epithalamiorum
613 2291 771 2364 poetarum
788 2287 988 2364 Aeolicomm,
1008 2305 1085 2363 quae
1105 2288 1208 2364 epodis
1226 2289 1356 2349 caruisse

76 2380 206 2453 constat,
225 2376 363 2435 imitatus
382 2381 435 2436 est.
473 2377 663 2452 Quamquam
681 2396 740 2436 non
759 2376 942 2455 refragabor,
961 2375 987 2434 si
1006 2376 1074 2453 quis
1092 2376 1272 2454 principium
1291 2379 1357 2454 qui·

78 2467 147 2525 dem
170 2465 310 2524 carminis
334 2466 364 2523 in
387 2485 498 2542 pompa
521 2469 676 2525 cantatum
700 2484 762 2526 esse
786 2465 936 2525 statuerit

160 2639 340 2728 Κλεάνδρῳ
364 2661 415 2715 τις
437 2637 547 2727 ἁλικίᾳ
569 2661 604 2704 τε
626 2639 749 2725 λύτρον
1155 2643 1235 2726 Στο.
1259 2643 1302 2705 α’.

161 2744 314 2829 εὔδοξον,
338 2741 363 2811 ὦ
387 2743 472 2830 νέοι,
494 2745 663 2831 καμάτων,

160 2854 284 2936 πατρὸς
306 2852 432 2935 ἀγλαὸν
460 2853 616 2939 Τελεσάρ-

203 2982 264 3043 χου
288 2959 377 3045 παρὰ
400 2962 577 3046 πρόθυρον
602 2961 661 3026 ἰὼν
684 2959 879 3047 ἀνεγειρέτω

159 3077 285 3150 κῶμον,
303 3064 495 3150 Ἰσθμιάδος
518 3090 551 3132 τε
575 3071 624 3132 νίὲ

202 3174 419 3256 nocticorvo,
443 3171 498 3238 καὶ
521 3172 633 3262 Νεμέᾳ

104 3299 121 3346 5
161 3279 293 3346 ἀέθλων
315 3280 366 3345 ὅτι
389 3281 508 3367 κράτος
532 3279 578 3360 ἐξ·

206 3396 290 3475 εὗρε.
336 3397 382 3476 τῷ
406 3385 461 3453 καὶ
484 3387 563 3472 ἐγώ,
585 3429 599 3439 -
622 3393 738 3476 καίπερ
762 3389 945 3476 ἀχνύμενος

176 3533 291 3540 ——-

151 3617 233 3654 vasu
251 3617 354 3653 aromo.
392 3599 475 3654 lusor.
496 3617 548 3657 om.
569 3601 631 3657 BD
649 3604 678 3656 et
696 3601 835 3656 schol—
857 3607 879 3656 1.
898 3623 940 3666 τις
959 3603 998 3658 B:
1017 3599 1059 3665 τίς
1077 3603 1107 3656 D
1126 3633 1159 3642 —
1177 3619 1208 3655 τε
1227 3602 1308 3657 codd
1327 3605 1357 3656 et

73 3671 180 3753 schol·
173 3691 225 3725 ·τι
243 3671 313 3726 coni.
333 3671 480 3743 Bergk-
500 3677 524 3726 3.
543 3672 694 3743 πρόθυμον
712 3673 789 3727 D-
806 3671 971 3756 ἀνεγειρέτω
990 3674 1030 3728 Β·
1049 3669 1182 3742 &vespiae
1200 3673 1238 3742 D,
1258 3692 1355 3744 ονναγ.

72 3742 150 3798 coni.
170 3741 337 3796 Sohmid-
356 3748 380 3798 1.
400 3744 500 3813 κώμων
520 3746 598 3799 B—
618 3747 683 3815 pest
701 3741 799 3821 Νεμέᾳ
817 3744 992 3815 interpunxit
1009 3744 1102 3814 Bergk
1122 3775 1154 3784 -

151 3902 339 3940 cornsraau.
368 3903 395 3941 v.
411 3892 433 3939 1.
455 3885 605 3959 Κλεάνδρῳ
624 3886 719 3961 ἁλικίᾳ
738 3905 779 3941 τε·
800 3887 938 3942 Cleandro
956 3889 986 3942 et
1004 3886 1063 3942 eius
1083 3886 1197 3955 aequali
1211 3885 1308 3954 aetati,
1324 3889 1355 3941 ut

73 3974 135 4038 non
154 3956 237 4024 longe
256 3955 364 4009 absita
380 3955 528 4012 ‘Cleandro
548 3943 660 4027 aequali
680 3941 791 4013 sodali'.
815 3959 944 4040 Namque
964 3962 1112 4028 quominus
1133 3960 1174 4012 ‘et
1188 3957 1355 4027 aequalibus

76 4027 152 4082 eins'
175 4025 396 4096 interpretemur,
419 4045 482 4081 oum
500 4046 544 4084 ras
562 4029 625 4099 ipsa
643 4027 826 4098 prohibet-
844 4030 960 4084 victoris
979 4030 1053 4084 enim
1072 4028 1224 4100 epinicium
1242 4045 1355 4084 carmen

74 4101 172 4154 est-
186 4101 245 4152 turn
260 4115 356 4152 versus
375 4112 409 4167 ss,
429 4116 462 4153 ex
481 4117 536 4168 qno
556 4100 714 4170 aequales
707 4117 783 4170 ipsos
802 4117 915 4155 carmen
933 4117 1033 4154 canere
1051 4102 1178 4171 apparet.
1208 4100 1249 4155 De
1269 4100 1356 4155 simili

73 4188 129 4224 usu
148 4169 306 4252 particulae
324 4189 353 4224 τε
372 4170 444 4225 conf.
465 4171 496 4225 0.
515 4191 533 4224 x
551 4187 630 4228 se-
648 4192 702 4242 τις,
729 4171 926 4226 choreutarum
945 4171 1076 4241 quisque,
1100 4189 1173 4240 quae
1192 4171 1292 4226 similis
1311 4172 1354 4227 vis

73 4240 250 4323 pronominis
274 4241 414 4296 indefiniti
434 4242 554 4297 occurrit
576 4244 596 4298 I
616 4262 665 4297 vm
682 4259 716 4298 ss.
745 4243 779 4298 N.
800 4263 848 4298 vm
867 4259 901 4298 so.
929 4242 958 4298 P.
977 4261 999 4296 11
1016 4259 1050 4297 οι.
1079 4243 1159 4299 Hom.
1179 4244 1210 4299 IL
1231 4263 1287 4298 xvir
1305 4259 1353 4300 sav.

74 4313 161 4384 Soph.
180 4313 224 4368 Αἰ.
244 4328 334 4368 am-
355 4313 455 4382 λύτρον
474 4312 607 4383 καμάτων
626 4332 738 4369 carmen
753 4314 913 4441 tepinicium
936 4331 997 4369 ease
1023 4313 1138 4385 dicitur,
1163 4317 1197 4368 ut
1220 4314 1251 4371 P
1270 4335 1288 4370 v
1307 4332 1353 4371 roo.

73 4386 109 4440 N.
130 4401 205 4452 ηις
230 4383 265 4439 cf.
285 4384 386 4453 λάτοον
404 4394 550 4455 συμφορᾶς
576 4385 606 4440 0.
626 4405 664 4440 ru
683 4403 717 4455 vv,
737 4391 765 4441 et
783 4383 864 4448 νίκας
882 4385 988 4441 ἄποινα
1013 4387 1032 4439 Ι.
1052 4402 1141 4440 vms.
1169 4386 1199 4440 P.
1219 4403 1291 4441 1111.
1321 4387 1352 4442 Ο.

73 4476 114 4510 vu
130 4472 164 4524 rs,
182 4459 294 4526 πλαγᾶν
313 4455 381 4520 ἄκος
399 4457 433 4511 N
447 4473 527 4512 11118.
547 4473 654 4511 rva—
674 4463 698 4510 3.
717 4456 878 4528 πρόθυρον·
897 4457 1068 4512 vestibulum
1086 4456 1186 4511 domus
1203 4460 1353 4548 paternae·

74 4527 116 4581 sic
132 4500 218 4581 etiam
235 4527 270 4582 N.
284 4543 334 4582 sss
349 4545 461 4582 carmen
479 4531 545 4582 ante
564 4528 637 4583 fores
657 4529 755 4583 domus
769 4529 884 4583 victoris
899 4529 1007 4582 cantari
1022 4526 1173 4582 dicitur-
1188 4534 1213 4582 4.
1230 4526 1352 4599 Ἰσθμιά-

74 4601 125 4661 θος
144 4617 172 4653 τε
193 4597 273 4662 νίκας
293 4597 399 4653 ἄποινα
417 4601 466 4654 καὶ
485 4597 616 4682 Νεμέᾳ
602 4619 644 4654 οτι
662 4598 762 4669 κράτος
780 4599 894 4654 cablon
917 4599 1022 4669 ἐξεῦρε·
1046 4616 1096 4653 suo
1115 4617 1192 4654 more
1214 4599 1353 4682 Pindarus

74 4673 213 4795 cognatas
239 4686 296 4736 res,
322 4669 484 4725 isthmicam
503 4655 651 4726 victoriam
678 4675 763 4752 atque
788 4671 959 4726 Nemeaeam
978 4670 1138 4738 victoriam,
1165 4669 1245 4725 varia
1262 4672 1353 4725 forma

74 4745 139 4822 orat
140 4740 213 4794 ionis
227 4712 333 4794 reddit·
328 4758 426 4810 ‚quae
443 4743 539 4797 autem
553 4743 672 4797 victoria
685 4742 779 4813 potior
793 4743 831 4797 sit
849 4745 879 4798 et
896 4743 949 4797 hoc
968 4758 1080 4798 carmen
1098 4715 1270 4808 excitaverit
1290 4759 1352 4797 eam

74 4811 169 4882 priore
188 4812 250 4866 loco
268 4785 392 4881 positam
411 4829 470 4868 esse
490 4831 574 4884 supra
592 4814 622 4868 in
639 4816 754 4886 Argum
774 4815 1006 4888 exposuimus—
1025 4818 1048 4870 6.
1071 4813 1227 4885 ἀχνύμενος
1244 4812 1351 4886 θυμόν
