3417 5434
345 365 410 427 320
814 366 963 416 Ριυοιιιι
982 365 1148 417 errarem.

433 532 512 593 Ordo
537 532 753 591 sententiarum
776 531 916 590 carminis
935 531 1172 608 simplicissimus
1191 534 1243 590 est.
1281 530 1316 587 In
1335 530 1486 606 principio
1504 528 1636 586 Vestam

344 623 443 699 deam,
466 625 624 698 patronam
648 620 757 697 curiae,
780 624 870 696 poeta
893 621 1025 698 invocat,
1049 623 1084 679 nt
1106 639 1217 680 novum
1241 623 1399 695 prytanem
1421 619 1566 695 benigne
1590 638 1636 675 ae-

344 712 437 788 cipiat
455 714 485 769 et
504 712 666 770 secundum
686 728 806 769 cursum
824 710 941 769 muneri
960 710 1025 769 eius
1043 729 1143 769 annuo
1163 709 1214 768 det
1227 701 1353 791 (1-10).
1376 708 1494 767 Deinde
1511 707 1636 765 Arista-

344 820 433 879 gorae
452 800 588 877 prytanis
607 818 710 879 genus,
730 800 865 875 formam,
885 799 1068 875 intrepidum
1085 798 1229 876 animum,
1242 798 1384 857 victorias
1402 798 1433 855 in
1453 797 1545 855 ludis
1566 796 1636 853 vici·

344 910 451 949 narum
474 889 644 949 civitatium
666 889 749 947 lucta
773 892 803 947 et
826 888 982 965 pancratio
1004 890 1173 964 reportatas
1191 886 1353 965 praedicnt,
1377 906 1512 962 eumque
1540 886 1638 943 etian.

343 979 454 1055 Pythia
481 983 512 1038 et
540 977 680 1055 Olympia
708 978 859 1037 victurum
886 977 978 1036 fuisse
1007 980 1170 1057 asseverat,
1203 977 1261 1036 nisi
1289 996 1307 1035 a
1335 976 1517 1052 parentibus
1555 974 1636 1032 iusto

345 1068 560 1144 timidioribus,
589 1068 750 1143 quominus
778 1066 832 1125 illa
854 1066 1020 1126 certamina
1042 1067 1151 1143 obiret,
1176 1065 1346 1141 prohibitus
1370 1069 1448 1125 esset
1472 1058 1638 1145 (ll-32¹:

345 1158 433 1216 facile
456 1176 525 1217 vero
550 1156 640 1215 fuisse
664 1157 719 1215 hoc
742 1156 875 1215 conicere
898 1156 934 1215 de
956 1157 1151 1234 Aristagorae
1175 1154 1328 1231 praeclaro
1351 1174 1474 1233 genere,
1498 1174 1543 1213 ex
1570 1172 1637 1211 san·

345 1246 435 1325 guina
459 1246 605 1322 Pisanum,
629 1246 681 1322 qui
705 1265 773 1305 cum
797 1243 902 1304 Oreste
925 1246 1033 1305 Aeoles
1055 1244 1190 1321 Amyclis
1213 1245 1244 1302 in
1267 1244 1372 1303 Asiam
1394 1244 1588 1317 traduxerit,
1609 1254 1637 1299 et

345 1336 508 1411 Melanippi
531 1334 678 1411 Thebani,
707 1334 792 1393 cuius
819 1333 855 1393 de
884 1335 976 1410 stirpe
999 1337 1097 1393 mater
1118 1334 1313 1411 Aristagorae
1337 1332 1546 1409 descenderit,
1573 1333 1637 1390 feli·

345 1426 418 1490 citer
446 1426 552 1501 mixt03
580 1422 704 1483 alternis
732 1426 834 1481 autem
859 1426 896 1480 ut
923 1424 1061 1483 tellurem
1089 1426 1120 1482 et
1147 1422 1279 1499 arbores,
1303 1422 1345 1481 sic
1373 1422 1467 1481 etiam
1490 1422 1637 1480 humana

344 1533 454 1592 genera
486 1513 572 1572 modo
604 1531 761 1589 prosperos
793 1513 893 1571 foetus
924 1511 1023 1591 edere,
1056 1512 1143 1571 modo
1178 1512 1337 1571 sterilitate
1369 1512 1494 1590 frugum
1532 1512 1635 1587 premi

343 1595 486 1685 (33-43).
523 1602 660 1678 Denique
684 1600 805 1661 modum
824 1601 985 1661 tenendum
1004 1621 1100 1678 neque
1119 1602 1229 1660 altiora
1247 1602 1416 1677 appetenda
1434 1619 1499 1660 esse
1521 1601 1632 1660 virum

343 1711 461 1771 magna,
484 1695 520 1750 ut
541 1691 669 1769 ridetur,
692 1691 857 1767 spirantem
879 1690 1019 1751 admonet
1042 1684 1186 1772 (ta—48).
1208 1722 1253 1731 —
1275 1690 1311 1749 In
1334 1689 1504 1769 digerendis
1535 1690 1633 1748 nebus

343 1786 374 1841 et
396 1782 499 1842 metris
523 1780 663 1841 carminis
686 1798 752 1839 eam
773 1782 869 1839 artem
888 1784 978 1856 poeta
997 1780 1140 1858 exhibuit,
1159 1799 1251 1857 quam
1269 1781 1410 1855 provecta
1428 1781 1537 1839 aetate
1560 1799 1633 1837 enm

343 1870 374 1931 in
397 1870 698 1947 dactylo-epitriticis
725 1868 906 1929 carminibus
934 1870 1096 1928 excoluisse
1124 1888 1215 1945 snpra
1242 1869 1280 1927 ad
1304 1866 1338 1929 Ο.
1357 1886 1414 1925 xm
1436 1869 1633 1927 monuimus.
1688 1908 1690 1937 s

342 1961 391 2019 Ita
414 1960 493 2019 enim
516 1978 584 2019 oum
608 1958 694 2034 spodi
718 1958 863 2034 cuiusque
886 1958 943 2017 fine
968 1959 1147 2018 sententiam
1170 1957 1307 2035 absolvit,
1326 1960 1361 2016 nt
1379 1959 1481 2017 totum
1498 1977 1634 2017 carmen

343 2050 374 2107 in
397 2052 458 2109 tres
481 2052 590 2126 partes,
614 2066 742 2123 quarum
766 2066 904 2123 quaeque
928 2068 963 2105 ex
986 2048 1109 2125 stropha
1132 2047 1322 2123 antistropha
1344 2047 1439 2123 epodo
1458 2050 1635 2122 constaret,

343 2138 543 2197 distribueret.
589 2136 728 2196 Ceterum
751 2136 836 2194 tenui
859 2137 890 2194 in
912 2136 1004 2195 humo
1032 2137 1150 2196 sulcum
1180 2139 1270 2213 poeta
1302 2136 1398 2213 ducit,
1430 2138 1467 2194 ut
1499 2156 1543 2195 ne
1575 2138 1633 2194 mi-

343 2227 417 2286 reris
445 2226 620 2303 sententias,
645 2244 720 2301 quas
744 2226 812 2285 aliis
834 2225 866 2283 in
889 2226 1071 2285 carminibus
1098 2230 1129 2285 et
1158 2226 1258 2302 aptius
1286 2228 1317 2283 et
1345 2224 1482 2284 ornatius
1508 2227 1634 2301 posuit,

344 2317 391 2375 hic
415 2316 513 2375 ieiune
536 2318 567 2374 et
589 2315 706 2374 exiliter
728 2314 880 2390 repetitas
924 2313 1051 2375 Omnino
1075 2316 1130 2374 hoc
1153 2334 1271 2374 carmen
1294 2314 1391 2392 magis
1414 2314 1459 2392 iis,
1484 2334 1572 2391 qnae
1596 2316 1633 2373 de

344 2406 429 2465 cultu
447 2405 556 2463 Vestae
580 2408 610 2462 et
633 2404 746 2482 origine
766 2403 966 2464 Tenediorum
988 2405 1129 2481 continet,
1152 2403 1344 2463 memorabile
1367 2406 1414 2462 est
1437 2424 1534 2480 quam
1561 2406 1632 2481 pul·

345 2495 512 2555 chritudine
535 2493 660 2569 poetica.

890 2594 934 2660 De
957 2595 1078 2662 metris.

434 2708 579 2769 Carminis
602 2708 692 2767 huius
715 2710 812 2768 matra
839 2712 911 2767 sunt
937 2708 1232 2785 dactylo-epitritica
1255 2708 1294 2767 ad
1317 2707 1475 2785 antiquam
1498 2713 1533 2767 et
1558 2711 1631 2769 sim-

345 2800 452 2876 plicem
479 2818 614 2858 normam
642 2798 807 2873 composita
833 2798 1000 2874 leniterque
1029 2816 1119 2857 cursu
1145 2816 1336 2857 numerorum
1358 2817 1426 2858 raro
1450 2798 1629 2877 interrupto

345 2888 523 2948 delabentis.
569 2887 735 2963 Aptissima
765 2890 868 2946 autem
899 2888 960 2946 fuit
990 2887 1081 2945 buius
1112 2906 1303 2948 numerorum
1335 2888 1453 2966 generis
1485 2890 1629 2967 gravitas

345 2978 499 3037 sanctitati
522 2977 677 3053 carminis,
702 2977 782 3052 quod
805 2976 876 3035 licet
899 2996 918 3035 a
941 2977 1144 3054 grammaticis
1167 2977 1246 3036 inter
1268 2976 1398 3053 epinicia
1419 2978 1555 3037 relatum
1581 2980 1630 3044 sin

346 3071 446 3125 tamen
474 3067 602 3142 speciem
630 3064 726 3143 magis
753 3065 884 3141 prosodii
913 3086 1004 3143 quam
1027 3066 1146 3142 epinicii
1169 3065 1267 3125 habet.
1313 3066 1423 3125 Utrum
1446 3067 1477 3124 in
1501 3087 1630 3145 pompa,

346 3174 406 3232 qua
424 3174 519 3215 novus
538 3155 733 3233 magistratus
752 3156 783 3213 in
802 3155 916 3214 curiam
935 3175 954 3213 a
972 3155 1159 3215 senatoribus
1178 3160 1209 3214 et
1226 3154 1389 3233 gentilibus
1407 3155 1628 3233 deducebatur,

347 3264 384 3301 an
408 3245 486 3304 inter
509 3244 653 3303 sacrificia
672 3247 702 3303 et
721 3244 833 3321 epulas,
858 3264 935 3320 quae
959 3264 1025 3303 earn
1044 3244 1238 3320 excipiebant,
1257 3248 1413 3303 cantatum
1432 3246 1481 3322 sit,
1500 3246 1627 3305 difficile

346 3333 384 3391 ad
407 3333 631 3393 diiudicandum
654 3336 712 3407 est3
736 3336 831 3392 metra
855 3334 977 3409 quidem
1000 3334 1133 3409 pompali
1156 3333 1281 3393 carmini
1304 3334 1414 3393 favent

400 3528 473 3589 Παῖ
488 3522 589 3608 Ῥέας,
614 3525 634 3589 ἅ
657 3548 692 3589 τε
713 3536 895 3610 πρυτανεῖα
918 3522 1086 3609 λέλογχας,
1105 3522 1231 3607 Ἑστία,
1423 3529 1506 3611 Στρ.
1523 3524 1571 3591 α’.
1687 3577 1688 3596 τ

402 3632 509 3716 Ζηνὸς
532 3631 674 3709 ὑψίστου
697 3634 877 3715 κασιγνήτα
900 3630 955 3697 καὶ
978 3632 1168 3717 ὁμοθρόνου
1186 3630 1305 3718 Ἥρας,

402 3735 439 3806 εὖ
462 3736 523 3825 μὲν
546 3739 783 3825 Ἀρισταγόραν
805 3738 894 3817 δέξαι
918 3741 992 3805 τεὸν
1015 3740 1048 3816 ἐς
1070 3740 1239 3825 θάλαμον,

418 3987 498 4022 raam
521 3987 624 4024 nrorro.
666 3968 750 4023 lusor.
777 3986 830 4023 om.
856 3970 925 4023 BD
951 4002 984 4008 -
1010 3969 1114 4025 Schol:
1139 3968 1200 4023 οὐδ’
1230 3968 1310 4037 ὅλοις,
1336 3970 1428 4039 φησὶν
1450 3969 1465 4024 ὁ
1492 3967 1623 4040 Δίδυμος,

349 4039 432 4110 ἐχρῆν
449 4040 501 4110 τὴν
520 4038 597 4114 ᾠδὴν
615 4040 721 4109 ταύτην
736 4040 775 4102 τίς
788 4040 852 4103 τοὺς
867 4038 1008 4103 ίττινίκουρ
1021 4045 1199 4095 αυνενῶσθαι
1212 4045 1383 4110 (essedonas
1398 4042 1503 4111 codd)-
1522 4043 1557 4095 οὐ
1571 4043 1623 4111 γὰρ

348 4112 423 4179 ἱερὸν
447 4113 543 4181 ἀγῶνα
566 4110 714 4181 νενίκηκεν
732 4113 747 4166 ό
764 4109 967 4181 Ἀρισταγόρας,
993 4112 1063 4166 ἀλλὰ
1085 4114 1256 4183 περιχώρους
1274 4144 1308 4152 --
1329 4118 1352 4166 1.
1371 4121 1524 4181 κροτανεῖς
1540 4114 1573 4167 D
1591 4145 1621 4152 —

420 4273 608 4309 connumera
646 4274 671 4309 v.
693 4261 715 4309 1.
741 4254 840 4309 schol:
863 4253 1019 4321 πρυτανεῖά
1038 4273 1107 4324 φησι
1125 4259 1219 4327 λαχεῖν
1237 4254 1288 4325 τὴν
1303 4254 1431 4323 Ἑστίαν,
1450 4253 1577 4324 παρόσον
1594 4255 1620 4308 αἱ

348 4334 403 4380 τῶν
421 4325 530 4381 πόλεων
552 4324 658 4380 ‘Ecstor
678 4325 708 4380 ἐν
726 4335 784 4388 τοῖς
801 4324 980 4393 πρυτανείοις
998 4328 1170 4394 ἀφίδρυνται
1187 4328 1236 4381 καὶ
1253 4328 1285 4381 τὸ
1305 4326 1381 4396 ἱερὸν
1400 4327 1551 4398 λεγόμενον
1570 4336 1621 4392 τιῖρ

350 4397 395 4451 ἐπὶ
420 4397 526 4452 τούτων
552 4396 707 4453 ἀπόκειται..
745 4398 848 4451 Vestae
874 4400 1020 4466 tamquam
1045 4400 1181 4467 patronae
1207 4398 1300 4453 curiae
1326 4416 1390 4453 cum
1416 4398 1468 4453 alii
1492 4402 1553 4451 tum
1576 4400 1619 4467 qni

349 4468 547 4539 magistratum
565 4469 677 4523 inibant
695 4473 761 4523 ente
779 4472 886 4523 ceteros
906 4469 972 4523 deos
991 4469 1114 4539 deasque
1132 4469 1317 4525 libationibus
1340 4474 1370 4525 et
1391 4470 1537 4525 sacrificiis
1559 4470 1620 4523 lita·

348 4540 430 4609 bant,
455 4541 528 4595 unde
552 4540 737 4609 proverbialis
761 4540 866 4594 locutio
890 4539 943 4608 ἀφ’
962 4540 1072 4603 Ἑστίας
1094 4539 1248 4611 ἀρχόμενος
1265 4543 1394 4611 profecta
1412 4544 1469 4607 est;
1489 4542 1524 4597 cf.
1539 4541 1619 4611 Didp-

348 4630 424 4666 mum
440 4612 475 4665 ad
490 4611 632 4681 Aristoph.
647 4628 723 4681 resp.
738 4629 786 4680 sse,
806 4611 892 4665 schol.
907 4612 979 4667 Plat.
994 4612 1115 4681 Euthyd.
1132 4630 1170 4679 ιι,
1185 4612 1455 4683 Rosober-Preuner,
1468 4613 1522 4668 lex.
1537 4612 1618 4682 myth.

348 4700 428 4737 reare
447 4701 482 4738 ss.
509 4716 542 4723 —
572 4690 622 4737 ls.
646 4684 762 4737 Vestam
786 4682 861 4752 quod
885 4683 1022 4737 Pindarus
1046 4684 1140 4737 Rheae
1165 4684 1224 4738 sive
1246 4684 1368 4738 Telluris
1392 4684 1483 4739 filiam
1506 4685 1619 4753 ideoque

350 4755 422 4809 Iovis
442 4758 526 4823 atqrre
547 4755 659 4809 Iunonis
680 4772 800 4808 sororem
820 4754 901 4820 dixit,
920 4755 1042 4825 vestigia
1056 4755 1126 4825 legit
1140 4755 1256 4810 Hesiodi
1269 4757 1362 4824 theog.
1378 4774 1420 4813 sos
1436 4790 1470 4797 —
1484 4756 1609 4827 λέλογχας

352 4826 385 4879 de
405 4826 464 4879 deis
484 4842 599 4880 mamere
620 4826 802 4881 sortientibus
823 4827 1002 4883 cf.0.m1o1
1023 4858 1056 4867 ·-
