3417 5434
361 290 424 355 118
833 290 984 343 omousi
1001 292 1168 343 sermons.

360 470 395 520 45
448 456 557 541 μακρὰ
580 451 616 519 δὲ
640 455 753 539 ῥίψαις
776 450 956 538 ἀμεύσασθ’
982 452 1125 529 ἀντίους.

449 564 480 627 εί
501 562 565 646 γάρ
588 561 606 627 ὁ
629 574 694 637 πᾶς
715 563 836 645 χρόνος
858 562 912 626 ὅλ-

494 673 557 754 βον
579 664 641 754 μέν
663 667 750 734 οὕτω
774 665 828 733 καί
853 668 1001 733 κτεάνων
1024 668 1121 733 δόσιν
1144 668 1246 734 εὐθύ-

494 799 563 859 νοι,
586 774 741 859 καμάτων
764 772 796 838 δ’
822 773 932 840 έπίλα-
947 790 1002 840 σιν
1024 774 1196 858 παράσχοι.

450 982 472 1071 ἦ
494 1011 552 1053 κεν
575 987 765 1073 ἀμνάσειεν,
789 990 876 1065 οἵαις
899 988 935 1053 ἐν
958 986 1129 1072 πολέμοισι
1152 988 1271 1073 μάχαις
1414 986 1505 1051 Ἀντ.
1529 985 1571 1069 γ’.

451 1096 589 1180 τλάμονι
611 1105 703 1182 ψυχᾷ
724 1094 906 1183 παρέμειν’,

496 1201 583 1287 ἁνίχ’
609 1202 802 1287 εὑρίσκοντο
824 1210 917 1268 θεῶν
939 1203 1104 1287 παλάμαις
1126 1204 1241 1288 τιμάν,

452 1311 528 1376 οἵαν
551 1311 643 1387 οὔτις
661 1307 830 1375 Ἑλλάνων
853 1308 982 1396 δρέπει,

364 1436 398 1482 50
453 1418 599 1483 πλούτου
623 1415 811 1502 στεφάνωμ’
837 1416 1015 1504 ἀγέρωχον.
1061 1427 1127 1483 νῦν
1149 1440 1186 1500 γε
1208 1418 1275 1502 μὰν

498 1526 560 1590 τάν
585 1525 790 1607 Φιλοκτήταο
814 1524 912 1590 δίκαν
936 1522 1068 1609 έφέιτων

436 1761 479 1810 45.
499 1751 605 1825 μακραί
625 1754 698 1809 0-
717 1751 803 1823 §loce
823 1754 891 1822 OD,
910 1752 1032 1823 άρίψαις
1050 1752 1217 1821 Mommsen;
1237 1754 1272 1807 de
1292 1752 1404 1822 syllaba
1422 1750 1565 1823 producta
1582 1751 1637 1802 ante

365 1825 382 1896 ᾇ
400 1827 472 1881 conf.
491 1826 525 1881 N.
541 1842 606 1881 v1s.
622 1842 660 1893 co,
680 1845 729 1879 vm
743 1842 781 1894 ιο,
800 1826 830 1882 P.
845 1845 874 1879 rx
888 1842 915 1880 ιε
934 1858 967 1866 -
987 1823 1140 1896 άμείσεσθ’
1163 1826 1212 1881 0¹:
1236 1822 1396 1894 ἀμεύσασθ’
1418 1822 1497 1879 D0¹
1516 1854 1550 1862 —
1569 1820 1636 1875 ἐναν·

364 1897 441 1962 τίονς
467 1899 491 1954 0
512 1930 547 1938 -
573 1902 615 1952 47.
640 1896 811 1967 άμμνάσειεν
835 1914 869 1951 ex
892 1895 1007 1952 scholiis
1031 1895 1158 1951 Schmid:
1182 1894 1219 1951 διν
1242 1894 1374 1966 μνάσειεν
1402 1895 1460 1951 01)
1485 1926 1520 1934 -
1546 1891 1637 1947 οἵαισιν

365 1969 498 2040 πολέμοιο
523 1968 594 2023 coni.
613 1968 734 2035 Heclrer,
760 1967 833 2031 οἵαις
852 1968 903 2023 σάν
921 1966 986 2023 ποτ’
1008 1966 1097 2022 ἔταισι
1113 1967 1174 2037 ipse
1193 1967 1303 2022 tentavi
1322 1966 1637 2022 accucurrimus

365 2046 566 2112 1)-391-48-
589 2040 849 2110 ueteranorum:
872 2038 1029 2111 παλάμαισι
1050 2040 1117 2106 01);
1144 2038 1271 2110 εὕρισκεν
1294 2036 1450 2109 παλάμαισι
1474 2042 1555 2093 θεῶν
1577 2033 1635 2088 coni.

366 2113 480 2167 Boeclch
499 2144 533 2153 —
552 2117 594 2166 50.
615 2111 796 2179 Φιλοκτήτοιο
816 2112 872 2167 0⁸⁰
891 2144 923 2151 -

366 2254 433 2309 liter
450 2255 485 2310 N.
500 2274 540 2307 vn
554 2272 578 2309 rr
593 2256 683 2307 artem
696 2252 790 2308 verbis
805 2254 888 2308 linem
906 2252 1081 2324 propositum
1100 2252 1268 2322 assequendi
1287 2270 1349 2308 cum
1367 2252 1459 2307 milite
1479 2250 1572 2307 iaculo
1585 2266 1633 2302 sco·

366 2346 433 2398 pum
451 2326 571 2381 feriente
590 2329 735 2396 comparat
750 2356 783 2365 —
798 2324 999 2396 χαλκοπάραον
1012 2324 1131 2379 ἄκοντα·
1152 2323 1246 2379 aeneis
1261 2324 1342 2396 genis
1357 2328 1500 2380 armatum
1514 2321 1633 2385 iaculum,

367 2398 446 2453 cuius
465 2397 558 2469 cuspis
577 2414 667 2451 aenea
685 2396 781 2451 aeneis
799 2395 893 2450 fibulis
913 2414 976 2451 cum
990 2395 1085 2466 ligneo
1100 2413 1147 2449 sca
1168 2396 1349 2451 oroniuncta
1363 2398 1408 2451 est
1421 2428 1456 2437 -
1472 2395 1525 2463 ἔξω
1539 2396 1635 2463 &ydros

367 2474 462 2544 βαλεῖν
485 2469 594 2524 scholia
615 2469 838 2539 interpretantur
859 2468 937 2538 παρὰ
961 2467 1068 2522 σκοπὸν
1086 2466 1122 2537 μή
1142 2414 1249 2535 δίψαν·
1273 2470 1359 2536 atque
1381 2466 1563 2523 iaculationir
1580 2479 1629 2517 sco-

385 2560 433 2597 um
457 2541 586 2596 disertim
608 2543 694 2611 poeta
716 2542 917 2595 commemorat
939 2540 973 2595 N.
988 2559 1018 2592 rx
1036 2556 1062 2594 σε
1081 2536 1232 2605 ἀκοντίζων
1256 2547 1363 2594 σκοποῦ
1388 2538 1519 2611 ἄγχιστα,
1539 2538 1568 2591 (λ.
1582 2556 1597 2589 x
1613 2550 1631 2587 11

368 2634 466 2669 ακοντι
489 2613 568 2668 ἔλασε
587 2610 705 2680 σκοπόν,
725 2611 756 2667 Ο.
771 2631 821 2665 1111
838 2628 865 2665 ει
883 2611 961 2680 παρὰ
985 2610 1092 2702 σκοπδμ
1115 2611 1148 2701 pel
1171 2611 1223 2681 χρὴ
1246 2610 1282 2664 τὰ
1296 2608 1394 2703 Ιβέλεα,
1411 2610 1571 2681 καρτύνειν·
1593 2604 1633 2661 sed

367 2680 1383 2825 &essecestraserresrepercuteretur?
1398 2680 1632 2825 άίίὲλζιῗίά

367 2828 479 2883 finitum
497 2829 600 2896 tangat
617 2826 737 2895 vincere,
758 2826 808 2892 ἔξω
827 2828 937 2896 ἀγῶνος
955 2828 1051 2899 βαλεῖν
1069 2842 1126 2880 non
1144 2841 1207 2879 eum
1227 2824 1371 2895 intellego,
1389 2824 1439 2895 qui
1458 2842 1568 2896 scopum
1586 2836 1631 2873 non

369 2898 505 2969 attigerit,
525 2899 574 2953 sed
593 2897 641 2967 qui
658 2915 721 2950 cum
736 2914 791 2952 non
805 2914 950 2966 quousque
964 2895 1070 2952 aemuli
1084 2896 1224 2951 iaculatus
1240 2895 1285 2979 sit,
1300 2896 1459 2951 incensum
1473 2914 1529 2952 non
1541 2891 1630 2949 veniat

369 2972 450 3036 Quod
466 2974 562 3024 autem
580 2968 680 3024 ceteris
698 2967 768 3023 locis
786 2972 872 3050 poeta
891 2970 926 3023 de
945 2986 1030 3039 scopo
1043 2967 1187 3023 iaculandi
1206 2967 1339 3037 loquitur,
1358 2968 1402 3022 ita
1419 2968 1590 3039 interpretor,
1606 2962 1632 3014 ul

369 3045 420 3096 aut
438 3042 494 3095 duo
513 3056 617 3113 genera
635 3040 815 3095 iaculatioms
834 3040 921 3094 fuisse
941 3043 991 3095 aut
1008 3042 1123 3165 poetam
1140 3039 1269 3093 notiones
1288 3038 1385 3110 procul
1404 3040 1526 3095 iaciendi
1544 3040 1571 3091 et
1582 3051 1629 3089 cer·

369 3117 429 3168 tum
453 3113 537 3167 finem
559 3111 679 3167 feriendi
701 3111 866 3182 (Weitwurf
884 3112 942 3166 und
966 3112 1014 3166 Zie
1028 3110 1112 3180 wurf)
1136 3110 1295 3165 confudisse
1319 3126 1445 3181 arguam
1483 3110 1554 3165 Nam
1571 3121 1630 3176 quse

369 3184 507 3239 Martinus
526 3183 630 3253 Faber,
658 3184 726 3237 Zum
744 3183 890 3239 Funfkam
910 3184 925 3236 f
940 3183 990 3238 der
1008 3182 1145 3238 Griechcn
1164 3182 1275 3253 (Philol.
1292 3187 1359 3237 1891
1374 3202 1402 3265 p.
1418 3198 1459 3239 ιιο
1473 3186 1519 3251 ss.)
1536 3175 1631 3248 excogi-

369 3256 444 3311 tavit
469 3255 602 3325 artificia,
628 3258 662 3309 ut
686 3255 806 3309 eundem
831 3257 861 3309 et
885 3203 969 3325 ίδιιρε
994 3253 1114 3310 iaculari
1139 3256 1168 3309 et
1191 3270 1306 3326 scopum
1328 3255 1412 3309 ferire
1430 3272 1513 3325 possa
1530 3251 1629 3313 teneret

369 3327 454 3383 nimis
469 3330 534 3381 sunt
548 3328 651 3397 arguta
665 3359 699 3367 -
714 3331 756 3381 45.
776 3324 901 3390 ἀντίους·
920 3326 1059 3397 aemulos3
1077 3326 1144 3381 inde
1158 3328 1301 3381 certarnen
1314 3328 1463 3396 poetarum
1478 3327 1513 3381 ab
1526 3324 1630 3379 Hierone

370 3399 532 3453 institutum
553 3398 765 3469 praemiumque
788 3398 895 3468 optimo
919 3398 1036 3453 carmini
1058 3396 1234 3469 propositum
1257 3414 1318 3453 esse
1341 3397 1475 3468 colligere
1499 3413 1576 3452 ausus
1596 3392 1629 3445 est

369 3472 453 3553 Leop.
469 3470 603 3539 Schmidt,
622 3470 717 3524 Leben
735 3468 855 3523 Pindars
875 3486 926 3539 24⁷3
945 3470 1021 3540 quod
1040 3472 1072 3525 ut
1091 3468 1261 3525 coniciamus
1280 3486 1337 3523 non
1355 3486 1426 3540 opus
1445 3486 1507 3525 csse
1524 3461 1631 3524 ostendit

371 3541 471 3596 simrlis
490 3541 567 3596 locus
586 3541 621 3595 N.
635 3560 664 3594 iv
678 3558 703 3597 ει
722 3573 756 3581 -
776 3546 818 3596 46.
838 3541 938 3596 schol:
958 3542 1021 3596 είδε
1039 3540 1101 3612 γάρ,
1120 3558 1215 3611 φησιν,
1235 3540 1251 3595 δ
1269 3549 1325 3605 πᾶς
1343 3539 1444 3611 χρόνος
1463 3543 1536 3614 αὐτῷ
1550 3537 1630 3605 τήνσέ

371 3611 555 3684 εὐδαιμονίαν
577 3614 626 3667 καί
647 3612 697 3668 τδν
720 3616 842 3667 πλοῦτον
868 3611 912 3667 ἐπ’
936 3610 1051 3676 εὐθείας
1069 3611 1171 3683 ἀγάγοι
1188 3612 1233 3683 (cf.
1248 3612 1283 3666 N.
1298 3632 1319 3666 11
1334 3616 1357 3683 1)
1376 3614 1425 3667 καί
1442 3622 1499 3667 τῶν
1517 3607 1630 3682 „aporos

370 3694 425 3740 τῶν
443 3693 492 3753 τῆς
510 3682 657 3754 λιθουρίας
676 3682 801 3753 ἐτιίλησιν
819 3683 930 3755 ἀγάγοι,
950 3686 986 3747 ὡς
1005 3684 1056 3755 ἐγὼ
1074 3685 1139 3748 τοὺς
1159 3684 1303 3748 ἐναντίους
1322 3692 1435 3753 νικῆσαι
1453 3686 1598 3753 προσδοκῶ.

443 3762 557 3812 47-57.
576 3755 704 3811 laborum
723 3757 868 3826 (καμάτων
881 3774 908 3811 v.
923 3758 961 3826 ιε)
979 3756 1242 3811 commemoratione
1261 3758 1346 3827 poeta
1365 3754 1525 3827 adducitur,
1543 3750 1630 3809 utd110

370 3829 455 3897 belle,
474 3828 577 3897 quibus
595 3828 679 3883 Hiero
703 3830 859 3881 castrorum
882 3827 993 3882 labores
1016 3830 1046 3883 et
1082 3846 1101 3881 u
1141 3844 1221 3881 arum
1239 3845 1321 3883 curas
1339 3826 1451 3883 fortiter
1470 3822 1630 3885 sustinuerat,

372 3900 530 3955 accuratius
545 3900 669 3967 referret,
683 3899 790 3954 bellum
804 3901 903 3954 contra
912 3900 1020 3953 Poenos
1035 3846 1228 3953 arflfflreram
1242 3901 1271 3953 ct
1284 3898 1392 3954 bellum
1407 3901 1506 3954 contra
1518 3898 1631 3953 Etruscos

371 3973 409 4027 ad
432 3972 548 4026 Cumam
571 3974 690 4043 gestum.
710 4003 743 4011 -
763 3977 804 4026 47.
828 3970 952 4025 felicitas
975 3972 1132 4042 temporum
1155 3972 1188 4025 ut
1209 3969 1338 4025 laborum
1364 3970 1536 4026 oblivionem
1559 3965 1629 4027 areo

370 4044 413 4098 ita
435 4043 555 4115 gloriam
575 4059 668 4097 rerum
691 4042 763 4096 bene
786 4046 929 4114 gestarum
954 4042 1067 4097 excitat.
1108 4041 1238 4113 Inprimis
1261 4041 1399 4097 hocloco
1422 4045 1509 4113 poeta
1526 4052 1630 4115 pugnarn

343 4172 346 4175 ,
370 4115 564 4169 Himercnsem
591 4116 715 4186 spectat,
744 4131 800 4183 qua
826 4114 911 4168 Hiero
939 4113 1055 4183 eiusque
1082 4113 1170 4168 frater
1196 4112 1287 4168 maior
1309 4112 1379 4168 Gelo
1401 4113 1504 4169 Poenis
1531 4110 1630 4167 deride

372 4204 402 4241 re
425 4186 480 4241 'am
498 4188 670 4257 potestatem
689 4186 832 4240 consecuti
850 4189 924 4240 sunt.
961 4186 1002 4240 De
1022 4185 1153 4239 thesauro
1172 4184 1202 4238 in
1220 4184 1385 4239 memoriam
1404 4185 1489 4239 huius
1507 4194 1630 4255 pugnata

372 4259 412 4312 Ge
425 4275 477 4312 one
493 4258 640 4329 Olympiae
656 4260 800 4311 exstructa
812 4275 839 4312 r.
853 4257 935 4311 Paus.
951 4276 979 4310 v1
994 4274 1027 4321 ιο,
1042 4274 1053 4313 ι
1068 4259 1097 4311 et
1111 4274 1169 4326 arg.
1186 4255 1216 4311 Ο.
1232 4276 1252 4309 rr
1268 4260 1336 4311 extr.
1353 4288 1385 4297 -
1401 4262 1444 4311 50.
1464 4265 1517 4312 νῦν
1535 4276 1564 4327 γε
1576 4250 1629 4325 μάν·

371 4329 455 4384 rebus
477 4329 638 4399 praeteritis
661 4332 823 4399 praesentes
846 4328 948 4383 iisdem
987 4327 1115 4383 articulis
1134 4326 1251 4399 opponit
1270 4330 1355 4398 atque
1374 4328 1404 4382 in
1422 4330 1562 4399 prooemio
1578 4344 1599 4379 ι.
1612 4335 1630 4375 ιι

371 4434 406 4442 -
420 4401 473 4456 τὰν
486 4400 657 4469 Φιλοκτήταο
672 4398 768 4456 δίκαν·
783 4399 890 4454 bellum
904 4418 954 4482 pro
967 4348 1099 4455 Eumenis
1114 4402 1211 4455 contra
1226 4400 1357 4454 Etruscos
1372 4398 1494 4455 feliciter
1508 4392 1629 4468 auspiciis,

372 4491 429 4527 non
447 4473 534 4527 ductu
552 4472 627 4541 regu's
640 4472 822 4543 profligatum
837 4472 986 4543 significat,
1006 4488 1061 4542 quo
1081 4472 1115 4525 de
1134 4472 1210 4527 bello
1228 4470 1367 4526 Diodorus
1386 4490 1415 4524 τι
1434 4488 1472 4527 sr:
1488 4468 1576 4539 Ἱέρων
1592 4464 1630 4538 μὲν

374 4544 389 4599 δ
404 4546 531 4617 βασιλεὺς
549 4553 605 4598 τῶν
619 4541 810 4613 Συρακοσίων,
829 4543 1066 4615 παραγενομένων
1084 4543 1154 4613 πρὸς
1173 4543 1260 4597 αὐτὸν
1277 4542 1420 4617 πρέσβεων
1440 4542 1470 4597 ἐκ
1489 4544 1550 4611 Κάμ
1568 4563 1580 4605 ς
1595 4544 1631 4604 τῆς

369 4613 488 4678 Ἰταλίας
500 4616 548 4670 καί
558 4614 699 4685 δεομένων
713 4618 857 4689 βοηθῆσαι
870 4619 992 4685 πολεμον
1014 4615 1088 4679 ένοις
1101 4617 1156 4670 ὑπὸ
1173 4618 1324 4685 Τυρρηνῶν
1338 4618 1630 4683 δαλαττοκρατονντσν,

374 4686 530 4756 ἐξέπεμψεν
549 4687 644 4751 αὐτοῖς
662 4684 821 4757 συμμαχίαν
843 4687 966 4755 τριήρεις
989 4636 1102 4753 ίίιανάς,
1126 4686 1152 4741 οἱ
1171 4684 1202 4741 δὲ
1221 4694 1277 4741 τῶν
1295 4694 1367 4741 νεῶν
1384 4686 1492 4740 τούτων
1510 4681 1631 4755 ἡγεμόνες,

376 4757 472 4829 ἐπειδὴ
491 4756 687 4827 παρέπλευσαν
705 4758 775 4829 πρὸς
791 4758 857 4823 τοὺς
872 4759 1042 4829 Τυρρηνούς,
1060 4758 1164 4823 πολλάς
1181 4756 1213 4813 δὲ
1231 4766 1301 4822 ναῦς
1320 4758 1413 4813 αὑτῶν
1432 4754 1630 4829 διαφθείραντες
