3417 5434
623 338 781 389 OLYMPIA
800 338 833 391 V.

304 602 340 680 ὃς
362 605 423 668 τάν
446 605 510 668 σάν
532 607 631 669 πόλιν
653 606 710 669 αύ-

348 709 427 792 ξων,
452 711 644 796 Καμάρινα,
668 715 857 798 λαοτρόφον

245 835 259 880 5
303 820 435 902 βωμοὺς
458 817 491 895 ἓξ
515 818 678 901 διδύμους
701 818 854 905 ἐγέραρεν
879 818 949 904 ἑορ-

347 937 417 1000 ταῖς
439 931 531 990 θεῶν
552 929 737 1011 μεγίσταις,

302 1031 365 1096 ὑπὸ
389 1034 590 1114 βουθυσίαις
613 1030 746 1097 ἀέθλων
769 1056 803 1097 τε
826 1055 904 1116 πεμ-

344 1135 502 1222 παμέροις
525 1137 691 1222 ἁμίλλαις,

1016 1301 1084 1368 Ἐπ.
1109 1304 1152 1368 α’.

299 1389 411 1463 ἵπποις
434 1388 583 1471 ἡμιόνοις
605 1412 640 1452 τε
662 1393 874 1475 μοναμπυκίᾳ
898 1413 940 1453 τε.
1172 1410 1204 1455 15

344 1492 396 1557 riv
420 1490 456 1558 δὲ
479 1495 581 1572 κῦδος
603 1495 709 1580 ἁβρὸν

300 1601 451 1677 νικάσαις
473 1601 629 1685 ἀνέθηκε,
653 1600 707 1666 καλ
731 1601 770 1667 ὃν
793 1602 904 1688 πατέρ’
923 1601 978 1666 ’‘A-

343 1706 441 1792 κρων’
469 1707 602 1792 ἐκάρυξε
626 1707 680 1772 καὶ

343 1815 403 1880 τάν
426 1813 557 1880 νέοικον
580 1814 689 1901 ἕδραν.

1003 1982 1083 2061 Στρ.
1107 1979 1150 2061 β’.

297 2067 380 2130 ἵκων
403 2065 432 2128 δ’
462 2065 630 2148 Οἰνομάου
1149 2084 1205 2149 ,κο

343 2170 398 2236 καί
422 2170 573 2247 Πέλοπος
596 2169 674 2256 παρ’
700 2171 871 2253 εὐηράτων

221 2297 252 2343 10
298 2285 472 2363 σταθμῶν,
497 2275 522 2342 ὦ
547 2278 702 2361 πολιάοχε
726 2277 877 2361 Παλλάς,
900 2277 966 2343 άεί-

341 2387 392 2451 δει
414 2383 475 2471 μὲν
497 2387 598 2462 άλσος
620 2385 724 2468 ἁγνὸν

161 2584 182 2633 4.
210 2583 351 2649 καμάρινα
377 2577 459 2633 Trici.
487 2581 516 2632 et
544 2578 664 2632 fortasse
693 2577 749 2632 iam
777 2578 967 2635 Aristarchus:
996 2577 1157 2648 καμάριναν
1183 2580 1305 2635 ABGD
1331 2613 1364 2620 —

104 2657 121 2701 5.
135 2648 255 2718 ἐμέραρεν
272 2653 305 2706 C:
324 2650 442 2720 γέραρεν
456 2652 526 2718 BD,
543 2650 686 2736 ἐγέρμιρεν
700 2650 727 2702 Α
742 2683 776 2690 -
792 2657 814 2704 6.
835 2648 1027 2720 πεμπαμέροις
1040 2651 1137 2706 Trici:
1157 2652 1365 2721 πεμπταμέροις

103 2721 212 2782 ABCD.
227 2721 419 2792 πενθαμίροις
433 2722 469 2788 Ε,
484 2741 681 2792 πεμπαμερους
696 2719 811 2788 άμιλλας
825 2721 918 2791 Bergk
933 2726 962 2775 et
976 2724 1047 2792 Aug.
1061 2723 1225 2788 Mommsen,
1240 2723 1301 2776 Zeit
1315 2724 1365 2777 der

103 2792 232 2863 Olympien
251 2813 278 2864 p.
296 2811 309 2847 ε
328 2825 361 2833 -
381 2800 477 2847 9-24.
497 2811 550 2847 om.
570 2794 597 2847 B
616 2823 649 2832 —
670 2799 693 2846 9.
714 2791 789 2862 ἥκων
809 2795 836 2848 Α
857 2827 890 2832 -
910 2793 1052 2862 εὐηλάτων
1073 2794 1128 2848 OD
1145 2826 1180 2834 —
1200 2799 1241 2848 10.
1261 2791 1363 2850 ἀείδειε

102 2862 162 2928 λέξει
180 2864 248 2920 coni.
269 2865 378 2920 Hecker
396 2892 429 2904 ——

161 3014 182 3061 ὁ.
201 3009 310 3078 βωμούς
329 3006 358 3072 ἓξ
377 3006 523 3075 διδύμους·
544 3005 643 3061 schot:
665 3007 769 3075 ἱστορεῖ
780 3008 844 3074 περί
864 3016 919 3061 τῶν
938 3007 966 3074 ἓξ
985 3009 1086 3080 βωμῶν
1101 3005 1259 3075 Ἡρόδωρος
1277 3029 1363 3079 γραμ-

103 3077 212 3142 ματικός·
237 3079 329 3132 ἐλθὼν
349 3076 379 3131 δὲ
398 3077 557 3147 (Ἡρακλῆς)
577 3079 616 3140 είς
635 3078 686 3148 τὴν
702 3072 780 3132 Ἦλιν
798 3078 829 3131 τὸ
849 3078 880 3132 ἐν
896 3077 1011 3149 Ὀλυμπί
1050 3079 1126 3147 λερὸν
1145 3079 1277 3147 ἱδρύσατο
1297 3081 1365 3142 Διὸς

101 3147 242 3235 Ὀλυμπίου,
262 3151 310 3204 καί
327 3146 479 3218 Ὀλυμπίαν
498 3159 547 3202 τοῦ
567 3153 639 3203 θεοῦ
658 3149 805 3218 ὁμώνυμον
823 3151 876 3218 τὴν
895 3151 990 3221 χώραν
1009 3100 1104 3204 itero·
1133 3150 1218 3204 ἔθυσε
1238 3150 1268 3205 δὲ
1289 3153 1363 3223 αύτῷ

103 3221 189 3275 αύιοθι
206 3223 254 3275 καί
272 3221 366 3283 ἄλλοις
384 3225 472 3287 θεοῖς,
492 3221 601 3292 βωμοὺς
619 3220 824 3292 (ἱδρυσάμενος)
840 3219 869 3286 ἓξ
881 3226 919 3275 τῶ
931 3223 1056 3294 ἀριθμῷ,
1075 3223 1229 3292 συμβάμων
1247 3231 1302 3277 τῶν
1323 3223 1361 3295 ιβ’

103 3295 176 3360 θεῶν,
194 3294 239 3346 καί
258 3302 369 3358 πρῶτον
394 3290 443 3345 τὸν
466 3301 516 3346 τοῦ
536 3292 603 3354 Διὸς
629 3301 678 3346 τοῦ
695 3289 859 3361 Ὀλυμπίου,
882 3277 1072 3365 ςῖούμβωμον
1096 3290 1208 3361 ἐποίησε
1231 3293 1281 3348 τὸν
1305 3297 1362 3348 Πο-

103 3366 217 3432 σειδῶνα,
242 3365 374 3430 δεύτερον
394 3360 483 3430 Ἥρας
501 3365 549 3417 καλ
566 3362 698 3431 Ἀθηνᾶς,
724 3361 817 3430 τρίτον
832 3362 936 3435 Ἑρμοῦ
963 3365 1011 3417 καλ
1027 3361 1205 3432 Ἀπόλλωνος,
1230 3363 1363 3434 τέταρτον

104 3433 211 3500 Χαρίτων
238 3437 287 3488 καλ
315 3434 468 3502 Διονύσου,
495 3434 622 3505 πέμπτον
647 3433 799 3504 Ἀρτέμιδος
827 3437 876 3490 καλ
899 3435 938 3490 ’λλ
963 3443 1035 3504 ειοθ,
1064 3433 1145 3490 ἕκτον
1172 3434 1284 3504 Κρόνου
1314 3440 1364 3491 καί

102 3503 167 3568 Ῥέας.
200 3506 329 3578 Apollod.
349 3525 370 3559 11
391 3523 440 3560 111:
468 3503 555 3573 ἔθηκε
580 3505 740 3575 (Ἡρακλῆς)
759 3505 790 3560 δὲ
809 3509 858 3561 καλ
877 3507 926 3561 τὸν
947 3507 1130 3577 Ολυμπιακδν
1148 3508 1258 3576 ἀγῶνα,
1277 3507 1362 3563 Πέλο-

106 3575 146 3639 πός
161 3598 186 3632 τε
203 3578 297 3649 βωμὸν
316 3577 449 3645 λδρύσατο
474 3578 522 3631 καί
547 3581 624 3632 θεῶν
649 3579 759 3632 δώδεκα
785 3579 895 3652 βωμοὺς
919 3578 947 3644 ἓξ
972 3576 1108 3650 ἐδείματο.
1137 3579 1171 3633 cf.
1190 3579 1221 3633 E.
1242 3579 1362 3648 Curtius,

108 3647 184 3704 Alttre
205 3667 259 3704 von
283 3648 428 3718 Olympia,
446 3647 549 3702 Abhdl.
566 3649 591 3703 d.
607 3647 680 3703 Berl.
695 3650 746 3703 Ak.
764 3656 830 3704 1881
855 3683 891 3690 -
915 3657 986 3719 tuq.
1011 3650 1119 3718 ἑορταῖς
1142 3654 1231 3704 θεῶν·
1255 3651 1363 3720 duplici

108 3720 172 3774 uodo
189 3721 241 3774 diis
260 3720 380 3775 honores
399 3719 459 3773 fieri
477 3720 630 3790 putabunt,
656 3723 686 3774 et
710 3720 811 3774 hostiis
839 3722 997 3775 mactandis
1024 3726 1053 3775 et
1079 3721 1278 3776 certaminibus
1297 3723 1362 3776 obe-

108 3791 182 3856 undis;
211 3791 421 3847 cf.Prol.1.x1v
449 3823 481 3832 -
511 3797 534 3845 6.
563 3791 753 3862 πεμπαμέροις
781 3791 920 3861 ἁμίλλαις·
951 3792 1050 3848 schot:
1080 3792 1177 3861 ἐπειδὴ
1206 3792 1252 3846 ἐπὶ
1278 3794 1361 3848 πέντε

108 3861 190 3929 ἡμέρας
213 3863 295 3933 ἤγετο
322 3861 394 3917 αὐτὰ
419 3863 454 3916 ric
480 3861 659 3933 ἀγωνίσματα
685 3864 743 3917 ἀπὸ
767 3863 918 3933 ἑνδεκάτης
940 3864 1019 3934 μέχρι
1048 3862 1260 3931 ἑκκαιδεκάτης,
1287 3865 1361 3918 unde

108 3932 286 4004 πεμπαμέροις,
315 3951 372 3989 non
396 3933 615 4004 πεμπταμίροις,
643 3935 719 4004 quod
747 3952 809 3988 cum
833 3936 933 4006 optimi
960 3936 1069 3990 codices
1116 3936 1265 4002 rechem,
1291 3936 1362 3990 Her-

108 4021 203 4059 uannus
233 4023 327 4076 opusc.
348 4025 375 4060 vr
396 4023 419 4060 ιι
438 4005 511 4060 tueri
542 4006 711 4075 conabatur,
740 4010 848 4061 veteres
878 4007 1078 4078 grammaticos
1096 3955 1208 4076 iegiuue
1235 4010 1360 4096 apparet.

108 4073 190 4130 Verum
207 4077 322 4147 negotia
342 4077 485 4132 facessunt
504 4077 652 4146 sequentia
675 4078 763 4132 verba
789 4077 886 4142 ἵπποις
909 4077 1036 4149 ἡμιόνοις
1060 4098 1091 4133 τε
1116 4097 1297 4159 μοναμπυκιμ
1322 4098 1360 4147 τε,

108 4148 216 4213 quonium
243 4165 297 4202 uno
324 4148 382 4217 die,
408 4150 508 4217 quarto
527 4149 572 4203 rel
592 4148 703 4216 quinto,
723 4149 802 4218 equis
821 4151 973 4219 mumque,
1000 4167 1056 4204 non
1082 4149 1211 4204 omnibus
1236 4166 1360 4218 qumque

108 4217 186 4273 diebus
203 4223 341 4276 certatum
359 4237 419 4275 ense
438 4237 573 4290 perquam
593 4219 744 4274 verisimile
764 4223 818 4289 est3
839 4223 888 4276 sed
902 4223 973 4276 haec
986 4221 1168 4292 neglegentia
1181 4223 1282 4290 poetae
1298 4221 1359 4275 imi-

110 4291 177 4344 taturi
199 4291 291 4346 nescio
311 4309 348 4346 an
366 4291 552 4346 condonanda
578 4292 616 4344 sit
639 4324 672 4332 -
697 4297 720 4346 7.
745 4291 841 4356 ἵπποις
860 4291 987 4363 ἡμιόνοις
1005 4312 1034 4346 τε
1054 4289 1234 4366 μοναμπυκίᾳ
1253 4311 1282 4346 τε
1302 4293 1359 4348 dat.

109 4359 219 4440 inituim„
239 4381 294 4445 quo
313 4363 416 4452 quitus
434 4363 517 4417 rebus
537 4363 692 4417 certamina
708 4365 779 4418 fiant
797 4364 955 4434 explicatur
969 4396 1001 4404 -
1017 4363 1197 4433 μονάμπυκες
1216 4365 1282 4445 sunt
1295 4364 1360 4445 equi

110 4433 1359 4581 tttt‘tttttit'tpttfft·„titttisttttttpirtct‘bfftttttttt

110 4591 155 4628 uua
171 4577 230 4630 urbs
250 4577 361 4646 dicitur,
381 4577 429 4645 qui
450 4595 485 4647 pe
503 4594 592 4648 nuper
611 4575 654 4633 Ol.
669 4594 701 4646 ιο,
717 4595 729 4632 ι
743 4579 883 4644 restituta,
902 4581 934 4631 ut
952 4577 982 4631 in
1000 4595 1058 4649 arg.
1074 4578 1107 4633 0.
1121 4597 1150 4631 ιν
1163 4578 1287 4648 exposui.

166 4654 200 4702 10.
219 4647 343 4712 Παλλάς·
363 4597 463 4704 schoi:
482 4646 686 4718 Καμαριναίων
700 4649 769 4713 θεὸς
782 4651 799 4718 ἡ
812 4649 916 4718 Ἀθηνᾶ
930 4651 979 4703 καὶ
993 4651 1041 4703 διὰ
1056 4652 1184 4720 πλείστης
1197 4659 1276 4720 τιμῆς
1289 4649 1359 4718 παρ’

112 4718 184 4782 αὐτοῖς
203 4717 272 4774 ούοα
296 4717 414 4788 ἡθεός.
443 4721 490 4773 καί
510 4719 660 4787 Ἀθήναιον
684 4718 819 4790 ἐπίσημον
843 4721 874 4775 ἐν
895 4725 1057 4792 Καμαρίνη-
1087 4722 1175 4793 τούτιμ
1202 4719 1234 4775 δὲ
1263 4722 1360 4775 εἰώθει

112 4786 207 4858 ἁκσμας
225 4791 346 4861 ἄγεσθαι
367 4791 412 4845 ἐπὶ
426 4800 459 4864 τῇ
479 4793 542 4864 νίκη
562 4793 609 4845 καλ
628 4789 713 4862 ύμνος
732 4790 863 4868 ᾄδεσθαι.
893 4792 1004 4848 Cultum
1019 4792 1103 4847 huius
1118 4794 1187 4847 deae
1202 4810 1220 4847 τι
1234 4792 1361 4847 Minerva
