3417 5434
620 348 751 399 PYTHIA
771 349 802 400 V.

290 512 378 596 ὕνιν
400 511 444 594 ελ
467 512 567 598 ταμία
590 509 702 595 Κυνέ-

331 642 392 694 νας
415 616 531 702 ἀτελής
553 615 683 700 γένοιτο
706 617 956 701 μαντεύ-μοισιν.

288 847 384 913 daal
406 852 545 935 βαρειᾶν
568 851 678 914 νόσων
964 852 1044 932 Στρ.
1069 847 1111 929 γ’.
1157 863 1191 912 85

288 954 441 1040 ἀκέσματ’
467 957 624 1043 ἄνδρεσσι
646 953 701 1021 καλ
724 953 855 1037 γυναιξὶ
878 953 982 1038 νέμει,

238 1079 270 1127 65
288 1065 391 1148 πόρεν
412 1086 448 1127 τε
469 1066 608 1149 κίθαριν
631 1063 752 1127 δίδωσί
770 1085 806 1126 τε

333 1175 470 1235 Μοῖσαν
493 1163 543 1248 οἷς
566 1170 607 1235 ἂν
631 1168 744 1254 ἐθέλῃ,

288 1276 453 1362 ἀπόλεμον
475 1276 610 1360 ἀγαγὼν

289 1383 321 1459 ές
342 1385 510 1467 πραπίδας
532 1384 705 1468 εὐνομίαν,

288 1493 395 1575 μυχόν
417 1489 445 1554 τ’
473 1489 615 1577 ἀμφέπει

288 1601 462 1682 μαντήϊον·
485 1607 531 1686 τῷ
556 1598 778 1682 Λακεδαίμονι

237 1723 270 1770 ‘10
289 1704 326 1771 έν
338 1705 452 1790 Ἀργει
476 1704 587 1771 τεκαὶ
612 1705 712 1794 ζαθέᾳ
735 1708 838 1792 Πύλῳ

288 1817 426 1878 ἔνασσεν
449 1813 613 1890 ἀλκᾶντας
629 1811 811 1899 Ἡρακλέος
1158 1831 1192 1878 νο

288 1919 446 2002 ἐκγόνους
469 1921 628 2004 Αἰγιμιοῦ
651 1945 694 1984 τε.
740 1922 777 1984 τὸ
802 1918 833 1984 d'
860 1919 952 2004 ἐμόν,
976 1921 1114 2005 γαρύειν

289 2026 354 2091 ἀπὸ
378 2026 537 2111 Σπάρτας
560 2026 724 2113 ἐπήρατον
746 2025 853 2103 κλέος·

147 2243 189 2293 69.
207 2237 345 2308 μαντήιον
363 2242 400 2310 τῷ
419 2239 467 2292 παλ
485 2243 555 2292 Λακ.
575 2240 603 2292 Β
613 2239 693 2306 DE,
712 2240 760 2292 παλ
777 2239 845 2293 eiec.
861 2240 946 2292 Pauw
966 2239 1050 2294 schol.
1071 2243 1192 2307 secutus,
1212 2249 1352 2311 μαντεῖον,

79 2315 114 2379 τῷ
132 2311 180 2363 καλ
199 2310 270 2365 coni.
285 2310 428 2364 Hermann
442 2342 476 2348 -
492 2315 533 2364 71.
554 2309 671 2364 ἔννασεν
685 2310 715 2364 D
728 2344 763 2350 -
778 2317 820 2364 72,
839 2312 956 2380 γαρύειν
975 2311 1045 2365 coni.
1061 2311 1218 2367 Hermann:
1238 2312 1350 2382 μαρύετ’

83 2381 144 2434 BD
166 2381 225 2450 (sed
244 2382 274 2436 D
292 2381 323 2434 in
340 2381 397 2450 lit,
415 2381 491 2435 unde
509 2381 642 2450 γαρύεντ’
664 2381 819 2450 antiquitus
839 2383 975 2452 scriptum
993 2383 1080 2436 fuisse
1100 2382 1260 2454 suspiceris)
1279 2385 1309 2438 Ε
1325 2387 1354 2438 st

82 2453 175 2520 schol,
193 2451 324 2577 yapdm’
340 2453 369 2507 Ρ
383 2455 406 2522 Q
422 2453 462 2522 R,
483 2453 557 2506 unde
576 2454 692 2523 γαρύειν
710 2455 784 2508 τάπὸ
802 2453 871 2508 olim
890 2454 1062 2509 conieceram
1087 2488 1120 2494 —
1146 2459 1194 2512 73.¹
1212 2459 1353 2525 ὣιαρτῶν

83 2525 148 2578 coni.
167 2525 225 2579 Hec
245 2541 275 2579 er
294 2557 328 2564 —

147 2673 188 2722 62.
212 2667 416 2737 μαντεύμασιν,
436 2683 508 2736 quae
525 2667 611 2722 Batto
630 2666 732 2737 Apollo
751 2668 869 2738 Delphis
888 2668 1016 2738 dederat,
1036 2669 1159 2724 breviter
1177 2685 1236 2722 rem
1255 2669 1352 2723 adum-

83 2738 157 2792 brare
180 2741 282 2809 poetae
308 2738 402 2804 licuit,
428 2738 503 2807 quod
533 2755 596 2793 eam
624 2739 683 2792 iam
709 2743 795 2794 antea
823 2739 853 2794 P.
877 2761 906 2794 w
929 2757 941 2794 u
963 2759 998 2794 ss.
1021 2742 1103 2810 plene
1128 2743 1292 2796 narraverat
1320 2772 1351 2780 —

84 2814 114 2862 63
127 2829 160 2866 ss.
178 2809 281 2880 Apollo
295 2828 353 2864 non
366 2809 458 2864 solum
471 2809 531 2879 ipse
546 2810 706 2865 hominibus
720 2812 834 2880 mederi,
849 2812 900 2865 sed
915 2813 1001 2866 etiam
1015 2813 1188 2867 medicorum
1198 2812 1351 2880 Cyrenaeo-

83 2898 138 2934 rum
160 2885 250 2936 artem
287 2899 430 2936 removere
449 2881 566 2948 dicitnr;
585 2901 610 2937 v.
630 2883 732 2954 Herod.
751 2903 782 2935 m
801 2900 838 2937 131
858 2893 963 2953 πρῶτοι
982 2882 1033 2954 μὲν
1056 2889 1248 2952 Κροτωνιῆται
1263 2884 1351 2952 ἰητρολ

85 2950 201 3022 ἐλέγοντο
220 2955 278 3008 ἀνα
295 2953 348 3023 τὴν
363 2951 484 3007 Ἑλλάδα
504 2949 590 3022 ελναι,
608 2954 735 3022 δεύτεροι
753 2953 785 3008 δὲ
804 2960 961 3024 Κυρηναῖοι
979 2987 1013 2995 -
1033 2961 1075 3010 6ῠ.
1095 2956 1128 3010 de
1149 2955 1352 3023 Cyrenaeorum

85 3024 177 3078 studiis
194 3025 311 3079 musicis
330 3025 403 3080 conf.
417 3043 461 3080 vr.
477 3042 524 3080 ros.
539 3043 587 3081 ιιι,
605 3026 636 3080 P.
650 3045 678 3078 ιν
693 3042 732 3080 saa
747 3058 780 3065 -
795 3032 837 3080 66.
857 3028 891 3081 cf.
907 3027 972 3081 Hor.
988 3027 1017 3083 C.
1032 3047 1062 3080 111
1076 3044 1098 3094 s,
1113 3045 1137 3080 ιι
1153 3045 1199 3082 νοτ
1218 3029 1275 3082 leuc
1289 3044 1352 3081 coa-

86 3097 170 3150 stram
187 3104 214 3151 et
231 3099 307 3152 datia
324 3103 350 3152 et
367 3098 432 3151 doto
450 3099 589 3167 gaudetis,
608 3099 710 3152 Anton.
729 3097 878 3152 Liberali
897 3107 1004 3152 παῦσαι
1023 3097 1199 3168 (Ἀπόλλωνα)
1218 3098 1353 3168 ἐμφύλιον

86 3165 195 3236 πόλεμον
214 3169 264 3221 ml
283 3167 379 3237 ἔριδας
397 3169 445 3222 καὶ
463 3165 569 3235 στάσιν,
584 3167 733 3238 ἐμποιῆσαι
747 3170 811 3224 ἀντὶ
825 3170 931 3223 τούτων
946 3169 976 3223 d’
994 3167 1128 3240 εὐνομίαν
1142 3171 1190 3224 ael
1204 3167 1291 3239 θέμιν
1305 3171 1352 3223 ant

86 3236 158 3308 δίκην
172 3271 207 3279 -
221 3245 256 3292 69
271 3257 307 3293 ss.
328 3238 443 3293 oracula
455 3239 604 3308 Apollinis,
619 3239 722 3308 quihus
735 3240 904 3296 Heraclidae
918 3243 948 3295 et
961 3241 1114 3312 Aegimius,
1129 3258 1177 3295 rex
1194 3241 1306 3306 Dorum,
1321 3243 1354 3294 ut

87 3308 110 3360 ir
122 3310 313 3381 Peloponneso
322 3327 411 3365 novas
421 3310 502 3364 sedes
511 3314 685 3380 quaererent,
695 3312 833 3381 compulsi
843 3316 916 3382 sunt,
926 3317 1011 3383 poeta
1020 3313 1175 3382 praedicat,
1186 3314 1218 3365 ut
1227 3312 1263 3366 ad
1272 3312 1352 3366 Dori-

87 3397 139 3434 cam
156 3381 294 3468 originem
312 3382 517 3450 Cyrenaeorum
535 3382 611 3436 viam
630 3382 684 3436 sibi
703 3387 786 3452 paret
803 3416 839 3424 —
859 3391 892 3437 70
919 3385 1017 3457 Πύλῳ·
1037 3383 1138 3440 schol:
1159 3385 1215 3438 ἀπὸ
1235 3380 1286 3438 οὖν
1304 3393 1354 3452 τῆς

89 3453 171 3508 Πύλου
184 3473 237 3546 την
256 3454 409 3523 Μεσσήνην
427 3452 569 3523 σημαίνει·
589 3454 616 3508 ολ
636 3454 836 3524 γάρ“νεότεροι
851 3456 880 3524 (i.
896 3459 1034 3526 epactae
1048 3460 1113 3526 post
1127 3455 1288 3524 Homerum)
1302 3457 1353 3523 τὴν

89 3525 179 3592 Πύλον,
198 3547 232 3592 ης
245 3525 261 3579 d
276 3526 391 3594 Νέστωρ
410 3527 512 3595 ἡγεῖτο,
532 3528 566 3580 ού
583 3527 649 3594 περὶ
666 3527 718 3594 τὴν
734 3525 892 3596 Τριφνλλαν
906 3536 954 3597 τῆς
968 3525 1120 3597 Ἀρκαδίας,
1141 3527 1210 3581 ἀλλὰ
1224 3528 1288 3594 περὶ
1302 3527 1354 3595 τὴν

89 3597 230 3666 Μεσσήνην
254 3596 391 3653 διδόασιν.
428 3598 464 3652 cf.
484 3598 514 3651 P.
533 3616 562 3650 vr
579 3615 606 3652 ss
625 3629 658 3638 —-
679 3604 719 3652 72.
742 3602 775 3652 τὸ
794 3597 822 3652 δ’
844 3599 924 3669 ἐμόν·
949 3617 982 3654 ex
1006 3599 1148 3654 constanti
1167 3616 1218 3652 usu
1238 3597 1353 3652 Pindari

89 3667 118 3718 al
132 3673 246 3738 poetam
264 3669 365 3738 ipsum,
379 3685 436 3723 non
449 3669 486 3723 ad
501 3669 617 3723 chorum
630 3668 807 3724 referendum
821 3674 877 3738 est3
897 3672 930 3725 cl.
942 3671 1040 3738 Rehm,
1056 3688 1153 3726 comm.
1164 3670 1232 3740 phil.
1243 3672 1353 3724 Monac.

91 3755 120 3792 ιιι
132 3757 179 3804 ss.;
205 3757 288 3793 suum
310 3739 399 3811 igitur
421 3757 481 3796 esse
504 3744 589 3810 poeta
607 3741 689 3810 dicit,
716 3744 748 3795 ut
767 3742 885 3811 Spartae
904 3742 1080 3812 praeclaram
1099 3742 1203 3796 sarnam
1223 3740 1353 3808 illustret,

90 3811 150 3865 unde
168 3811 290 3866 maiores
309 3812 353 3865 sui
371 3811 498 3881 Aegidae
517 3812 637 3866 Theram
656 3812 791 3867 venerint.
828 3814 953 3885 Aegidas
973 3817 1068 3868 autem
1088 3813 1142 3866 sibi
1160 3817 1256 3883 patres
1275 3812 1352 3876 dicit,

90 3883 151 3948 quod
168 3882 213 3936 illi
232 3882 336 3937 Thebis
354 3882 593 3938 Lacedaemonem
611 3884 721 3938 venisse
739 3889 769 3938 et
788 3884 942 3954 Spartanos
965 3886 995 3938 in
1013 3884 1139 3953 Amyclis
1158 3883 1352 3953 expugnandis

91 3953 218 4009 adiuvisse
236 3953 413 4023 ferebantnr3
432 3955 467 4008 cl.
487 3955 507 4008 l.
526 3974 565 4008 vn
584 3971 617 4022 rs,
636 3955 752 4010 Aristot.
772 3955 802 4008 in
821 3955 907 4011 schol.
927 3957 964 4010 ad
983 3957 1009 4010 l1.
1029 3956 1048 4011 l.
1082 3957 1202 4009 Therma
1221 3971 1286 4008 vero
1305 3971 1352 4009 eos

91 4025 186 4080 senisse
204 4028 310 4094 narrat,
329 4025 405 4094 qnod
423 4026 497 4080 inter
514 4026 648 4095 Lacones,
667 4043 737 4095 quos
757 4045 790 4081 ex
809 4028 1020 4083 Lacedaemone
1035 4028 1155 4081 Theram
1173 4026 1310 4095 migrasse
1325 4027 1354 4080 et

92 4113 142 4150 rum
153 4097 256 4166 Minyis
274 4097 398 4152 Lemniis
416 4099 581 4152 commixtos
600 4115 661 4152 esse
680 4101 792 4152 constet
810 4100 1006 4168 (r.Her0d.1v
1023 4103 1078 4168 ιιι),
1099 4097 1222 4168 Aegidas
1241 4113 1352 4166 quoque

91 4167 163 4223 luisse
176 4168 300 4240 collegit,
310 4169 540 4238 qnandoquidem
554 4171 661 4225 Carnes
672 4171 798 4240 Spartae,
807 4171 924 4240 Therae,
940 4171 1054 4240 Cyrenis
1070 4170 1227 4240 agebantur
1241 4169 1353 4222 eadem-

92 4255 133 4305 que
146 4257 224 4295 sacra
238 4240 394 4295 domestica
408 4244 438 4295 et
450 4241 623 4295 hereditaria
635 4241 729 4312 gentis
739 4241 892 4297 Thebanae
902 4242 1073 4314 Aegidarum
1088 4256 1148 4294 esse
1159 4240 1351 4295 credebantur.

93 4313 169 4380 Atque
189 4311 262 4366 illud
285 4311 400 4380 quidem
424 4312 560 4366 historica
577 4313 633 4366 fide
651 4314 845 4368 confirmatum
865 4317 921 4382 est,
940 4315 1013 4366 unde
1033 4312 1222 4366 Callimachus
1241 4329 1352 4380 qnoque

94 4381 155 4435 latur
169 4384 262 4452 hymn
281 4402 303 4435 11
322 4400 348 4436 ra
362 4400 403 4437 ss:
429 4383 546 4452 Σπάρτη
565 4405 622 4447 τοι,
641 4389 775 4453 Καρνειε,
794 4384 859 4440 τόδε
878 4387 1032 4455 πρώτιστον
1052 4384 1183 4450 έὸεθλον,
1200 4386 1204 4452 l
1221 4385 1352 4451 δεύτερον

94 4451 121 4506 ct
134 4456 216 4524 Θήρη,
233 4455 366 4521 τρίτατόν
383 4474 414 4524 γε
433 4453 484 4525 μὲν
503 4455 573 4509 ἄστυ
586 4455 725 4524 Κυρήνης.
743 4459 747 4525 Ι
764 4457 795 4510 ἐν
813 4457 865 4527 μέν
884 4475 914 4510 σε
929 4455 1061 4525 Σπάρτης
1080 4453 1160 4510 turos>
1179 4453 1260 4523 γένος
1276 4457 1352 4509 Olar-

95 4524 170 4578 xridao
185 4529 189 4595 Ι
204 4525 293 4595 ἤγαγε
358 4528 442 4594 ροιέην
461 4527 489 4589 ές
507 4525 666 4582 ἀπόκτισιν·
687 4528 717 4581 έν
737 4527 769 4582 δέ
787 4546 818 4582 σε
839 4528 932 4596 Θήρης
948 4530 952 4598 l
969 4525 1050 4590 ούλος
1067 4526 1248 4596 Ἀριστοτέλης
1264 4525 1352 4599 ’ricda-

94 4596 151 4650 αι’όι
162 4597 290 4664 πάρθετο
303 4616 340 4666 γα
352 4618 377 4668 η.
406 4597 534 4652 Alterum
548 4599 686 4652 Pindarus
700 4599 815 4668 quidem
829 4599 951 4654 credidit
964 4599 1010 4653 vel
1024 4599 1135 4654 credere
1150 4615 1179 4651 ee
1199 4597 1352 4666 simulavit,

95 4685 194 4740 magnae
210 4673 308 4723 antem
324 4668 497 4723 dubitationi
513 4670 665 4725 obnoxium
681 4687 742 4724 esse
759 4674 835 4740 puto.
869 4670 949 4724 Certe
966 4688 1048 4726 nemo
1066 4670 1233 4740 scriptorum
1249 4670 1353 4723 Thebis

95 4738 207 4795 historico
225 4745 353 4810 tempore
367 4738 475 4794 Carnea
493 4744 558 4795 acta
577 4759 637 4796 esse
656 4745 778 4796 testatus
797 4748 841 4797 est
860 4760 950 4812 neque
970 4743 1176 4811 quisquamne
1194 4741 1352 4796 Luebberto

96 4811 189 4880 quidem
203 4815 330 4882 excepto,
345 4811 454 4865 idoneis
475 4817 647 4883 argumentis
667 4815 719 4868 hoc
738 4815 929 4884 conprobavit.
964 4817 1140 4882 Quamquam
1159 4813 1233 4866 enim
1252 4829 1352 4868 nomen

137 4913 251 4953 Praesens
266 4912 301 4953 ed,
317 4910 421 4952 chrisa
1106 4909 1139 4957 1⁸2
