3417 5434
431 303 467 354 H.
493 303 544 351 DE
562 301 656 352 ARTE
674 300 835 352 METRIGA
852 301 1010 353 PINDARI.
1289 295 1367 349 XVII

78 488 219 550 rumque
243 465 424 530 editionum
447 464 483 528 in
505 464 618 528 dextro
642 461 789 548 margine
811 461 980 526 numeravi
1004 465 1037 525 et
1060 460 1096 525 in
1119 460 1366 547 diagrammatis

78 573 226 638 metricis
259 571 381 637 lineola
414 569 559 636 verticuli
591 569 677 634 inter
705 573 801 634 notas
830 569 1019 653 prosodicas
1047 567 1169 654 posita„
1200 592 1264 652 quo
1294 570 1367 634 loco

79 687 208 745 veteres
229 677 438 766 grammatici
452 699 581 742 versum
599 699 756 760 quemque
770 675 967 760 finivissent,
986 675 1235 760 significandum
1249 677 1368 741 curavi.

80 787 265 852 Maximum
284 791 393 850 autem
413 783 586 850 discrimen
604 783 723 848 veteris
742 787 775 848 et
793 805 896 847 norae
915 783 1125 848 colometriae
1142 782 1177 846 id
1195 787 1259 865 est,
1282 785 1369 867 quod

82 901 209 959 veteres
235 893 440 980 grammatici
464 890 633 977 stropham
654 889 744 955 illico
767 889 803 954 in
827 889 898 955 cola
922 889 1121 972 dividebant,
1143 911 1203 954 nos
1227 891 1369 975 primum

82 1001 256 1088 stropham
270 1001 304 1064 in
318 1023 431 1066 versus
446 1000 513 1064 sive
528 997 689 1084 periodos,
703 997 816 1062 deinde
830 997 982 1080 periodos
995 997 1030 1061 in
1044 997 1117 1062 cola
1125 997 1286 1083 pedesque
1296 998 1371 1061 diri·

82 1111 220 1174 mendas
239 1131 310 1173 esse
329 1107 563 1172 existimamus
596 1103 667 1181 Qua
685 1105 723 1169 de
743 1127 841 1170 causa
858 1104 893 1168 in
911 1103 963 1169 his
982 1126 1108 1188 quoque
1128 1105 1370 1170 commentariis

83 1217 229 1301 primum
248 1216 287 1280 de
303 1215 451 1280 versibus
456 1266 465 1299 ,
483 1213 596 1278 deinde
613 1213 652 1276 de
666 1211 802 1298 pedibus
817 1216 851 1276 et
864 1211 944 1276 colis
959 1211 1115 1276 disserere
1127 1213 1223 1277 nobis
1237 1213 1371 1297 placuit.

618 1401 663 1466 Do
685 1399 843 1466 versibus.

174 1537 232 1602 De
256 1559 389 1602 versus
412 1534 499 1599 fine.
537 1533 676 1599 Versum
700 1534 772 1600 dico
796 1534 940 1599 ordinem
963 1535 1185 1619 rhythmicum
1208 1535 1370 1602 continuis

87 1645 233 1710 numeris
262 1645 485 1728 decurrentem
509 1646 542 1706 et
563 1663 666 1726 pausa
689 1643 826 1707 finitum.
872 1642 924 1705 Ex
945 1640 1007 1706 hac
1029 1647 1149 1707 natura
1170 1665 1283 1708 versus
1306 1644 1370 1708 duo

87 1751 292 1817 consectaria
320 1754 410 1835 sunt,
437 1749 592 1835 primum,
619 1754 656 1813 ut
683 1771 795 1814 versus
823 1749 858 1813 in
881 1749 987 1813 media
1013 1772 1092 1814 voce
1119 1751 1206 1815 finiri
1231 1754 1372 1834 nequeat

86 1879 192 1942 neque
223 1857 393 1924 elisionem
420 1855 541 1920 vocalis
570 1855 605 1919 in
633 1877 691 1920 suo
721 1857 783 1920 fine
811 1855 970 1941 patiatur,
1001 1857 1154 1941 alterum,
1180 1864 1219 1922 ut
1245 1859 1281 1922 in
1308 1859 1372 1922 fine

86 1989 210 2040 versus,
233 1964 385 2029 licentiae
417 1963 528 2027 hiatus
558 1967 592 2026 et
624 1962 768 2046 syllabae
798 1962 964 2046 ancipitis,
997 1964 1116 2048 quippe
1148 1987 1250 2050 pausa
1281 1965 1372 2030 finali

86 2073 164 2137 satis
191 2076 381 2155 excusatae,
408 2070 538 2134 admitti
560 2069 697 2153 possint.
743 2068 833 2133 Haec
856 2069 919 2133 duo
942 2069 1063 2134 indicia
1086 2071 1144 2135 ubi
1167 2077 1373 2155 concurrunt,

85 2181 158 2244 finis
183 2201 299 2244 versus
321 2200 387 2242 non
411 2177 513 2242 statui
536 2197 602 2241 non
624 2180 747 2261 potest,
769 2177 803 2241 id
827 2176 914 2260 quod
938 2199 1012 2241 cum
1034 2177 1143 2261 ipsum
1161 2201 1220 2263 per
1239 2202 1273 2243 se
1292 2180 1372 2243 satis

87 2291 259 2372 appareat,
286 2291 359 2350 tum
386 2283 493 2370 longis
522 2283 735 2369 carminibus,
762 2283 857 2369 quale
883 2289 934 2348 est
957 2284 991 2348 P.
1010 2303 1048 2348 Ν
1070 2285 1188 2371 viginti
1212 2309 1268 2350 sex
1292 2291 1374 2350 stro-

87 2395 242 2478 pharum,
270 2395 363 2457 extra
388 2413 517 2455 omnem
541 2390 780 2455 dubitationem
802 2391 948 2476 positum
971 2396 1030 2457 est.
1076 2391 1155 2467 Quis
1179 2393 1266 2457 enim
1289 2393 1374 2458 forte

88 2500 221 2565 fortuna
258 2499 382 2564 factum
416 2521 486 2564 esse
520 2498 720 2584 opinabitur,
751 2504 789 2563 ut
814 2499 850 2563 in
877 2503 972 2564 tanto
1001 2521 1136 2564 numero
1165 2501 1374 2585 stropharum

89 2629 219 2692 semper
247 2606 360 2671 eodem
390 2605 461 2670 loco
484 2606 620 2670 verbum
647 2605 781 2670 finiatur
809 2611 841 2670 et
864 2606 1015 2671 hoentiae
1038 2607 1149 2671 hiatus
1172 2610 1206 2670 et
1229 2606 1374 2690 syllabae

89 2715 243 2799 ancipitis
268 2713 347 2778 solis
368 2713 421 2777 his
444 2712 525 2777 locis
550 2712 709 2778 admissae
732 2713 964 2777 inveniantur?
998 2713 1122 2778 Verum
1141 2735 1237 2799 saepe
1257 2713 1375 2779 accidit

88 2821 282 2906 praesertim
304 2820 340 2883 in
362 2819 516 2884 brevibus
540 2819 753 2905 carminibus,
777 2825 815 2884 ut
837 2819 988 2886 licentiae
1011 2821 1095 2885 istae
1122 2821 1232 2885 hiatus
1256 2825 1289 2886 et
1314 2820 1375 2905 syl-

89 2930 182 2994 labae
208 2927 374 3012 ancipitis,
398 2949 437 2991 ex
460 2925 577 3010 quibus
603 2926 681 2990 solis
704 2926 858 2991 fidentius
882 2927 1104 3012 argumentari
1127 2926 1218 3012 licet,
1242 2928 1375 2992 omnino

91 3059 154 3100 non
189 3035 350 3100 admissae
384 3033 464 3118 sint,
495 3033 579 3098 unde
609 3033 739 3098 infirmo
770 3034 892 3099 indicio
924 3033 1075 3099 vocabuli
1107 3033 1192 3097 finiti
1225 3033 1295 3098 solo
1323 3033 1377 3098 via

93 3143 373 3208 discribendorum
400 3163 552 3205 versuum
579 3140 747 3204 indicetur.
794 3139 964 3205 Infirmum
990 3146 1100 3205 autem
1124 3140 1187 3205 hoc
1219 3139 1376 3205 indicium

92 3251 171 3334 dixi,
196 3249 284 3334 quod
307 3249 382 3312 inde
405 3248 445 3312 ab
465 3246 609 3312 Homero
627 3252 744 3332 poetae
763 3269 830 3312 non
848 3247 955 3312 solum
973 3249 1007 3313 in
1025 3250 1089 3313 fine
1109 3270 1221 3313 versus
1241 3270 1378 3333 semper,

92 3357 145 3420 sed
185 3355 287 3420 etiam
322 3356 358 3420 in
395 3377 528 3419 caesura
559 3377 670 3419 versus
703 3354 893 3439 plerumque
926 3356 1061 3420 verbum
1093 3355 1186 3420 finire
1219 3355 1377 3420 solebant.

92 3463 200 3547 Atque
234 3463 335 3527 etiam
366 3463 400 3526 in
432 3461 637 3547 longioribus
668 3462 738 3526 odis
765 3483 877 3526 versus
907 3467 1081 3527 occurrunt
1108 3483 1175 3526 non
1201 3463 1312 3547 pauci,
1343 3462 1378 3526 in

94 3571 212 3653 quibus
236 3569 352 3634 mediis
377 3591 450 3634 oum
473 3590 635 3652 nusquam
656 3569 767 3633 hiatus
792 3574 849 3633 aut
868 3567 994 3653 syllaba
1013 3592 1131 3654 anceps
1151 3569 1293 3634 admissa
1312 3570 1379 3634 sint

93 3683 125 3742 et
147 3678 257 3743 solum
281 3677 378 3742 certis
403 3676 597 3760 quibusdam
619 3676 700 3742 locis
723 3676 859 3740 verbum
883 3698 1010 3762 semper
1032 3677 1163 3741 finitum
1185 3676 1379 3762 inveniatur,

94 3785 153 3852 hoo
181 3808 249 3850 non
277 3807 389 3850 versus
416 3784 505 3867 finis,
533 3783 589 3848 sed
617 3805 768 3848 caesurae
797 3783 883 3848 sedis
908 3783 1065 3849 indicium
1088 3807 1159 3849 esse
1182 3785 1379 3870 putavimus,

95 3891 234 3957 ut0.111
250 3897 308 3958 atr.
323 3894 352 3958 3.
366 3893 397 3956 4.
416 3913 464 3976 ep.
479 3891 509 3956 3.
523 3892 552 3956 4.
581 3889 673 3965 Quod
692 3913 749 3955 cur
768 3891 977 3956 statuendum
995 3892 1194 3974 duxerimus,
1215 3892 1283 3957 suis
1297 3891 1378 3957 locis

96 4001 291 4084 aperiemus3
313 3999 367 4064 hic
386 3998 492 4064 solum
510 3997 649 4062 lectores
669 3996 811 4062 monitos
831 3997 942 4082 velim,
960 3999 996 4062 in
1015 3999 1261 4085 diagrammatis
1280 3998 1380 4084 locos,

96 4109 211 4190 quibus
230 4107 268 4171 in
283 4106 433 4171 omnibus
447 4105 595 4170 versibus
611 4104 754 4169 eiusdem
769 4104 923 4188 strophae
937 4107 1073 4172 verbum
1086 4106 1232 4191 finiatur,
1251 4106 1380 4192 virgula

96 4237 115 4278 a
131 4215 228 4281 nobis
241 4215 405 4280 indicatos
419 4235 498 4278 esse.
531 4211 637 4287 Quid?
657 4212 743 4295 quod
758 4212 857 4276 etiam
871 4211 1002 4298 longius
1016 4213 1182 4299 progressi
1195 4235 1237 4278 ne
1250 4213 1380 4278 indiciis

97 4324 224 4406 quidem
249 4319 432 4388 coniunctis
458 4319 545 4385 verbi
569 4318 654 4383 finiti
675 4323 707 4384 et
725 4317 834 4384 hiatus
853 4319 906 4384 vel
924 4320 1075 4405 ancipitis
1094 4319 1239 4404 syllabae
1258 4319 1379 4404 ubique

99 4429 387 4515 obtemperandum
407 4449 477 4492 esse
498 4425 658 4491 duximus.
688 4423 838 4509 Namque
858 4448 931 4489 oum
945 4448 1189 4510 nonnumquam
1203 4426 1381 4491 Pindarum

98 4536 254 4620 syllabam
277 4536 410 4600 brevem
434 4533 564 4598 finalem
586 4533 622 4596 in
646 4532 711 4597 arsi
734 4531 767 4597 vi
785 4554 937 4597 caesurae
955 4532 1147 4617 produxisse
1167 4533 1210 4619 (v.
1225 4531 1261 4597 0.
1276 4551 1313 4596 vl
1328 4534 1381 4600 28.

98 4641 187 4707 P.111
206 4645 236 4708 fi.
264 4661 301 4706 1v
322 4644 395 4708 184.
429 4642 536 4708 21138.
573 4639 708 4724 I.125,
738 4639 879 4704 fortasse
911 4640 1011 4704 etiam
1043 4639 1228 4705 0.v1103.
1257 4657 1308 4703 vn
1327 4641 1378 4706 86.

99 4748 131 4814 P.
148 4769 185 4813 rx
205 4752 280 4815 114.
312 4747 354 4813 Ν.
376 4749 459 4813 169.
481 4765 519 4812 Ἦ
539 4750 590 4814 22.
610 4744 668 4833 56)
697 4748 898 4830 eundemque
924 4746 1051 4812 hiatum
1078 4747 1113 4810 in
1136 4769 1271 4811 caesura
1292 4769 1383 4832 prae·

152 4865 275 4907 munaus
289 4865 325 4905 ed
340 4863 446 4904 Christ.
1150 4851 1168 4906 b
