3417 5434
431 295 466 348 11.
494 295 544 345 Da
563 294 837 346 serenarum
858 294 1015 347 ΡΙΝΒΑΒΙ.
1263 291 1366 347 XLVII

83 455 200 521 sancita
219 459 254 519 et
269 455 418 520 stabilita
431 455 507 540 fuir,
526 460 564 519 ut
578 460 693 540 poetae
707 456 742 522 in
756 456 929 522 concitatis
944 455 1091 521 versibus
1106 477 1178 520 eam
1192 456 1367 543 neglegere

83 562 166 627 nefas
185 566 354 646 putarent.
386 562 545 628 Pindarus
565 567 651 628 certe
670 585 737 628 non
755 564 862 628 solum
879 563 915 628 in
933 563 1164 648 paeonicorum
1184 564 1366 630 carminum

85 669 221 755 strophis
250 692 314 754 pro
341 670 460 735 cretico
486 691 569 755 puro
593 668 624 757 (
643 713 661 738 o
680 668 711 759 -)
735 670 855 736 cretico
880 671 989 735 soluto
1012 669 1064 734 vel
1086 692 1210 754 paeone
1229 667 1259 758 (
1279 712 1297 739 o
1315 668 1366 758 w)

85 799 155 842 usus
182 781 249 861 est,
279 777 337 841 sed
359 800 400 842 ne
423 777 456 842 in
480 777 553 842 aliis
577 777 706 862 quidem
731 777 928 842 carminibus
952 776 1085 842 licentia
1107 776 1240 863 longam
1264 778 1365 842 trium

87 906 242 948 morarum
268 884 304 948 in
328 885 408 950 duas
427 885 540 950 breves
560 885 706 949 solvendi
724 907 858 970 prorsus
877 884 1045 950 abstinuit.
1083 881 1216 949 Certum
1235 884 1366 969 quidem

88 991 260 1077 exemplum
287 996 396 1057 exstat
417 992 453 1056 in
476 992 617 1058 carmine
640 992 830 1079 logaoedico
854 991 879 1057 Ι.
899 1009 962 1055 vm
981 992 1011 1076 5,
1033 991 1091 1056 ubi
1113 1013 1173 1076 pro

547 1112 564 1120 “
582 1122 618 1150 ,υ
635 1123 654 1148 υ
672 1141 687 1149 -
706 1123 726 1149 υ
742 1108 777 1149 l..
814 1123 833 1148 υ
850 1123 869 1149 υ
887 1141 904 1150 ..
922 1111 941 1149 ῦ

89 1207 282 1291 instrophis
307 1207 408 1272 tertia
430 1211 546 1292 quarta
569 1205 683 1290 quinta
706 1206 847 1271 admissa
870 1211 921 1271 est
943 1206 1024 1271 haec
1046 1206 1154 1270 forma

510 1356 528 1364 ..
582 1337 940 1364 -Ut)-UW-UU-t)

92 1423 204 1486 Eadem
231 1443 312 1486 vero
340 1420 473 1486 lieentia
499 1442 656 1505 paeonem
680 1425 833 1505 quartum
856 1442 917 1504 pro
940 1419 1071 1504 dipodia
1094 1420 1260 1486 trochaica
1282 1427 1367 1486 cata-

91 1527 196 1593 lectica
222 1529 369 1614 ponendi
397 1528 552 1613 occurrit,
580 1528 607 1593 si
636 1549 723 1593 meas
751 1528 895 1594 rationes
924 1526 1079 1592 metiendi
1106 1529 1242 1614 probes,
1268 1527 1368 1593 etiam

92 1635 210 1701 P.v13
239 1640 274 1700 et
298 1637 391 1722 xib,
422 1636 561 1701 fortasse
592 1635 691 1700 etiam
719 1633 816 1700 0.1v
843 1638 871 1700 7.
899 1653 994 1731 xep.
1019 1637 1047 1700 9.
1077 1653 1138 1699 xrv
1157 1636 1187 1700 5.
1223 1634 1369 1700 Nnc.

92 1761 133 1806 vu
154 1765 200 1828 ep.
220 1745 250 1810 3.
274 1747 306 1808 4.
353 1741 471 1807 Miram
498 1748 608 1807 autem
635 1743 719 1809 hene
746 1743 913 1809 licentiam
940 1741 1088 1828 Pindari,
1120 1767 1140 1807 a
1167 1766 1231 1828 qua
1257 1748 1368 1808 tamen

92 1871 125 1912 ne
146 1851 261 1916 scenici
288 1851 419 1936 quidem
441 1854 558 1934 poetae
581 1872 714 1935 prorsus
739 1850 992 1935 abhorruerunt,
1014 1872 1082 1915 non
1107 1848 1203 1915 aliter
1221 1850 1369 1916 excusari

93 1981 176 2040 posse
208 1957 402 2023 crediderim
433 1957 497 2022 nisi
530 1957 616 2043 quod
649 1957 706 2022 illo
740 1961 887 2043 tempore
919 1957 1064 2022 rationes
1098 1957 1302 2042 rhythmicae
1335 1962 1369 2022 et

93 2087 249 2130 mensurae
283 2064 457 2152 longarum
489 2065 597 2150 longis
625 2065 811 2150 longiorum
840 2064 976 2129 summis
1005 2069 1134 2131 tantum
1161 2065 1368 2130 lineamentis

95 2173 292 2238 adumbratae
326 2193 430 2258 neque
461 2171 528 2236 iam
559 2171 599 2236 ad
627 2176 732 2237 certas
759 2171 918 2236 formulas
946 2172 1096 2236 redactae
1126 2176 1229 2237 erant.
1276 2171 1369 2247 Quod

94 2301 157 2343 eum
176 2280 240 2364 ipsi
265 2279 472 2346 concedimus
496 2282 530 2343 et
552 2277 701 2362 inprimis
725 2279 759 2342 in
778 2279 951 2344 concitatis
969 2278 1113 2344 numeris
1132 2279 1265 2364 longam
1284 2284 1370 2344 cata·

95 2385 188 2452 lectioi
217 2388 311 2472 pedis
340 2387 502 2470 ultimam,
536 2385 564 2449 si
591 2387 682 2450 brevi
709 2386 883 2451 intervallo
912 2385 1066 2451 catalexis
1099 2385 1233 2471 rediret,
1265 2390 1302 2450 ut
1332 2386 1367 2450 in

96 2493 227 2560 versibus
261 2494 392 2560 creticis
425 2498 459 2558 et
491 2492 733 2580 choriambicis,
764 2515 829 2559 non
862 2494 898 2558 in
926 2494 1059 2578 plenum
1087 2494 1247 2559 ambitum
1274 2494 1367 2578 pedis

96 2600 238 2686 simplicis
261 2602 364 2666 trium
383 2605 561 2684 quatuorve
577 2605 761 2686 temporum
774 2602 967 2686 productam
982 2623 1052 2666 esse
1067 2601 1239 2688 largimur,
1257 2605 1368 2666 tamen

97 2708 130 2771 ab
151 2731 257 2774 eorum
280 2707 416 2773 levitate
438 2705 536 2792 longe
560 2707 733 2794 distamus,
761 2708 816 2794 qui
843 2730 955 2774 omnes
978 2708 1037 2772 has
1062 2708 1270 2792 quaestiones
1293 2707 1367 2793 rhy-

98 2813 220 2881 thmicas
238 2815 374 2880 inutiles
394 2819 427 2878 et
444 2818 540 2878 notas
560 2814 680 2899 dactyli
699 2815 813 2899 cyclici
832 2821 866 2880 et
883 2816 1057 2902 longarum
1072 2815 1173 2880 trium
1188 2819 1368 2900 quatuorve

98 2945 245 2988 morarum
274 2947 295 2988 a
321 2921 496 2988 schematis
520 2926 665 2986 veterum
689 2922 870 2988 carminum
894 2922 1089 2988 amovendas
1113 2944 1185 2987 esse
1208 2922 1367 2987 dictitent.
1424 2975 1435 2994 .

99 3028 149 3092 ue
170 3031 308 3114 quadam
331 3029 461 3114 prodire
485 3033 594 3114 tenus,
618 3029 646 3093 si
668 3051 736 3094 non
759 3030 854 3095 datur
877 3030 973 3094 ultra

173 3137 223 3202 De
256 3137 504 3223 dipodiarum
536 3137 770 3221 rhythmicis
804 3137 1036 3203 rationibus.
1089 3137 1162 3204 Huc
1194 3159 1296 3223 usque
1329 3137 1369 3203 de

99 3241 266 3327 rhythmica
300 3267 451 3310 mensura
483 3244 600 3329 pedum
631 3244 829 3330 simplicium
857 3245 1108 3330 disputavimus,
1141 3246 1196 3310 sed
1228 3245 1369 3332 dipodiis

101 3371 211 3436 quoque
234 3360 267 3419 et
291 3353 428 3439 pedibus
452 3352 658 3436 compositis,
682 3358 720 3417 ut
743 3375 841 3437 supra
863 3353 930 3416 iam
948 3352 983 3415 in
1002 3353 1137 3418 metrica
1155 3357 1247 3437 perte
1271 3353 1367 3418 huius

101 3461 308 3526 commentarii
341 3459 564 3545 exposuimus,
596 3481 655 3523 sua
686 3459 734 3524 vis
767 3459 802 3524 in
832 3458 1027 3544 rhythmicis
1059 3459 1242 3524 rationibus
1271 3465 1304 3524 et
1334 3461 1369 3525 in

101 3563 313 3633 distributione
336 3567 461 3632 ictuum
484 3569 542 3630 est.
582 3565 696 3651 Neque
720 3566 806 3630 enim
831 3588 943 3631 omnes
962 3567 1059 3652 pedes
1079 3590 1191 3632 versus
1210 3567 1282 3653 pari
1299 3568 1369 3632 ictu

102 3675 322 3760 percutiuntur,
351 3672 486 3739 sedulii
510 3672 583 3737 aliis
607 3673 772 3759 graviores
797 3679 881 3739 sunt.
927 3673 1037 3759 Atque
1065 3675 1215 3760 dipodiae
1238 3675 1369 3761 quidem

102 3799 162 3843 cunr
179 3781 258 3848 alter
276 3804 334 3866 pes
354 3780 448 3864 arsis,
468 3778 570 3844 thesis
587 3779 670 3844 alter
683 3785 793 3865 partes
809 3779 956 3846 obtinere
969 3780 1226 3869 perhibeatur1),
1244 3783 1369 3847 ictuum

103 3885 156 3950 vim
178 3887 224 3952 ita
251 3887 408 3975 distingui
436 3909 497 3972 par
524 3892 588 3972 est,
615 3891 652 3952 ut
678 3887 769 3972 prior
795 3911 852 3973 pes
882 3888 1008 3953 duobus
1036 3889 1181 3975 punctis,
1210 3890 1368 3954 secundus

103 4011 155 4056 uno
172 4001 289 4078 puncto
309 3999 442 4059 notetur
466 3991 498 4079 (
516 4037 534 4061 υ
551 4041 569 4062 a
586 3989 633 4080 o),
656 3993 762 4059 velut
782 3995 904 4060 omisso
921 3995 990 4060 ictu
1012 3995 1147 4060 alterius
1166 3996 1257 4081 pedis
1278 3996 1367 4061 solus

104 4097 178 4179 prior
197 4107 273 4168 nota
297 4101 382 4166 ictus
406 4101 555 4187 signetur
573 4097 606 4188 (r
624 4142 643 4168 o
660 4162 677 4170 ,
695 4097 736 4189 n).
770 4101 885 4189 Neque
905 4103 992 4187 qnod
1010 4124 1084 4167 raro
1102 4102 1138 4166 in
1155 4101 1267 4186 lyricis
1287 4102 1367 4168 colis

104 4203 231 4274 iambicis
263 4208 479 4276 trochaicisve
512 4208 572 4274 sub
605 4207 703 4274 finem
733 4207 889 4293 cuiusque
917 4208 1066 4295 dipodiae
1095 4231 1213 4293 anceps
1242 4210 1368 4294 syllaba

105 4312 226 4380 admissa
251 4322 316 4402 est,
343 4316 376 4380 id
400 4317 530 4381 obstare
554 4314 694 4400 videtur,
723 4315 897 4400 quominus
920 4318 1005 4382 ictus
1029 4317 1166 4381 duorum
1190 4317 1310 4402 pedum
1332 4317 1367 4380 in

106 4421 219 4487 urticis
241 4445 343 4508 aeque
366 4428 463 4507 atque
481 4424 517 4487 in
535 4423 694 4489 deverbiis
713 4445 808 4508 pares
827 4424 928 4489 fnisse
946 4445 1111 4510 negemus.
1146 4423 1238 4490 Idem
1257 4430 1367 4490 autem

106 4529 176 4607 qnod
196 4531 232 4596 de
254 4531 428 4596 trochaicis
451 4530 665 4615 iambicisque
689 4531 834 4596 versibus
860 4532 960 4618 valet,
985 4531 1070 4596 valet
1092 4530 1193 4595 etiam
1217 4531 1255 4596 de
1277 4531 1368 4618 loge·

107 4667 295 4683 “Q—*-

179 4761 203 4829 1)
219 4777 243 4817 v.
263 4761 379 4816 Aristid.
399 4759 515 4828 Quintil.
536 4761 571 4815 de
590 4778 660 4818 mus.
674 4779 685 4814 1
700 4767 742 4818 39.
