3417 5434
626 353 759 406 PYTHIA
777 356 809 407 X.

81 538 115 583 so
135 523 232 603 ἔμμεν
256 520 406 583 ἄπιστον.

134 628 246 691 κώπαν
270 626 409 709 σχάσον,
433 626 515 708 ταχὺ
539 621 571 687 d'
597 624 655 704 dy-

177 756 285 817 κυραν
309 734 452 817 ἔρει-σον
474 727 575 815 χθονὶ

131 839 307 928 πρῴραθε,
331 840 488 924 χοιράδος
511 840 630 919 άλ-καρ
652 835 782 922 πέτρας.

134 947 305 1032 ἐγκωμίων
328 946 391 1031 γάρ
414 947 519 1020 άωτος
541 945 658 1030 ὕμνων

133 1053 182 1118 ἐπ’
210 1052 322 1119 ἄλλοτ’
348 1055 450 1118 άλλον
473 1047 535 1117 ὧτε
558 1050 694 1136 μέλισσα
717 1052 832 1117 θύ-νει
857 1055 966 1134 λόγον.

81 1305 114 1350 55
135 1291 276 1372 ἔλπομαι
300 1284 331 1351 δ’
354 1284 543 1370 Ἐφυραίων

134 1391 190 1459 ὄπ’
215 1391 301 1479 ἀμφὶ
325 1393 473 1476 Πηνεϊὸν
495 1396 624 1475 γλυκεῖ-

179 1525 222 1565 αν
245 1503 471 1584 προχεόντων
494 1499 576 1583 ἐμὰν

134 1610 195 1674 τὸν
219 1606 411 1673 Ἱπποκλέαν
434 1609 482 1671 ἔτι
505 1604 560 1671 καὶ
583 1611 709 1691 μᾶλλον
732 1608 795 1672 σὺν
819 1606 948 1685 ἀοιδαῖς

133 1715 226 1781 ἕκατι
251 1716 425 1808 στεφάνων
448 1715 577 1797 θαητὸν
600 1713 635 1779 έν
659 1715 695 1778 ά-

180 1822 246 1901 λιξι
269 1821 415 1907 θησέμεν
438 1820 475 1887 έν
489 1819 572 1886 -καλ
594 1819 818 1907 παλαιτέροις,

134 1929 267 1996 νέαισίν
290 1953 325 1994 τε
347 1928 546 2014 παρθένοισι
569 1927 727 2013 μέλημα.”
749 1927 805 1993 καλ
828 1931 891 2014 γάρ

82 2055 115 2102 oo
135 2037 262 2124 ἑτέροις
285 2035 406 2122 ἑτέρων
428 2039 511 2119 ἔρως
534 2033 685 2113 ὑπέκνιξε
708 2035 847 2121 φρένας·

151 2255 196 2302 51.
217 2247 289 2302 citat
306 2247 393 2302 schol.
412 2246 496 2300 Arist.
511 2246 584 2302 Nub.
601 2264 639 2302 ror
658 2249 687 2301 et
705 2263 745 2302 ιιο
764 2280 797 2288 -
817 2252 859 2303 52.
879 2247 1014 2316 πρώραθε
1033 2247 1114 2302 codd.
1130 2279 1165 2288 -
1180 2246 1270 2302 ἀλκὰν
1284 2247 1313 2302 D
1327 2279 1362 2286 —

84 2326 124 2376 54,
143 2317 197 2374 ὧτε
218 2321 286 2375 GI:
306 2318 375 2374 ὥστε
388 2319 486 2373 BDE
502 2351 535 2358 —
555 2324 597 2372 57.
613 2317 779 2373 Ἱπποκλέαν
798 2319 839 2374 F:
860 2318 996 2374 ἱπποκλέα
1015 2318 1128 2386 BDE,
1148 2319 1197 2372 τὸν
1212 2315 1361 2372 Ἱπποκλέα

83 2393 235 2460 Hermann,
250 2387 399 2445 Ἱπποκλέα
417 2408 484 2444 ποτε
502 2389 610 2459 Kayser
629 2423 661 2430 —
682 2395 724 2446 58.
745 2389 776 2444 έν
792 2391 840 2444 καλ
853 2389 951 2446 Trici:
971 2391 1002 2446 έν
1015 2410 1045 2445 τε
1059 2391 1108 2444 καλ
1121 2390 1167 2444 B¹
1182 2388 1212 2443 έν
1227 2409 1255 2444 τε
1270 2388 1361 2456 ΒἸ),

83 2463 111 2516 έν
131 2461 158 2516 τ’
180 2459 220 2516 αὖ
241 2461 339 2531 Heyne
363 2493 396 2502 -
419 2466 547 2518 παλαιοτ.
566 2463 596 2516 D
615 2495 648 2502 -
668 2467 709 2517 60.
731 2459 833 2530 ἑτέροις
859 2461 961 2517 lemma
987 2463 1016 2516 in
1041 2463 1076 2518 V:
1104 2461 1237 2528 ἐνέροισιν
1256 2461 1364 2516 BDE

86 2567 113 2622 -,
133 2532 268 2658 ὑμΓτέκιμξε
288 2550 321 2587 cx
339 2533 453 2588 scholiis
472 2533 627 2589 Hermann:
647 2535 699 2604 (-ξέ
720 2535 756 2603 Β)
776 2533 866 2599 ἔπνιξε
886 2535 913 2588 B
920 2535 956 2604 D,
977 2531 1067 2600 ἔκνιξέ
1085 2553 1116 2604 γε
1135 2532 1250 2602 Mosch,
1271 2531 1361 2597 ἔπνιξε

83 2627 130 2668 τας
174 2622 237 2659 rlc.
257 2636 291 2645 -

153 2755 196 2802 51.
214 2765 232 2802 a
245 2746 418 2817 digressione
432 2747 469 2801 ad
482 2764 541 2801 rem
572 2749 729 2802 raesentem
738 2747 821 2817 redit,
833 2747 932 2803 eadem
944 2747 1134 2818 navigationis
1147 2746 1271 2819 imagine
1285 2763 1360 2816 usus,

84 2837 138 2888 qua
152 2837 241 2891 supra
255 2825 292 2889 (rs
301 2822 334 2888 s.)
349 2819 379 2872 in
392 2818 515 2873 transitu
580 2819 782 2890 digressionem
795 2819 925 2874 iaciendo
940 2837 1006 2873 usus
1021 2822 1093 2887 erat;
1114 2818 1148 2874 cf.
1164 2819 1201 2873 ad
1216 2817 1247 2873 Ο.
1262 2837 1272 2871 1
1286 2835 1311 2873 ss
1326 2849 1360 2858 —

84 2893 180 2946 κὼπαν
201 2890 318 2961 σχάσον,
337 2907 444 2945 remum
462 2889 559 2944 inhibe
579 2923 611 2931 -
630 2891 779 2972 πρῴραθε·
803 2890 833 2944 in
855 2908 940 2961 prora
959 2908 1076 2944 ancoras
1100 2907 1250 2961 suspensas
1273 2889 1360 2944 fuisse

85 2963 217 3018 docemur
230 2963 260 3017 P.
275 2982 304 3016 ιν
319 2979 370 3028 rer,
390 2977 522 3016 ancoram
538 2965 633 3016 autem
652 2963 705 3016 eici
724 2965 752 3016 et
770 2964 861 3017 terrae
880 2962 960 3032 infigi
977 2962 1065 3031 iubet,
1083 2978 1118 3017 ne
1137 2961 1218 3016 navis
1238 2960 1360 3032 scopulis

84 3033 177 3088 illidat
196 3033 298 3102 (άλκαρ
316 3032 428 3102 πέτρας)
448 3065 481 3073 -
501 3039 543 3088 53.
563 3051 695 3089 ancoram
714 3033 871 3088 eiciendam
890 3051 949 3088 esse
969 3033 1046 3101 dicit,
1066 3033 1141 3102 quod
1161 3032 1288 3087 encomia
1302 3049 1360 3087 aar·

85 3105 159 3160 mina
185 3123 274 3176 apum
298 3104 355 3158 ritu
380 3123 399 3158 v
456 3105 479 3158 ri
505 3105 627 3171 soleant,
653 3105 727 3159 unde
751 3105 907 3176 periculum
926 3122 999 3172 esse,
1026 3121 1061 3159 ne
1080 3122 1097 3159 a
1115 3105 1260 3175 proposito
1279 3121 1361 3158 cursu

85 3174 194 3248 longius
214 3177 346 3231 aberrent
363 3209 398 3216 —
437 3195 505 3239 ωτος
523 3175 630 3247 ὓμνων·
649 3177 700 3230 flos
718 3177 885 3245 hymnorum
903 3175 922 3230 i.
938 3193 960 3232 e.
975 3175 1069 3230 floridi
1085 3176 1195 3245 hymni,
1215 3175 1249 3230 cf.
1265 3194 1360 3246 μουσι-

85 3257 134 3310 κᾶς
152 3245 184 3304 έν
202 3249 285 3320 ἀώτῳ
304 3247 335 3303 O.
354 3267 365 3299 1
385 3263 425 3316 15,
450 3245 580 3316 Χαρίτων
605 3248 696 3303 ἄωτον
721 3249 741 3302 Ι.
761 3267 810 3301 v111
828 3265 853 3304 rs
880 3281 913 3288 —
941 3253 983 3302 55.
1007 3245 1180 3318 Ἐφυραίων
1208 3247 1362 3301 scholiasta

86 3319 198 3375 Cineam
213 3322 357 3374 auctorem
371 3321 491 3389 secutus,
505 3319 629 3389 itemque
644 3319 745 3374 Strabo
758 3339 787 3372 rr
805 3339 831 3390 p.
845 3337 887 3374 sss
901 3321 930 3374 et
947 3320 1106 3390 Stephanus
1120 3319 1185 3388 Byz.
1197 3336 1217 3372 ι.
1229 3337 1253 3373 v.
1269 3323 1361 3386 Κραν-

85 3393 151 3458 νών,
171 3392 355 3459 Crannonem,
375 3390 472 3444 urbem
492 3390 664 3460 Thessaliae,
687 3390 817 3445 similiter
835 3394 920 3460 atque
940 3390 1113 3460 Corinthum,
1132 3391 1200 3444 olim
1219 3390 1361 3460 Ephyram

86 3461 188 3517 dictam
215 3479 277 3517 esse
303 3465 332 3515 et
354 3462 415 3516 eius
434 3461 541 3516 incolas
559 3463 589 3516 in
607 3463 722 3518 Homeri
740 3479 822 3517 versu
840 3463 875 3517 N.
890 3479 929 3518 sor
947 3464 985 3516 τὼ
1008 3459 1098 3532 (Ἄρης
1116 3463 1164 3516 καλ
1184 3460 1284 3534 Φόβος)
1310 3462 1361 3532 μὲν

87 3531 130 3598 ἄρ’
151 3533 182 3587 ἐκ
203 3533 317 3605 Θρῄκης
332 3532 473 3602 Ἐφύρους
491 3531 560 3604 μέτα
578 3534 781 3602 θωρήσσεσθον
800 3533 832 3603 ἠὲ
856 3533 926 3604 μετὰ
954 3533 1077 3602 Φλέννας
1099 3533 1290 3604 μεγαλήτορας
1312 3551 1360 3587 no-

87 3603 157 3659 mine
173 3604 306 3675 Ἐφύραν
325 3604 483 3659 declaratos
503 3623 563 3660 esse
583 3606 729 3660 duxerunt.
756 3605 837 3670 Quod
857 3623 920 3660 cum
939 3605 1097 3660 Boeckhius
1116 3622 1213 3660 verum
1231 3621 1292 3660 esse
1310 3623 1360 3675 pu-

88 3677 180 3745 tasset,
196 3677 312 3731 chorum
325 3676 362 3730 ab
377 3675 520 3746 Aleuadis,
541 3677 659 3731 dominis
677 3677 814 3746 Larissae,
830 3695 865 3732 ex
880 3677 1054 3746 Crannoniis,
1069 3676 1117 3746 qui
1133 3676 1267 3746 Scopadis
1282 3693 1361 3747 pare-

88 3744 166 3814 bant,
192 3748 362 3802 conductum
388 3764 449 3802 esse
474 3749 606 3818 opinatus
632 3753 683 3805 est.
728 3751 767 3802 At
791 3748 940 3818 indignum
965 3750 994 3802 et
1018 3748 1178 3802 inauditum
1204 3751 1248 3802 est
1271 3765 1361 3816 neque

88 3814 219 3874 Pelinnae
238 3835 329 3888 neque
346 3819 475 3874 Larissae
494 3819 589 3890 fuisse,
608 3820 657 3889 qui
676 3838 788 3876 carmen
806 3837 907 3875 canere
926 3820 955 3875 et
974 3819 1078 3874 saltare
1096 3822 1224 3889 posssut;
1250 3835 1307 3888 qua
1326 3819 1360 3872 de

90 3903 170 3943 causa
195 3889 349 3944 Pindarum
375 3889 459 3944 aliter
484 3894 568 3960 atque
595 3891 710 3946 Cineam
729 3895 758 3946 et
776 3892 943 3947 Strabonem
961 3891 1054 3946 locum
1072 3891 1250 3946 Homericum
1275 3890 1360 3945 inter-

88 3963 227 4026 pretatum
245 3979 306 4016 esse
324 3965 354 4016 et
369 3959 508 4031 Ἐφύρους
522 3962 671 4017 Thessalos
691 3979 794 4030 omnes,
814 3980 871 4016 non
888 3963 995 4018 incolas
1016 3966 1108 4023 certae
1123 3962 1269 4017 cuiusdam
1284 3961 1360 4016 urbis

90 4028 264 4087 thessalicae
282 4032 455 4087 intellexisse
473 4033 604 4102 equidem
623 4036 749 4089 duco-
768 4039 809 4088 56.
834 4036 908 4103 ἀμφὶ
926 4033 1063 4104 Πηνεϊόν
1089 4033 1154 4088 hinc
1172 4033 1311 4102 Larissae,
1330 4033 1358 4087 in

90 4099 235 4228 {pm-ipa
258 4104 354 4230 Ρερρριρ1
361 4103 483 4228 huminis
507 4104 592 4186 sitae,
609 4123 730 4246 μορ-ρον
741 4107 894 4232 8ομολμέιιαι
913 4105 1153 4230 εοεεΒΒοαρλκλιίαᾶ
1170 4104 1296 4229 αλιιλιιὶᾇςΙ
1310 4105 1361 4229 sl?

110 4189 125 4224 s
185 4193 277 4230 anon
384 4192 649 4230 oneanaaur
696 4196 721 4232 v.
772 4194 951 4244 ramses,
1001 4194 1110 4242 ursian,
1155 4192 1229 4231 eo.
1274 4193 1359 4231 nec.

91 4259 100 4292 1
116 4248 162 4310 ss),
181 4251 214 4302 ut
231 4247 360 4301 Dissenio
379 4193 553 4317 adsgtipularl')
567 4264 664 4303 verear
682 4249 720 4302 ad
744 4248 869 4319 patriam
886 4247 1001 4303 vintoris
1021 4247 1090 4302 haec
1110 4193 1360 4314 verbsfrreferenth

92 4313 122 4367 de
140 4317 222 4373 choro
241 4317 393 4388 interprete
412 4319 567 4374 sententiae
586 4323 686 4390 poetae
704 4318 769 4374 vide
795 4319 869 4374 Prol.
889 4339 970 4374 κατα.
990 4351 1025 4360 -
1044 4325 1086 4374 bl.
1109 4319 1160 4373 τὸν
1180 4316 1359 4373 Ἱπποκλέαν·

93 4385 235 4443 articulum
252 4393 364 4460 praeter
378 4390 609 4445 consuetudinem
621 4391 728 4445 nomini
741 4391 854 4461 proprio
869 4395 954 4461 poeta
968 4390 1087 4460 addidit,
1102 4393 1134 4444 ut
1147 4390 1240 4460 ipsum
1254 4389 1360 4460 Hippo-

93 4454 170 4527 clem,
189 4477 272 4530 quem
290 4461 349 4514 iam
365 4480 391 4516 v.
407 4479 420 4515 ι
438 4461 561 4529 dixerat,
584 4462 665 4531 quasi
684 4461 775 4533 digito
794 4465 964 4518 monstraret
982 4494 1016 4503 —
1036 4459 1077 4516 ἔτι
1095 4464 1143 4516 καλ
1161 4465 1277 4532 μᾶλλον·
1303 4479 1359 4515 oer-

92 4527 195 4585 tsmina
208 4532 295 4587 etiam
310 4531 458 4604 Olympios.
476 4535 513 4586 sd
532 4534 674 4604 exemplar
691 4533 781 4604 patris
800 4534 894 4588 subire
913 4533 1097 4605 Hippocleam
1115 4533 1285 4588 meditatum
1300 4550 1360 4587 esse

93 4603 172 4664 poeta
189 4603 331 4675 significat
344 4637 378 4643 —
396 4609 437 4658 58.
458 4604 488 4658 έν
507 4606 555 4658 καλ
573 4603 750 4672 παλαιτέροις
767 4622 818 4674 pro
836 4608 886 4659 καλ
906 4605 935 4660 ἐν
954 4607 1002 4659 καλ
1020 4610 1084 4660 παλ.
1099 4605 1133 4660 cf.
1150 4604 1181 4660 O.
1196 4624 1217 4658 11
1231 4623 1265 4660 sl.
1281 4623 1319 4657 v11
1334 4622 1359 4660 ao

96 4697 123 4708 -
142 4677 182 4728 59.
204 4672 375 4744 παρθένοισι
397 4675 516 4746 μέλημα·
539 4675 671 4730 nimirum
689 4680 786 4747 gratus
805 4676 907 4745 puellis
927 4680 970 4731 est
987 4675 1097 4731 iuvenis
1116 4675 1247 4731 laudibus
1267 4679 1296 4730 et
1314 4693 1358 4730 co·

93 4741 162 4796 ronis
181 4753 294 4802 ornatus
315 4778 347 4788 -
366 4752 408 4804 60.
432 4744 577 4817 κλπέκνιξε,
606 4747 726 4804 subditis
750 4747 872 4803 stimulis
896 4749 966 4820 egit;
993 4749 1027 4804 cf.
1046 4748 1147 4804 Herod.
1167 4767 1195 4802 n
1215 4764 1240 4804 os
1259 4747 1308 4803 τὸν
1328 4747 1357 4804 dl

92 4805 228 4880 Ἀρλατωνα
247 4818 336 4885 ἔκνιζε
355 4817 411 4889 ἄρα
429 4827 478 4891 τῆς
495 4819 628 4890 γυναικὸς
646 4820 748 4892 ταάτης
766 4818 781 4875 ὁ
801 4819 869 4889 ἔρως
888 4852 920 4862 -
