3417 5434
553 388 558 397 .
638 340 771 391 PYTHIA
789 340 810 393 1.

161 500 261 585 ὄφρα
281 498 357 565 κατ’
382 494 474 565 οἷκον
497 500 516 567 δ
542 505 621 565 Φοῖ-

209 606 308 686 νιξδ
338 612 521 695 Τυρσανῶν
544 606 573 673 τ’
599 608 761 685 ἀλαλατὸς
783 611 855 694 ἔχῃ,
878 632 958 673 ναυ-

211 719 373 781 σίστονον
395 715 496 802 ὕβριν
520 716 688 781 ἰδὼν-τάν
710 717 774 801 πρὸ
798 717 929 801 Κύμας·
1312 734 1362 781 140

161 903 225 976 οἷα
249 915 471 997 Συρακοσίων
495 912 585 1001 ἀρχῷ
611 910 837 996 δαμασθέντες
859 914 987 998 πάθον,
1151 911 1217 977 Ἐπ.
1240 912 1282 977 δ’.

164 1019 358 1104 ὠκυπόρων
382 1018 446 1083 ἀπὸ
469 1031 561 1085 ναῶν
584 1020 620 1095 ὅς
643 1036 725 1103 σφιν
748 1018 785 1085 έν
807 1024 919 1109 πόντῳ
942 1020 1059 1107 βάλεθ’
1086 1022 1232 1105 ἁλικίαν,
1314 1038 1363 1085 145

74 1142 105 1189 ῑῐ»
158 1123 299 1190 Ἑλλάδ’
325 1124 465 1204 ἐξέλκων
486 1129 621 1213 βαρείας
640 1127 801 1203 δουλείας.
821 1167 834 1175 -
854 1127 991 1214 ἀρέομαι

162 1233 240 1317 πὰρ
262 1229 323 1317 μὲν
346 1237 539 1318 Σαλαμῖνος
560 1232 748 1299 Ἀθαναίων
771 1234 870 1321 χάριν

163 1342 311 1423 μισθόν,
335 1338 372 1405 έν
397 1340 536 1435 Σπάρτα
559 1337 591 1404 δ’
617 1338 719 1422 ἐρέων
741 1342 806 1427 πρὸ
830 1345 1046 1428 Κιθαιρῶνος
1068 1344 1192 1428 μάχαν,
1313 1360 1364 1407 150

165 1462 261 1514 ταῖσι
285 1450 431 1533 Μήδειοι
455 1450 561 1534 κάμον
584 1447 813 1533 ἀγκυλότοξοι,

165 1559 262 1641 παρὰ
285 1554 321 1621 δὲ
345 1558 408 1621 τάν
431 1557 574 1643 εὔυδρον
598 1556 701 1622 ἀκτάν

210 1661 321 1747 Ἱμέρα
344 1664 519 1728 παίδεσσιν
541 1663 649 1747 ὕμνον
672 1662 893 1751 Δεινομένεος
915 1662 1075 1748 τελέσαις,

166 1771 232 1835 τὸν
256 1768 400 1848 ἐδέξαντ’
425 1767 508 1856 ἀμφ’
533 1770 648 1857 ἀρετᾷ,
1313 1788 1364 1837 155

215 1880 386 1961 πολεμίων
408 1876 543 1965 ἀνδρῶν
565 1882 748 1963 καμόντων.

167 2075 291 2160 καιρὸν
314 2075 346 2138 εί
364 2034 545 2159 Ιφθέγξαιο,
568 2078 701 2139 πολλῶν
724 2079 861 2161 πείρατα
884 2076 1107 2153 συντανύσαις
1159 2080 1240 2161 Στρ.
1263 2074 1303 2141 ε’.

171 2180 210 2245 ἐν
233 2184 364 2267 βραχεῖ,
388 2184 491 2265 μείων
513 2179 622 2246 ἕπεται

216 2297 331 2371 μῶμος
353 2286 555 2373 ἀνθρώπων.
602 2287 665 2353 ἀπὸ
689 2288 753 2375 γάρ
775 2290 875 2374 κόρος
898 2288 1059 2374 ἀμβλύνει
1315 2306 1366 2355 160

90 2514 199 2571 Advers.
214 2536 225 2569 1
240 2532 279 2572 rsa
294 2548 328 2557 -
344 2521 386 2572 72.
405 2516 541 2586 ἀλαλητὸς
558 2516 584 2573 (l
598 2548 631 2557 —
652 2516 710 2589 ἔχοι
725 2518 749 2574 0
764 2550 797 2559 -
815 2525 857 2575 73.
877 2515 1086 2588 συρρακουσίων
1102 2518 1170 2574 (l—
1187 2524 1227 2573 74.
1247 2516 1278 2582 ός
1296 2536 1364 2589 σφιν

90 2586 135 2643 0’;
154 2585 170 2642 ὅ
189 2606 260 2659 σφιν
280 2588 354 2644 0¹1)
369 2620 400 2629 -
420 2587 512 2661 βάλετ’
536 2589 582 2657 0⁸,
602 2587 687 2661 βάλεν
705 2589 776 2645 coni.
792 2590 903 2645 Heclrer
917 2623 950 2631 -
967 2595 1008 2645 75.
1028 2589 1147 2673 ἀρέομαι
1166 2590 1236 2646 coni.
1250 2588 1364 2647 Dawss:

88 2657 215 2731 (ἀρέομαι
234 2661 263 2730 C,
283 2658 414 2731 αἱρέομαι
431 2661 462 2717 D
479 2692 511 2701 -
532 2664 573 2715 76.
593 2659 673 2731 χάρις
693 2662 750 2717 0⁸⁰
767 2694 801 2703 -
822 2667 864 2717 77.
884 2661 912 2717 δ’
935 2661 1020 2731 ἐρέων
1039 2680 1109 2717 conr.
1124 2662 1227 2717 Bothe:
1248 2661 1275 2717 δ’
1298 2660 1365 2732 ἐρέω

91 2729 138 2784 τάκ
163 2732 236 2797 01),
260 2730 288 2786 δ’
311 2728 377 2800 ἐρέω
401 2734 442 2800 Ε,
465 2730 496 2786 δὲ
520 2729 608 2787 κλέων
631 2732 661 2786 in
683 2734 830 2803 proecdosi
855 2735 1021 2805 scripseram
1040 2767 1073 2773 -
1095 2738 1136 2789 78.
1156 2734 1267 2804 μήδειοι
1286 2734 1365 2790 EF:

91 2804 169 2869 μῆδοι
185 2804 247 2859 01)
265 2834 298 2843 -
320 2810 361 2859 79.
379 2803 459 2873 παρὰ
477 2802 575 2858 Trica:
594 2802 653 2873 πὰρ
668 2804 726 2859 01)
744 2837 780 2845 -
799 2804 917 2874 ἔνυδρον
934 2805 961 2873 0,
981 2805 1101 2874 εύυδρον
1116 2804 1156 2861 0¹
1176 2838 1209 2845 —
1228 2806 1367 2869 τελέουαις

93 2874 209 2945 C¹D⁸⁰,
228 2872 358 2939 τελέσσας
376 2875 500 2944 D1200’,
519 2874 645 2930 τελέσαιν
663 2876 756 2948 Bergk
775 2876 820 2946 (cf.
836 2877 871 2932 N.
886 2896 935 2931 vm
949 2880 986 2946 aa)
1006 2908 1040 2917 -
1059 2882 1101 2932 82.
1122 2885 1201 2947 μεῖον
1221 2877 1245 2932 O
1262 2909 1293 2917 —

93 3012 1366 3163 aaatres:teJtsetatetaaataaattestata:

94 3160 119 3211 et
135 3160 222 3215 oculis
240 3178 356 3215 cernens
375 3159 536 3230 snperbiam
554 3165 621 3216 ants
636 3161 753 3217 Carnam
765 3162 844 3217 humi
857 3166 1030 3233 prostratam
1043 3162 1159 3216 navium
1174 3179 1236 3216 cnm
1250 3163 1367 3232 gemitu.

94 3228 231 3286 Victoriae
253 3231 338 3285 huius
362 3235 574 3287 monumentum
596 3232 680 3303 galea
702 3237 797 3289 exstat
819 3251 844 3288 a.
866 3240 934 3289 1817
955 3233 1102 3304 Olympiae
1121 3236 1241 3304 reperta,
1261 3234 1307 3287 cui
1325 3234 1366 3288 in-

96 3301 222 3371 scriptum
240 3306 286 3357 est
303 3306 398 3358 vetere
416 3302 579 3359 litteratura
594 3304 693 3373 Ἶάρων
712 3305 727 3360 δ
747 3305 932 3376 Δεινομένεος
955 3306 1004 3361 καί
1021 3307 1063 3361 rol
1084 3302 1256 3374 Συρακόσιοι
1274 3310 1311 3380 τῷ
1332 3307 1368 3359 Δὶ

97 3374 204 3441 Τυρανά
220 3373 271 3429 ’πὸ
290 3375 389 3445 Κύμας
407 3374 482 3430 Old.
497 3392 530 3431 le.

159 3451 191 3500 74
210 3464 247 3502 es.
276 3462 295 3501 a
317 3445 392 3501 votis
416 3464 468 3516 pro
492 3446 583 3501 salute
607 3447 797 3502 Aetnaeorum
822 3447 905 3502 factis
931 3448 969 3501 ad
996 3448 1191 3502 laudationem
1213 3465 1307 3503 rerum
1331 3449 1367 3502 ab

97 3514 207 3575 Hierone
226 3517 338 3573 fortiter
355 3520 499 3588 gestarum
517 3518 603 3587 redit3
622 3522 708 3587 atque
725 3520 848 3590 primum
867 3519 943 3590 apud
957 3519 1074 3575 (lumem
1088 3536 1223 3574 unacum
1242 3520 1367 3575 Etruscis

98 3586 202 3659 Poenos,
221 3590 313 3645 socios
335 3590 536 3658 commemor
555 3607 614 3644 esse
634 3590 712 3657 dicit,
731 3591 807 3660 quod
822 3592 957 3660 ‘quamvis
973 3609 991 3646 a
1004 3590 1115 3646 nemine
1133 3592 1285 3646 memoriae
1304 3609 1366 3663 pro·

99 3658 179 3715 ditum
201 3661 252 3730 sit,
275 3663 373 3715 tamen
396 3660 456 3715 veri
477 3660 555 3715 hand
580 3661 716 3717 dissimile
739 3665 794 3725 sst;
819 3663 922 3717 deinde
946 3662 976 3717 in
999 3662 1175 3717 conferendis
1194 3662 1297 3732 pugnis
1316 3680 1367 3744 pro

99 3729 219 3787 libertate
237 3731 373 3788 Graeciae
391 3736 427 3801 (v.
444 3735 480 3803 rs)
498 3749 562 3787 cnm
581 3734 709 3789 barbaris
729 3735 872 3790 dimicatis
896 3734 975 3788 inste
998 3751 1108 3803 pugnae
1128 3734 1204 3804 apud
1223 3734 1367 3789 Salamina

100 3806 123 3854 et
138 3802 281 3872 Plataeas,
305 3822 425 3873 querum
450 3804 599 3874 potissima
618 3804 681 3859 laus
699 3805 799 3875 prioris
818 3823 904 3876 penes
923 3805 1122 3874 Athenienses,
1147 3805 1263 3860 alterius
1281 3822 1367 3876 penes

101 3872 241 3942 Spartanos
260 3875 324 3944 fuit,
343 3892 468 3946 pugnam
482 3876 520 3930 ad
533 3876 624 3945 ripam
638 3876 777 3946 Himerae,
793 3896 849 3946 qua
863 3877 915 3932 filii
930 3877 1093 3932 Dinomenis
1107 3877 1232 3948 palmam
1247 3877 1366 3931 devictis

100 3943 216 4001 hostibus
241 3946 380 4015 tulerunt,
404 3947 511 4029 posuit,
529 3947 597 4002 licet
614 3947 697 4002 huius
716 3966 828 4019 pugnae
847 3950 979 4004 Etruscos
999 3948 1152 4017 participes
1171 3948 1258 4003 fuisse
1277 3966 1367 4017 neque

100 4018 224 4073 traditum
246 4035 338 4087 neque
361 4035 421 4073 verr
444 4018 536 4073 simile
559 4021 603 4074 est
627 4052 658 4059 —
685 4025 726 4075 74,
751 4020 781 4074 ἐν
803 4018 897 4093 πόντῳ
921 4020 1032 4093 βάλετο·
1056 4018 1172 4101 βάλλετο
1196 4037 1259 4073 cum
1284 4020 1314 4075 ἐν
1338 4023 1367 4075 et

103 4086 194 4159 dativo,
214 4090 294 4144 cuius
314 4088 375 4143 loco
393 4106 445 4144 nos
465 4089 493 4154 ἐς
511 4095 540 4144 et
558 4090 752 4146 accusativum
766 4095 970 4162 exspectamus,
984 4092 1078 4145 iunxit
1091 4096 1123 4145 nt
1137 4092 1274 4145 Homerus
1289 4094 1316 4151 Ξ
1329 4108 1367 4147 soa

101 4157 187 4230 ἔμβαλε
201 4160 303 4234 πόντῳ,
321 4165 351 4215 Ψ
363 4177 403 4216 ers
415 4169 499 4231 μῆτιν
514 4161 646 4233 ἐμβάλλεο
659 4166 743 4235 θυμῷ
759 4196 790 4203 —-
807 4169 849 4219 77.
869 4164 923 4232 πρὸ
938 4168 1129 4231 Κιθαιρῶνος·
1149 4181 1275 4232 pugnam
1293 4164 1367 4218 banc

102 4232 164 4299 apud
183 4234 317 4287 Plataeas
336 4235 448 4303 praeter
466 4236 573 4288 ceteras
591 4233 666 4288 inter
685 4235 787 4288 decora
805 4236 923 4305 Spartae
943 4235 1036 4302 refert,
1057 4234 1132 4303 quod
1151 4234 1181 4287 in
1198 4235 1252 4288 hac
1270 4252 1367 4306 pugna

101 4317 139 4355 rex
159 4304 443 4359 Lacedaemoniorum
465 4304 621 4359 Pausanias
645 4305 734 4375 copiis
754 4306 923 4361 Graecorum
946 4310 1088 4376 praeerat,
1116 4324 1287 4375 quamquam
1310 4324 1367 4361 non

102 4372 177 4429 solum
200 4376 279 4430 Medi
301 4376 351 4430 sed
374 4376 460 4430 etiam
479 4376 606 4431 Thebani
631 4378 709 4448 apud
731 4377 864 4432 Plataeas
883 4378 952 4433 victi
972 4379 1037 4431 sunt
1055 4410 1089 4419 —
1110 4383 1142 4431 78
1171 4376 1365 4447 ἀγκυλότοξοι·

103 4460 183 4501 auum
195 4447 351 4516 Medorum,
366 4448 478 4502 hastam
492 4448 661 4503 Graecomm
676 4466 737 4504 esse
750 4451 852 4519 poetae
867 4449 969 4519 tragici
984 4448 1196 4517 declamabant;
1216 4450 1251 4505 cf.
1266 4450 1366 4505 Aesoh.

103 4513 163 4573 Pers.
177 4535 216 4574 ιιι
234 4516 356 4587 πότερον
374 4517 457 4585 τόξου
475 4516 549 4643 p‘vpe
567 4521 600 4574 τό
618 4531 705 4576 νικῶν
723 4526 779 4575 κτλ.

530 4608 564 4645 ac

161 4594 293 4645 81-100.
319 4590 350 4643 in
368 4594 492 4645 extrema
582 4595 662 4662 parte
681 4593 827 4661 carminis,
847 4592 977 4647 similiter
997 4596 1081 4661 atque
1101 4593 1129 4647 in
1150 4592 1273 4647 carmine
1292 4591 1322 4645 P.
1337 4610 1366 4659 11,

105 4654 254 4715 laudatione
273 4660 395 4732 abrupta
412 4664 498 4732 poeta
515 4662 729 4719 familiariorem
747 4665 904 4720 orationem
923 4664 958 4718 ad
978 4664 1128 4719 Hieronem
1147 4664 1240 4735 ipsum
1254 4662 1366 4731 direxit,

106 4729 134 4781 sd
153 4732 302 4788 veritatem
325 4736 354 4786 et
376 4732 577 4787 liberalitatem
600 4750 664 4787 eum
686 4736 841 4791 adhortans
866 4742 895 4790 et
920 4736 956 4789 ab
984 4738 1191 4789 assentatorum
1219 4734 1366 4790 fraudibus

107 4816 224 4859 avocans
247 4835 283 4843 —
308 4810 349 4859 81.
372 4804 472 4873 καιρὸν
490 4804 693 4860 adverbialiter
711 4825 761 4877 pro
780 4808 852 4863 κατὰ
872 4806 980 4879 καιρόν,
999 4807 1310 4877 utSoph.Ai.ar.1aas
1329 4807 1365 4864 al.
