<?xml version="1.0" encoding="UTF-8"?>
<!DOCTYPE html PUBLIC "-//W3C//DTD XHTML 1.0 Transitional//EN"
    "http://www.w3.org/TR/xhtml1/DTD/xhtml1-transitional.dtd">
<html xmlns="http://www.w3.org/1999/xhtml" xml:lang="en" lang="en">
 <head>
  <title>
</title>
<meta http-equiv="Content-Type" content="text/html;charset=utf-8" />
  <meta name='ocr-system' content='tesseract 3.04.00' />
  <meta name='ocr-capabilities' content='ocr_page ocr_carea ocr_par ocr_line ocrx_word'/>
</head>
<body>
  <div class='ocr_page' id='page_1' title='image "./pindaricarminap01chrigoog_0482.png"; bbox 0 0 3417 5434; ppageno 0'>
   <div class='ocr_carea' id='block_1_1' title="bbox 314 304 1119 369">
    <p class='ocr_par' dir='ltr' id='par_1_1' title="bbox 314 304 1119 369">
     <span class='ocr_line' id='line_1_1' title="bbox 314 304 1119 369; baseline 0.005 -12"><span class='ocrx_word' id='word_1_1' title='bbox 314 304 380 369; x_wconf 84' lang='grc'>346</span> <span class='ocrx_word' id='word_1_2' title='bbox 788 308 936 359; x_wconf 80' lang='lat' dir='ltr'>PINDARI</span> <span class='ocrx_word' id='word_1_3' title='bbox 953 306 1119 361; x_wconf 73' lang='lat' dir='ltr'>armore.</span> 
     </span>
    </p>
   </div>
   <div class='ocr_carea' id='block_1_2' title="bbox 315 458 1587 1291">
    <p class='ocr_par' dir='ltr' id='par_1_2' title="bbox 315 458 1587 1291">
     <span class='ocr_line' id='line_1_2' title="bbox 394 458 1534 555; baseline 0.001 -22"><span class='ocrx_word' id='word_1_4' title='bbox 394 471 484 533; x_wconf 87' lang='grc' dir='ltr'><strong><em>ἔστιν</em></strong></span> <span class='ocrx_word' id='word_1_5' title='bbox 507 466 539 533; x_wconf 91' lang='grc' dir='ltr'>δ’</span> <span class='ocrx_word' id='word_1_6' title='bbox 565 468 707 553; x_wconf 80' lang='grc' dir='ltr'><em>ἀφάνεια</em></span> <span class='ocrx_word' id='word_1_7' title='bbox 732 468 832 553; x_wconf 83' lang='grc' dir='ltr'><em>τύχας</em></span> <span class='ocrx_word' id='word_1_8' title='bbox 855 466 911 535; x_wconf 80' lang='grc' dir='ltr'>καί</span> <span class='ocrx_word' id='word_1_9' title='bbox 932 466 1163 555; x_wconf 75' lang='grc' dir='ltr'><strong><em>μαρναμένων,</em></strong></span> <span class='ocrx_word' id='word_1_10' title='bbox 1378 458 1383 467; x_wconf 57' lang='grc'><strong><em>’</em></strong></span> <span class='ocrx_word' id='word_1_11' title='bbox 1410 468 1475 535; x_wconf 84' lang='grc' dir='ltr'><strong><em>Ἐπ.</em></strong></span> <span class='ocrx_word' id='word_1_12' title='bbox 1492 468 1534 553; x_wconf 79' lang='grc' dir='ltr'>γ’.</span> 
     </span>
     <span class='ocr_line' id='line_1_3' title="bbox 328 574 885 663; baseline 0.002 -22"><span class='ocrx_word' id='word_1_13' title='bbox 328 592 362 641; x_wconf 79' lang='lat'>50</span> <span class='ocrx_word' id='word_1_14' title='bbox 394 574 475 663; x_wconf 79' lang='grc' dir='ltr'><strong><em>πρὶν</em></strong></span> <span class='ocrx_word' id='word_1_15' title='bbox 497 575 590 653; x_wconf 86' lang='grc' dir='ltr'><strong><em>τέλος</em></strong></span> <span class='ocrx_word' id='word_1_16' title='bbox 612 578 716 662; x_wconf 78' lang='grc' dir='ltr'><strong><em>ἄκρον</em></strong></span> <span class='ocrx_word' id='word_1_17' title='bbox 739 575 885 643; x_wconf 82' lang='grc' dir='ltr'><strong><em>ίιιέσθαι·</em></strong></span> 
     </span>
     <span class='ocr_line' id='line_1_4' title="bbox 393 682 1586 769; baseline 0 -20"><span class='ocrx_word' id='word_1_18' title='bbox 393 693 462 749; x_wconf 84' lang='grc' dir='ltr'>τῶν</span> <span class='ocrx_word' id='word_1_19' title='bbox 483 708 518 749; x_wconf 91' lang='grc' dir='ltr'>τε</span> <span class='ocrx_word' id='word_1_20' title='bbox 541 684 605 769; x_wconf 77' lang='grc' dir='ltr'>γάρ</span> <span class='ocrx_word' id='word_1_21' title='bbox 627 682 683 749; x_wconf 81' lang='grc' dir='ltr'>καλ</span> <span class='ocrx_word' id='word_1_22' title='bbox 705 694 773 749; x_wconf 83' lang='grc' dir='ltr'>τῶν</span> <span class='ocrx_word' id='word_1_23' title='bbox 796 684 894 749; x_wconf 83' lang='grc' dir='ltr'><strong><em>διδοῖ.</em></strong></span> <span class='ocrx_word' id='word_1_24' title='bbox 1552 702 1586 749; x_wconf 81' lang='lat'>55</span> 
     </span>
     <span class='ocr_line' id='line_1_5' title="bbox 395 788 968 878; baseline 0.002 -23"><span class='ocrx_word' id='word_1_25' title='bbox 395 788 450 855; x_wconf 84' lang='grc' dir='ltr'>καὶ</span> <span class='ocrx_word' id='word_1_26' title='bbox 473 790 622 876; x_wconf 78' lang='grc' dir='ltr'><strong><em>κρέσσον’</em></strong></span> <span class='ocrx_word' id='word_1_27' title='bbox 650 790 784 878; x_wconf 78' lang='grc' dir='ltr'><strong><em>ἀνδρῶν</em></strong></span> <span class='ocrx_word' id='word_1_28' title='bbox 807 794 968 877; x_wconf 80' lang='grc' dir='ltr'><strong><em>χειρόνων</em></strong></span> 
     </span>
     <span class='ocr_line' id='line_1_6' title="bbox 315 896 1536 985; baseline -0.001 -22"><span class='ocrx_word' id='word_1_29' title='bbox 315 905 371 973; x_wconf 78' lang='lat'>(35)</span> <span class='ocrx_word' id='word_1_30' title='bbox 390 900 512 982; x_wconf 78' lang='grc' dir='ltr'><strong><em>ἔσφαλε</em></strong></span> <span class='ocrx_word' id='word_1_31' title='bbox 529 896 627 982; x_wconf 85' lang='grc' dir='ltr'><strong><em>τέχνα</em></strong></span> <span class='ocrx_word' id='word_1_32' title='bbox 644 896 898 985; x_wconf 83' lang='grc' dir='ltr'><strong><em>καταμάρψαισ’.</em></strong></span> <span class='ocrx_word' id='word_1_33' title='bbox 931 904 999 964; x_wconf 85' lang='grc' dir='ltr'><strong><em>ίστε</em></strong></span> <span class='ocrx_word' id='word_1_34' title='bbox 1021 899 1088 983; x_wconf 82' lang='grc' dir='ltr'>μάν</span> <span class='ocrx_word' id='word_1_35' title='bbox 1106 905 1250 977; x_wconf 75' lang='grc' dir='ltr'><strong><em>Αἴαντος</em></strong></span> <span class='ocrx_word' id='word_1_36' title='bbox 1269 899 1384 983; x_wconf 78' lang='grc' dir='ltr'><strong><em>ἀλκάν,</em></strong></span> <span class='ocrx_word' id='word_1_37' title='bbox 1403 901 1536 984; x_wconf 86' lang='grc' dir='ltr'><strong><em>φοίνιον</em></strong></span> 
     </span>
     <span class='ocr_line' id='line_1_7' title="bbox 1165 1007 1330 1095; baseline 0.006 -23"><span class='ocrx_word' id='word_1_38' title='bbox 1165 1008 1226 1072; x_wconf 81' lang='grc' dir='ltr'>τάν</span> <span class='ocrx_word' id='word_1_39' title='bbox 1249 1007 1330 1095; x_wconf 92' lang='grc' dir='ltr'><strong><em>ὀψίᾳ</em></strong></span> 
     </span>
     <span class='ocr_line' id='line_1_8' title="bbox 396 1093 1587 1185; baseline -0.001 -24"><span class='ocrx_word' id='word_1_40' title='bbox 396 1095 433 1161; x_wconf 79' lang='grc' dir='ltr'>ἐν</span> <span class='ocrx_word' id='word_1_41' title='bbox 455 1093 551 1161; x_wconf 83' lang='grc' dir='ltr'><strong><em>νυκτὶ</em></strong></span> <span class='ocrx_word' id='word_1_42' title='bbox 574 1097 686 1181; x_wconf 84' lang='grc' dir='ltr'><strong><em>ταμὼν</em></strong></span> <span class='ocrx_word' id='word_1_43' title='bbox 708 1094 783 1181; x_wconf 80' lang='grc' dir='ltr'><strong><em>περὶ</em></strong></span> <span class='ocrx_word' id='word_1_44' title='bbox 805 1104 854 1185; x_wconf 74' lang='grc' dir='ltr'><strong><em>ίῷ</em></strong></span> <span class='ocrx_word' id='word_1_45' title='bbox 1552 1114 1587 1160; x_wconf 83' lang='lat' dir='ltr'>eo</span> 
     </span>
     <span class='ocr_line' id='line_1_9' title="bbox 448 1201 1533 1291; baseline 0.001 -24"><span class='ocrx_word' id='word_1_46' title='bbox 448 1202 608 1291; x_wconf 76' lang='grc' dir='ltr'><strong><em>φασγάνῳ</em></strong></span> <span class='ocrx_word' id='word_1_47' title='bbox 628 1204 765 1288; x_wconf 82' lang='grc' dir='ltr'><strong><em>μομφάν</em></strong></span> <span class='ocrx_word' id='word_1_48' title='bbox 782 1201 828 1287; x_wconf 82' lang='grc' dir='ltr'>ἔχ’</span> <span class='ocrx_word' id='word_1_49' title='bbox 850 1203 887 1269; x_wconf 83' lang='grc' dir='ltr'>ἐν</span> <span class='ocrx_word' id='word_1_50' title='bbox 904 1205 1079 1270; x_wconf 79' lang='grc' dir='ltr'><strong><em>παίδεσσιν</em></strong></span> <span class='ocrx_word' id='word_1_51' title='bbox 1097 1204 1273 1288; x_wconf 77' lang='grc' dir='ltr'><strong><em>Ἑλλάνων,</em></strong></span> <span class='ocrx_word' id='word_1_52' title='bbox 1292 1204 1365 1269; x_wconf 82' lang='grc' dir='ltr'><strong><em>ὅσοι</em></strong></span> <span class='ocrx_word' id='word_1_53' title='bbox 1385 1201 1533 1291; x_wconf 73' lang='grc' dir='ltr'><strong><em>Τρῴανδ’</em></strong></span> 
     </span>
    </p>
   </div>
   <div class='ocr_carea' id='block_1_3' title="bbox 1164 1314 1253 1395">
    <p class='ocr_par' dir='ltr' id='par_1_3' title="bbox 1164 1314 1253 1395">
     <span class='ocr_line' id='line_1_10' title="bbox 1164 1314 1253 1395; baseline -0.011 -18"><span class='ocrx_word' id='word_1_54' title='bbox 1164 1314 1253 1395; x_wconf 71' lang='grc' dir='ltr'><strong><em>ραι.</em></strong></span> 
     </span>
    </p>
   </div>
   <div class='ocr_carea' id='block_1_4' title="bbox 316 1525 1589 2041">
    <p class='ocr_par' dir='ltr' id='par_1_4' title="bbox 316 1525 1589 2041">
     <span class='ocr_line' id='line_1_11' title="bbox 1394 1525 1537 1611; baseline 0.007 -21"><span class='ocrx_word' id='word_1_55' title='bbox 1394 1530 1476 1611; x_wconf 90' lang='grc' dir='ltr'><strong><em>Στρ.</em></strong></span> <span class='ocrx_word' id='word_1_56' title='bbox 1494 1525 1537 1591; x_wconf 91' lang='grc' dir='ltr'>δ’.</span> 
     </span>
     <span class='ocr_line' id='line_1_12' title="bbox 329 1630 1378 1719; baseline 0.002 -22"><span class='ocrx_word' id='word_1_57' title='bbox 329 1648 363 1697; x_wconf 81' lang='lat'>55</span> <span class='ocrx_word' id='word_1_58' title='bbox 396 1630 468 1698; x_wconf 79' lang='grc' dir='ltr'><strong><em>ἀλλ’</em></strong></span> <span class='ocrx_word' id='word_1_59' title='bbox 486 1630 629 1718; x_wconf 84' lang='grc' dir='ltr'><strong><em>Ὅμηρός</em></strong></span> <span class='ocrx_word' id='word_1_60' title='bbox 651 1656 702 1698; x_wconf 92' lang='grc' dir='ltr'><strong><em>τοι</em></strong></span> <span class='ocrx_word' id='word_1_61' title='bbox 724 1636 896 1716; x_wconf 81' lang='grc' dir='ltr'><strong><em>τετίμακεν</em></strong></span> <span class='ocrx_word' id='word_1_62' title='bbox 918 1632 960 1698; x_wconf 92' lang='grc' dir='ltr'><strong><em>δι’</em></strong></span> <span class='ocrx_word' id='word_1_63' title='bbox 989 1633 1192 1719; x_wconf 79' lang='grc' dir='ltr'><strong><em>ἀνθρώπων,</em></strong></span> <span class='ocrx_word' id='word_1_64' title='bbox 1215 1632 1252 1711; x_wconf 84' lang='grc' dir='ltr'>ὃς</span> <span class='ocrx_word' id='word_1_65' title='bbox 1274 1632 1378 1699; x_wconf 84' lang='grc' dir='ltr'><strong><em>αὐτοῦ</em></strong></span> 
     </span>
     <span class='ocr_line' id='line_1_13' title="bbox 395 1739 1589 1826; baseline 0.002 -21"><span class='ocrx_word' id='word_1_66' title='bbox 395 1749 505 1807; x_wconf 85' lang='grc' dir='ltr'><strong><em>πᾶσαν</em></strong></span> <span class='ocrx_word' id='word_1_67' title='bbox 527 1739 696 1826; x_wconf 79' lang='grc' dir='ltr'><strong><em>ὀρθώσαις</em></strong></span> <span class='ocrx_word' id='word_1_68' title='bbox 719 1740 840 1826; x_wconf 81' lang='grc' dir='ltr'><strong><em>ἀρετάν</em></strong></span> <span class='ocrx_word' id='word_1_69' title='bbox 861 1742 944 1805; x_wconf 82' lang='grc' dir='ltr'><strong><em>κατὰ</em></strong></span> <span class='ocrx_word' id='word_1_70' title='bbox 967 1741 1093 1824; x_wconf 77' lang='grc' dir='ltr'><strong><em>ῥάβδον</em></strong></span> <span class='ocrx_word' id='word_1_71' title='bbox 1117 1743 1261 1826; x_wconf 83' lang='grc' dir='ltr'><strong><em>ἔφρασεν</em></strong></span> <span class='ocrx_word' id='word_1_72' title='bbox 1556 1758 1589 1807; x_wconf 77' lang='lat'>65</span> 
     </span>
     <span class='ocr_line' id='line_1_14' title="bbox 395 1844 1035 1932; baseline 0.002 -20"><span class='ocrx_word' id='word_1_73' title='bbox 395 1850 583 1913; x_wconf 79' lang='grc' dir='ltr'><strong><em>θεσπεσίων</em></strong></span> <span class='ocrx_word' id='word_1_74' title='bbox 606 1844 710 1913; x_wconf 82' lang='grc' dir='ltr'><strong><em>έπέων</em></strong></span> <span class='ocrx_word' id='word_1_75' title='bbox 734 1852 862 1924; x_wconf 77' lang='grc' dir='ltr'><strong><em>λοιποῖς</em></strong></span> <span class='ocrx_word' id='word_1_76' title='bbox 885 1845 1035 1932; x_wconf 83' lang='grc' dir='ltr'><strong><em>ἀθύρειν.</em></strong></span> 
     </span>
     <span class='ocr_line' id='line_1_15' title="bbox 316 1954 1060 2041; baseline 0 -20"><span class='ocrx_word' id='word_1_77' title='bbox 316 1965 372 2030; x_wconf 82' lang='grc'>(40)</span> <span class='ocrx_word' id='word_1_78' title='bbox 394 1963 493 2019; x_wconf 86' lang='grc' dir='ltr'><strong><em>τοῦτο</em></strong></span> <span class='ocrx_word' id='word_1_79' title='bbox 516 1956 579 2040; x_wconf 80' lang='grc' dir='ltr'>γάρ</span> <span class='ocrx_word' id='word_1_80' title='bbox 603 1954 775 2021; x_wconf 82' lang='grc' dir='ltr'><strong><em>ἀθάνατον</em></strong></span> <span class='ocrx_word' id='word_1_81' title='bbox 797 1964 933 2039; x_wconf 81' lang='grc' dir='ltr'><strong><em>φωνᾶεν</em></strong></span> <span class='ocrx_word' id='word_1_82' title='bbox 955 1954 1060 2041; x_wconf 83' lang='grc' dir='ltr'><strong><em>ἕρπει,</em></strong></span> 
     </span>
    </p>
   </div>
   <div class='ocr_carea' id='block_1_5' title="bbox 316 2154 528 2162">
    <p class='ocr_par' dir='ltr' id='par_1_5' title="bbox 316 2154 528 2162">
     <span class='ocr_line' id='line_1_16' title="bbox 316 2154 528 2162; baseline -0.005 0"><span class='ocrx_word' id='word_1_83' title='bbox 316 2154 528 2162; x_wconf 76' lang='lat'>——--</span> 
     </span>
    </p>
   </div>
   <div class='ocr_carea' id='block_1_6' title="bbox 316 2272 1591 2702">
    <p class='ocr_par' dir='ltr' id='par_1_6' title="bbox 316 2272 1591 2702">
     <span class='ocr_line' id='line_1_17' title="bbox 388 2272 1591 2345; baseline 0.001 -17"><span class='ocrx_word' id='word_1_84' title='bbox 388 2279 431 2328; x_wconf 82' lang='lat'>50.</span> <span class='ocrx_word' id='word_1_85' title='bbox 451 2273 540 2342; x_wconf 81' lang='grc' dir='ltr'><strong><em>άιιρον</em></strong></span> <span class='ocrx_word' id='word_1_86' title='bbox 554 2290 606 2328; x_wconf 90' lang='lat' dir='ltr'>om.</span> <span class='ocrx_word' id='word_1_87' title='bbox 621 2274 649 2329; x_wconf 92' lang='lat' dir='ltr'><em>B</em></span> <span class='ocrx_word' id='word_1_88' title='bbox 663 2306 698 2315; x_wconf 86' lang='lat'><em>-</em></span> <span class='ocrx_word' id='word_1_89' title='bbox 716 2280 758 2329; x_wconf 87' lang='lat'>51.</span> <span class='ocrx_word' id='word_1_90' title='bbox 778 2274 856 2328; x_wconf 81' lang='grc' dir='ltr'><strong><em>διδοῖ</em></strong></span> <span class='ocrx_word' id='word_1_91' title='bbox 867 2273 943 2337; x_wconf 82' lang='grc' dir='ltr'><strong><em>τέλος</em></strong></span> <span class='ocrx_word' id='word_1_92' title='bbox 957 2274 1026 2343; x_wconf 87' lang='lat' dir='ltr'>BD,</span> <span class='ocrx_word' id='word_1_93' title='bbox 1044 2272 1122 2338; x_wconf 86' lang='grc' dir='ltr'><strong><em>τέλος</em></strong></span> <span class='ocrx_word' id='word_1_94' title='bbox 1139 2274 1206 2330; x_wconf 90' lang='lat' dir='ltr'>eiec.</span> <span class='ocrx_word' id='word_1_95' title='bbox 1221 2274 1316 2343; x_wconf 85' lang='lat' dir='ltr'>Tricl.;</span> <span class='ocrx_word' id='word_1_96' title='bbox 1337 2277 1425 2330; x_wconf 81' lang='grc' dir='ltr'><strong><em>τῶνδε</em></strong></span> <span class='ocrx_word' id='word_1_97' title='bbox 1444 2274 1499 2345; x_wconf 75' lang='grc' dir='ltr'>γὰρ</span> <span class='ocrx_word' id='word_1_98' title='bbox 1518 2278 1591 2331; x_wconf 83' lang='grc' dir='ltr'><strong><em>διδοῖ</em></strong></span> 
     </span>
     <span class='ocr_line' id='line_1_18' title="bbox 316 2343 1589 2422; baseline 0.002 -22"><span class='ocrx_word' id='word_1_99' title='bbox 316 2344 392 2409; x_wconf 82' lang='grc' dir='ltr'><strong><em>τέλος</em></strong></span> <span class='ocrx_word' id='word_1_100' title='bbox 415 2346 457 2401; x_wconf 88' lang='lat' dir='ltr'>ed.</span> <span class='ocrx_word' id='word_1_101' title='bbox 478 2345 551 2401; x_wconf 79' lang='lat' dir='ltr'>Crat.</span> <span class='ocrx_word' id='word_1_102' title='bbox 572 2348 601 2400; x_wconf 87' lang='lat' dir='ltr'>et</span> <span class='ocrx_word' id='word_1_103' title='bbox 624 2345 738 2402; x_wconf 84' lang='lat' dir='ltr'>Schmid</span> <span class='ocrx_word' id='word_1_104' title='bbox 756 2376 790 2387; x_wconf 88' lang='grc'>-</span> <span class='ocrx_word' id='word_1_105' title='bbox 817 2350 860 2399; x_wconf 78' lang='grc'>63,</span> <span class='ocrx_word' id='word_1_106' title='bbox 886 2343 970 2415; x_wconf 76' lang='grc' dir='ltr'><strong><em>τέχνα</em></strong></span> <span class='ocrx_word' id='word_1_107' title='bbox 994 2347 1035 2401; x_wconf 86' lang='lat' dir='ltr'>D:</span> <span class='ocrx_word' id='word_1_108' title='bbox 1060 2345 1145 2422; x_wconf 74' lang='grc' dir='ltr'><strong><em>τέχνᾳ</em></strong></span> <span class='ocrx_word' id='word_1_109' title='bbox 1163 2349 1191 2403; x_wconf 90' lang='grc' dir='ltr'><strong><em>Β</em></strong></span> <span class='ocrx_word' id='word_1_110' title='bbox 1213 2378 1243 2387; x_wconf 83' lang='lat'><strong><em>-</em></strong></span> <span class='ocrx_word' id='word_1_111' title='bbox 1263 2346 1476 2417; x_wconf 80' lang='grc' dir='ltr'><strong><em>καταμάρψαισ’</em></strong></span> <span class='ocrx_word' id='word_1_112' title='bbox 1497 2348 1589 2403; x_wconf 84' lang='lat' dir='ltr'>codd:</span> 
     </span>
     <span class='ocr_line' id='line_1_19' title="bbox 317 2416 1590 2488; baseline 0.001 -16"><span class='ocrx_word' id='word_1_113' title='bbox 317 2420 503 2487; x_wconf 85' lang='grc' dir='ltr'><strong><em>παταμάρψαι</em></strong></span> <span class='ocrx_word' id='word_1_114' title='bbox 526 2434 560 2471; x_wconf 86' lang='lat' dir='ltr'>ex</span> <span class='ocrx_word' id='word_1_115' title='bbox 583 2416 697 2472; x_wconf 82' lang='lat' dir='ltr'><strong>scholiis</strong></span> <span class='ocrx_word' id='word_1_116' title='bbox 720 2418 875 2472; x_wconf 83' lang='lat' dir='ltr'>Mommsen</span> <span class='ocrx_word' id='word_1_117' title='bbox 898 2416 960 2474; x_wconf 76' lang='lat' dir='ltr'>coli</span> <span class='ocrx_word' id='word_1_118' title='bbox 979 2418 1010 2473; x_wconf 89' lang='lat' dir='ltr'>P.</span> <span class='ocrx_word' id='word_1_119' title='bbox 1028 2438 1056 2471; x_wconf 83' lang='grc' dir='ltr'>ιν</span> <span class='ocrx_word' id='word_1_120' title='bbox 1076 2436 1114 2473; x_wconf 80' lang='grc' dir='ltr'>ιιι</span> <span class='ocrx_word' id='word_1_121' title='bbox 1133 2450 1166 2459; x_wconf 83' lang='lat'><em>-</em></span> <span class='ocrx_word' id='word_1_122' title='bbox 1185 2418 1242 2488; x_wconf 80' lang='grc' dir='ltr'>μὰν</span> <span class='ocrx_word' id='word_1_123' title='bbox 1263 2419 1304 2474; x_wconf 89' lang='lat' dir='ltr'>B:</span> <span class='ocrx_word' id='word_1_124' title='bbox 1328 2419 1377 2473; x_wconf 79' lang='lat' dir='ltr'>acl</span> <span class='ocrx_word' id='word_1_125' title='bbox 1399 2419 1431 2472; x_wconf 91' lang='lat' dir='ltr'><em>D</em></span> <span class='ocrx_word' id='word_1_126' title='bbox 1448 2451 1483 2459; x_wconf 97' lang='lat'>—</span> <span class='ocrx_word' id='word_1_127' title='bbox 1502 2418 1590 2474; x_wconf 70' lang='lat' dir='ltr'>diaria</span> 
     </span>
     <span class='ocr_line' id='line_1_20' title="bbox 317 2485 1591 2570; baseline -0.001 -26"><span class='ocrx_word' id='word_1_128' title='bbox 317 2487 444 2559; x_wconf 87' lang='grc' dir='ltr'><strong><em>φοίνιον,</em></strong></span> <span class='ocrx_word' id='word_1_129' title='bbox 471 2487 524 2542; x_wconf 82' lang='grc' dir='ltr'>τὰν</span> <span class='ocrx_word' id='word_1_130' title='bbox 552 2485 622 2563; x_wconf 86' lang='grc' dir='ltr'><strong><em>ὀψίᾳ</em></strong></span> <span class='ocrx_word' id='word_1_131' title='bbox 649 2489 735 2559; x_wconf 90' lang='lat' dir='ltr'>vulgo</span> <span class='ocrx_word' id='word_1_132' title='bbox 758 2488 1023 2570; x_wconf 85' lang='lat' dir='ltr'>interpungebatur,</span> <span class='ocrx_word' id='word_1_133' title='bbox 1046 2488 1301 2561; x_wconf 74' lang='lat' dir='ltr'>interpunctionem</span> <span class='ocrx_word' id='word_1_134' title='bbox 1328 2489 1449 2544; x_wconf 89' lang='lat' dir='ltr'>correxit</span> <span class='ocrx_word' id='word_1_135' title='bbox 1476 2492 1591 2560; x_wconf 81' lang='lat' dir='ltr'>Madvig</span> 
     </span>
     <span class='ocr_line' id='line_1_21' title="bbox 317 2558 1589 2687; baseline 0.003 -73"><span class='ocrx_word' id='word_1_136' title='bbox 317 2560 467 2687; x_wconf 35' lang='lat' dir='ltr'>Advbcrit.</span> <span class='ocrx_word' id='word_1_137' title='bbox 478 2579 508 2687; x_wconf 60' lang='lat'>11)</span> <span class='ocrx_word' id='word_1_138' title='bbox 517 2574 555 2615; x_wconf 86' lang='lat' dir='ltr'>1as</span> <span class='ocrx_word' id='word_1_139' title='bbox 580 2590 616 2601; x_wconf 87' lang='lat'>—</span> <span class='ocrx_word' id='word_1_140' title='bbox 644 2564 686 2615; x_wconf 81' lang='lat'>54.</span> <span class='ocrx_word' id='word_1_141' title='bbox 715 2558 756 2632; x_wconf 71' lang='grc' dir='ltr'>ἔχ’</span> <span class='ocrx_word' id='word_1_142' title='bbox 784 2558 815 2614; x_wconf 77' lang='grc' dir='ltr'>ἐν</span> <span class='ocrx_word' id='word_1_143' title='bbox 843 2576 913 2615; x_wconf 83' lang='lat' dir='ltr'>conr.</span> <span class='ocrx_word' id='word_1_144' title='bbox 939 2559 1047 2630; x_wconf 70' lang='lat' dir='ltr'>Bergkz</span> <span class='ocrx_word' id='word_1_145' title='bbox 1077 2561 1133 2632; x_wconf 78' lang='grc' dir='ltr'><strong><em>ἔχει</em></strong></span> <span class='ocrx_word' id='word_1_146' title='bbox 1161 2562 1240 2617; x_wconf 91' lang='lat' dir='ltr'>codd.</span> <span class='ocrx_word' id='word_1_147' title='bbox 1267 2594 1301 2603; x_wconf 91' lang='lat'><em>-</em></span> <span class='ocrx_word' id='word_1_148' title='bbox 1327 2559 1479 2617; x_wconf 80' lang='grc' dir='ltr'><strong><em>παίδευσιν</em></strong></span> <span class='ocrx_word' id='word_1_149' title='bbox 1503 2564 1534 2617; x_wconf 92' lang='lat' dir='ltr'><em>D</em></span> <span class='ocrx_word' id='word_1_150' title='bbox 1558 2594 1589 2603; x_wconf 94' lang='lat'>—</span> 
     </span>
     <span class='ocr_line' id='line_1_22' title="bbox 317 2638 559 2702; baseline 0.004 -16"><span class='ocrx_word' id='word_1_151' title='bbox 317 2638 359 2687; x_wconf 76' lang='lat'>58.</span> <span class='ocrx_word' id='word_1_152' title='bbox 394 2652 461 2702; x_wconf 88' lang='grc' dir='ltr'><strong><em>ρποι</em></strong></span> <span class='ocrx_word' id='word_1_153' title='bbox 525 2662 559 2672; x_wconf 90' lang='lat'>-</span> 
     </span>
    </p>
   </div>
   <div class='ocr_carea' id='block_1_7' title="bbox 388 2842 1591 2917">
    <p class='ocr_par' dir='ltr' id='par_1_7' title="bbox 388 2842 1591 2917">
     <span class='ocr_line' id='line_1_23' title="bbox 388 2842 1591 2917; baseline 0.003 -18"><span class='ocrx_word' id='word_1_154' title='bbox 388 2851 431 2900; x_wconf 81' lang='lat'>49.</span> <span class='ocrx_word' id='word_1_155' title='bbox 451 2847 499 2901; x_wconf 80' lang='grc' dir='ltr'>καὶ</span> <span class='ocrx_word' id='word_1_156' title='bbox 517 2842 714 2915; x_wconf 77' lang='grc' dir='ltr'><strong><em>μαρναμένων</em></strong></span> <span class='ocrx_word' id='word_1_157' title='bbox 734 2849 767 2900; x_wconf 92' lang='lat' dir='ltr'>ut</span> <span class='ocrx_word' id='word_1_158' title='bbox 784 2847 886 2901; x_wconf 86' lang='lat' dir='ltr'>ceteris</span> <span class='ocrx_word' id='word_1_159' title='bbox 898 2845 929 2900; x_wconf 90' lang='lat' dir='ltr'>in</span> <span class='ocrx_word' id='word_1_160' title='bbox 942 2848 1034 2917; x_wconf 90' lang='lat' dir='ltr'>rebus,</span> <span class='ocrx_word' id='word_1_161' title='bbox 1053 2848 1093 2902; x_wconf 89' lang='lat' dir='ltr'>sic</span> <span class='ocrx_word' id='word_1_162' title='bbox 1108 2848 1195 2904; x_wconf 90' lang='lat' dir='ltr'>etiam</span> <span class='ocrx_word' id='word_1_163' title='bbox 1208 2848 1238 2901; x_wconf 90' lang='lat' dir='ltr'>in</span> <span class='ocrx_word' id='word_1_164' title='bbox 1252 2847 1454 2902; x_wconf 78' lang='lat' dir='ltr'>certaminibus</span> <span class='ocrx_word' id='word_1_165' title='bbox 1468 2847 1591 2903; x_wconf 88' lang='lat' dir='ltr'>incertus</span> 
     </span>
    </p>
   </div>
   <div class='ocr_carea' id='block_1_8' title="bbox 318 2917 1679 2988">
    <p class='ocr_par' dir='ltr' id='par_1_8' title="bbox 318 2917 1679 2988">
     <span class='ocr_line' id='line_1_24' title="bbox 318 2917 1679 2988; baseline 0.001 -16"><span class='ocrx_word' id='word_1_166' title='bbox 318 2917 409 2972; x_wconf 88' lang='lat' dir='ltr'>exitus</span> <span class='ocrx_word' id='word_1_167' title='bbox 424 2918 554 2972; x_wconf 74' lang='lat' dir='ltr'>fortunae</span> <span class='ocrx_word' id='word_1_168' title='bbox 574 2920 669 2972; x_wconf 90' lang='lat' dir='ltr'>est-</span> <span class='ocrx_word' id='word_1_169' title='bbox 689 2922 729 2971; x_wconf 89' lang='lat'>51.</span> <span class='ocrx_word' id='word_1_170' title='bbox 750 2927 805 2971; x_wconf 84' lang='grc' dir='ltr'>τῶν</span> <span class='ocrx_word' id='word_1_171' title='bbox 820 2962 825 2973; x_wconf 94' lang='grc'><strong><em>.</em></strong></span> <span class='ocrx_word' id='word_1_172' title='bbox 842 2962 847 2973; x_wconf 94' lang='grc'><em>.</em></span> <span class='ocrx_word' id='word_1_173' title='bbox 864 2963 870 2973; x_wconf 91' lang='grc'><strong>.</strong></span> <span class='ocrx_word' id='word_1_174' title='bbox 886 2920 972 2973; x_wconf 83' lang='grc' dir='ltr'><strong><em>διδοί-</em></strong></span> <span class='ocrx_word' id='word_1_175' title='bbox 991 2920 1075 2974; x_wconf 91' lang='lat' dir='ltr'>modo</span> <span class='ocrx_word' id='word_1_176' title='bbox 1094 2920 1291 2986; x_wconf 88' lang='lat' dir='ltr'>secundorum,</span> <span class='ocrx_word' id='word_1_177' title='bbox 1309 2920 1392 2974; x_wconf 89' lang='lat' dir='ltr'>modo</span> <span class='ocrx_word' id='word_1_178' title='bbox 1411 2920 1590 2975; x_wconf 87' lang='lat' dir='ltr'>adversorum</span> <span class='ocrx_word' id='word_1_179' title='bbox 1678 2975 1679 2988; x_wconf 68' lang='lat'>,</span> 
     </span>
    </p>
   </div>
   <div class='ocr_carea' id='block_1_9' title="bbox 317 2988 1591 3059">
    <p class='ocr_par' dir='ltr' id='par_1_9' title="bbox 317 2988 1591 3059">
     <span class='ocr_line' id='line_1_25' title="bbox 317 2988 1591 3059; baseline 0.002 -16"><span class='ocrx_word' id='word_1_180' title='bbox 317 2988 425 3058; x_wconf 90' lang='lat' dir='ltr'>aliquid</span> <span class='ocrx_word' id='word_1_181' title='bbox 446 2990 497 3044; x_wconf 89' lang='lat' dir='ltr'>dat</span> <span class='ocrx_word' id='word_1_182' title='bbox 515 2988 653 3058; x_wconf 86' lang='lat' dir='ltr'>Fortuna;</span> <span class='ocrx_word' id='word_1_183' title='bbox 673 2989 803 3043; x_wconf 89' lang='lat' dir='ltr'>videntur</span> <span class='ocrx_word' id='word_1_184' title='bbox 823 2989 1023 3059; x_wconf 83' lang='lat' dir='ltr'>Cleonymidae</span> <span class='ocrx_word' id='word_1_185' title='bbox 1043 2990 1172 3045; x_wconf 87' lang='lat' dir='ltr'>ludorum</span> <span class='ocrx_word' id='word_1_186' title='bbox 1193 3008 1335 3047; x_wconf 87' lang='lat' dir='ltr'>sacrorum</span> <span class='ocrx_word' id='word_1_187' title='bbox 1353 2990 1510 3046; x_wconf 87' lang='lat' dir='ltr'>certamina</span> <span class='ocrx_word' id='word_1_188' title='bbox 1529 2993 1591 3046; x_wconf 83' lang='lat' dir='ltr'>obe-</span> 
     </span>
    </p>
   </div>
   <div class='ocr_carea' id='block_1_10' title="bbox 318 3059 1679 3132">
    <p class='ocr_par' dir='ltr' id='par_1_10' title="bbox 318 3059 1679 3132">
     <span class='ocr_line' id='line_1_26' title="bbox 318 3059 1679 3132; baseline 0 -18"><span class='ocrx_word' id='word_1_189' title='bbox 318 3064 399 3116; x_wconf 86' lang='lat' dir='ltr'>untes</span> <span class='ocrx_word' id='word_1_190' title='bbox 416 3060 541 3132; x_wconf 83' lang='lat' dir='ltr'>palmam</span> <span class='ocrx_word' id='word_1_191' title='bbox 560 3060 609 3114; x_wconf 90' lang='lat' dir='ltr'>diu</span> <span class='ocrx_word' id='word_1_192' title='bbox 627 3077 683 3115; x_wconf 90' lang='lat' dir='ltr'>non</span> <span class='ocrx_word' id='word_1_193' title='bbox 702 3061 845 3115; x_wconf 78' lang='lat' dir='ltr'>consecuti</span> <span class='ocrx_word' id='word_1_194' title='bbox 864 3078 937 3129; x_wconf 89' lang='lat' dir='ltr'>esse,</span> <span class='ocrx_word' id='word_1_195' title='bbox 961 3062 1047 3131; x_wconf 90' lang='lat' dir='ltr'>idque</span> <span class='ocrx_word' id='word_1_196' title='bbox 1071 3061 1194 3117; x_wconf 91' lang='lat' dir='ltr'>iudicum</span> <span class='ocrx_word' id='word_1_197' title='bbox 1213 3062 1371 3132; x_wconf 88' lang='lat' dir='ltr'>iniquitate.</span> <span class='ocrx_word' id='word_1_198' title='bbox 1409 3062 1456 3116; x_wconf 86' lang='lat' dir='ltr'>Sic</span> <span class='ocrx_word' id='word_1_199' title='bbox 1475 3063 1590 3118; x_wconf 84' lang='lat' dir='ltr'>enimsi</span> <span class='ocrx_word' id='word_1_200' title='bbox 1678 3059 1679 3114; x_wconf 61' lang='lat' dir='ltr'>i</span> 
     </span>
    </p>
   </div>
   <div class='ocr_carea' id='block_1_11' title="bbox 317 3131 1593 4852">
    <p class='ocr_par' dir='ltr' id='par_1_11' title="bbox 317 3131 1593 4852">
     <span class='ocr_line' id='line_1_27' title="bbox 318 3131 1590 3205; baseline 0.002 -18"><span class='ocrx_word' id='word_1_201' title='bbox 318 3131 481 3201; x_wconf 73' lang='lat' dir='ltr'>statuimus,</span> <span class='ocrx_word' id='word_1_202' title='bbox 505 3131 604 3187; x_wconf 90' lang='lat' dir='ltr'>melius</span> <span class='ocrx_word' id='word_1_203' title='bbox 628 3149 677 3186; x_wconf 91' lang='lat' dir='ltr'>cur</span> <span class='ocrx_word' id='word_1_204' title='bbox 699 3132 825 3187; x_wconf 81' lang='lat' dir='ltr'>fabulam</span> <span class='ocrx_word' id='word_1_205' title='bbox 845 3132 880 3187; x_wconf 88' lang='lat' dir='ltr'>de</span> <span class='ocrx_word' id='word_1_206' title='bbox 898 3132 985 3188; x_wconf 81' lang='lat' dir='ltr'>Aiace</span> <span class='ocrx_word' id='word_1_207' title='bbox 1003 3132 1107 3203; x_wconf 87' lang='lat' dir='ltr'>iniquis</span> <span class='ocrx_word' id='word_1_208' title='bbox 1131 3134 1272 3204; x_wconf 83' lang='lat' dir='ltr'>suffragiis</span> <span class='ocrx_word' id='word_1_209' title='bbox 1295 3150 1429 3205; x_wconf 86' lang='lat' dir='ltr'>oppresso</span> <span class='ocrx_word' id='word_1_210' title='bbox 1447 3138 1533 3204; x_wconf 81' lang='lat' dir='ltr'>poeta</span> <span class='ocrx_word' id='word_1_211' title='bbox 1551 3136 1590 3189; x_wconf 90' lang='lat' dir='ltr'>in-</span> 
     </span>
     <span class='ocr_line' id='line_1_28' title="bbox 317 3202 1592 3277; baseline 0.002 -19"><span class='ocrx_word' id='word_1_212' title='bbox 317 3203 451 3271; x_wconf 79' lang='lat' dir='ltr'>texuerit,</span> <span class='ocrx_word' id='word_1_213' title='bbox 474 3202 701 3275; x_wconf 82' lang='lat' dir='ltr'>intellegitur-</span> <span class='ocrx_word' id='word_1_214' title='bbox 721 3209 763 3260; x_wconf 78' lang='lat'>52.</span> <span class='ocrx_word' id='word_1_215' title='bbox 783 3202 929 3276; x_wconf 75' lang='grc' dir='ltr'><strong><em>χειρόνων·</em></strong></span> <span class='ocrx_word' id='word_1_216' title='bbox 952 3204 1057 3276; x_wconf 81' lang='lat' dir='ltr'>plurali</span> <span class='ocrx_word' id='word_1_217' title='bbox 1079 3208 1144 3275; x_wconf 86' lang='lat' dir='ltr'>post</span> <span class='ocrx_word' id='word_1_218' title='bbox 1162 3205 1333 3275; x_wconf 73' lang='lat' dir='ltr'>singularem</span> <span class='ocrx_word' id='word_1_219' title='bbox 1352 3206 1491 3275; x_wconf 76' lang='grc' dir='ltr'><strong><em>κρέσσονα</em></strong></span> <span class='ocrx_word' id='word_1_220' title='bbox 1508 3212 1592 3277; x_wconf 85' lang='lat' dir='ltr'>poeta</span> 
     </span>
     <span class='ocr_line' id='line_1_29' title="bbox 318 3274 1591 3347; baseline 0.004 -19"><span class='ocrx_word' id='word_1_221' title='bbox 318 3292 384 3329; x_wconf 90' lang='lat' dir='ltr'>usus</span> <span class='ocrx_word' id='word_1_222' title='bbox 412 3277 470 3343; x_wconf 87' lang='lat' dir='ltr'>est,</span> <span class='ocrx_word' id='word_1_223' title='bbox 498 3274 574 3344; x_wconf 90' lang='lat' dir='ltr'>quod</span> <span class='ocrx_word' id='word_1_224' title='bbox 601 3275 661 3329; x_wconf 90' lang='lat' dir='ltr'>eius</span> <span class='ocrx_word' id='word_1_225' title='bbox 689 3276 777 3330; x_wconf 86' lang='lat' dir='ltr'>menti</span> <span class='ocrx_word' id='word_1_226' title='bbox 805 3276 870 3330; x_wconf 78' lang='lat' dir='ltr'>iam=</span> <span class='ocrx_word' id='word_1_227' title='bbox 890 3276 1093 3331; x_wconf 77' lang='lat' dir='ltr'>obversabatur</span> <span class='ocrx_word' id='word_1_228' title='bbox 1119 3276 1236 3347; x_wconf 88' lang='lat' dir='ltr'>pluralis</span> <span class='ocrx_word' id='word_1_229' title='bbox 1263 3279 1364 3341; x_wconf 76' lang='grc' dir='ltr'><strong><em>παῖδες</em></strong></span> <span class='ocrx_word' id='word_1_230' title='bbox 1387 3276 1532 3333; x_wconf 77' lang='grc' dir='ltr'><strong><em>Ἑλλάνων</em></strong></span> <span class='ocrx_word' id='word_1_231' title='bbox 1559 3312 1591 3319; x_wconf 97' lang='grc'>-</span> 
     </span>
     <span class='ocr_line' id='line_1_30' title="bbox 318 3343 1589 3420; baseline 0.004 -21"><span class='ocrx_word' id='word_1_232' title='bbox 318 3351 359 3400; x_wconf 81' lang='grc'>53.</span> <span class='ocrx_word' id='word_1_233' title='bbox 380 3343 494 3416; x_wconf 77' lang='grc' dir='ltr'><strong><em>φοίνιον</em></strong></span> <span class='ocrx_word' id='word_1_234' title='bbox 508 3363 572 3400; x_wconf 90' lang='lat' dir='ltr'>cum</span> <span class='ocrx_word' id='word_1_235' title='bbox 585 3346 705 3401; x_wconf 87' lang='lat' dir='ltr'>relativa</span> <span class='ocrx_word' id='word_1_236' title='bbox 719 3348 860 3401; x_wconf 88' lang='lat' dir='ltr'>sententia</span> <span class='ocrx_word' id='word_1_237' title='bbox 874 3347 1100 3418; x_wconf 81' lang='lat' dir='ltr'>coniungendam</span> <span class='ocrx_word' id='word_1_238' title='bbox 1114 3366 1175 3405; x_wconf 89' lang='lat' dir='ltr'>esse</span> <span class='ocrx_word' id='word_1_239' title='bbox 1189 3348 1331 3404; x_wconf 85' lang='lat' dir='ltr'>intellexit</span> <span class='ocrx_word' id='word_1_240' title='bbox 1344 3349 1507 3420; x_wconf 75' lang='lat' dir='ltr'>Madvigius</span> <span class='ocrx_word' id='word_1_241' title='bbox 1521 3351 1589 3404; x_wconf 80' lang='lat' dir='ltr'>Adv.</span> 
     </span>
     <span class='ocr_line' id='line_1_31' title="bbox 318 3415 1592 3493; baseline 0.003 -21"><span class='ocrx_word' id='word_1_242' title='bbox 318 3416 378 3473; x_wconf 88' lang='lat' dir='ltr'>crit.</span> <span class='ocrx_word' id='word_1_243' title='bbox 393 3438 404 3470; x_wconf 95' lang='lat'>1</span> <span class='ocrx_word' id='word_1_244' title='bbox 419 3434 457 3473; x_wconf 77' lang='lat'>188</span> <span class='ocrx_word' id='word_1_245' title='bbox 470 3450 506 3458; x_wconf 86' lang='lat'><em>-</em></span> <span class='ocrx_word' id='word_1_246' title='bbox 520 3415 591 3493; x_wconf 88' lang='grc' dir='ltr'><strong><em>ὀψίᾳ</em></strong></span> <span class='ocrx_word' id='word_1_247' title='bbox 606 3418 637 3474; x_wconf 79' lang='grc' dir='ltr'>ἐν</span> <span class='ocrx_word' id='word_1_248' title='bbox 651 3416 743 3473; x_wconf 86' lang='grc' dir='ltr'><strong><em>ννιιτί·</em></strong></span> <span class='ocrx_word' id='word_1_249' title='bbox 764 3418 864 3475; x_wconf 73' lang='lat' dir='ltr'>schot:</span> <span class='ocrx_word' id='word_1_250' title='bbox 882 3418 1049 3483; x_wconf 65' lang='lat' dir='ltr'>valedicto</span> <span class='ocrx_word' id='word_1_251' title='bbox 1068 3420 1176 3489; x_wconf 86' lang='grc' dir='ltr'><strong><em>δρθρον</em></strong></span> <span class='ocrx_word' id='word_1_252' title='bbox 1194 3422 1329 3475; x_wconf 76' lang='grc' dir='ltr'><strong><em>ἀκούοντι</em></strong></span> <span class='ocrx_word' id='word_1_253' title='bbox 1347 3420 1450 3475; x_wconf 77' lang='grc' dir='ltr'><strong><em>καὶτὰ</em></strong></span> <span class='ocrx_word' id='word_1_254' title='bbox 1468 3422 1528 3476; x_wconf 82' lang='grc' dir='ltr'><strong><em>ἀπὸ</em></strong></span> <span class='ocrx_word' id='word_1_255' title='bbox 1546 3431 1592 3492; x_wconf 75' lang='grc' dir='ltr'>τῆς</span> 
     </span>
     <span class='ocr_line' id='line_1_32' title="bbox 318 3488 1592 3564; baseline 0.003 -20"><span class='ocrx_word' id='word_1_256' title='bbox 318 3489 441 3557; x_wconf 77' lang='grc' dir='ltr'><strong><em>ἱστορίας</em></strong></span> <span class='ocrx_word' id='word_1_257' title='bbox 456 3488 583 3564; x_wconf 81' lang='grc' dir='ltr'><strong><em>συνᾴδει·</em></strong></span> <span class='ocrx_word' id='word_1_258' title='bbox 603 3489 618 3545; x_wconf 85' lang='grc' dir='ltr'><strong>ὁ</strong></span> <span class='ocrx_word' id='word_1_259' title='bbox 633 3490 686 3559; x_wconf 78' lang='grc' dir='ltr'>γὰρ</span> <span class='ocrx_word' id='word_1_260' title='bbox 700 3490 751 3560; x_wconf 81' lang='grc' dir='ltr'>τὴν</span> <span class='ocrx_word' id='word_1_261' title='bbox 765 3491 920 3545; x_wconf 80' lang='grc' dir='ltr'><strong><em>Αἰθιοπίδα</em></strong></span> <span class='ocrx_word' id='word_1_262' title='bbox 937 3491 1054 3562; x_wconf 78' lang='grc' dir='ltr'><strong><em>γράφων</em></strong></span> <span class='ocrx_word' id='word_1_263' title='bbox 1067 3494 1132 3560; x_wconf 77' lang='grc' dir='ltr'><strong><em>περὶ</em></strong></span> <span class='ocrx_word' id='word_1_264' title='bbox 1146 3493 1195 3547; x_wconf 89' lang='grc' dir='ltr'>τδν</span> <span class='ocrx_word' id='word_1_265' title='bbox 1209 3492 1318 3561; x_wconf 81' lang='grc' dir='ltr'><strong><em>ὄρθρον</em></strong></span> <span class='ocrx_word' id='word_1_266' title='bbox 1336 3494 1406 3562; x_wconf 79' lang='grc' dir='ltr'><strong><em>φησὶ</em></strong></span> <span class='ocrx_word' id='word_1_267' title='bbox 1422 3494 1473 3547; x_wconf 88' lang='grc' dir='ltr'>τὸν</span> <span class='ocrx_word' id='word_1_268' title='bbox 1488 3493 1592 3548; x_wconf 83' lang='grc' dir='ltr'><strong><em>Αίαντα</em></strong></span> 
     </span>
     <span class='ocr_line' id='line_1_33' title="bbox 319 3560 1591 3635; baseline 0.002 -19"><span class='ocrx_word' id='word_1_269' title='bbox 319 3560 420 3616; x_wconf 78' lang='grc' dir='ltr'><strong><em>ἑαυτὸν</em></strong></span> <span class='ocrx_word' id='word_1_270' title='bbox 438 3562 549 3616; x_wconf 79' lang='grc' dir='ltr'><strong><em>ἀνελεῖν</em></strong></span> <span class='ocrx_word' id='word_1_271' title='bbox 568 3592 601 3601; x_wconf 93' lang='lat'>-</span> <span class='ocrx_word' id='word_1_272' title='bbox 622 3568 663 3615; x_wconf 77' lang='lat'>54.</span> <span class='ocrx_word' id='word_1_273' title='bbox 690 3561 806 3632; x_wconf 83' lang='grc' dir='ltr'><strong><em>μομφὰν</em></strong></span> <span class='ocrx_word' id='word_1_274' title='bbox 825 3561 899 3632; x_wconf 81' lang='grc' dir='ltr'><strong><em>ἔχεν·</em></strong></span> <span class='ocrx_word' id='word_1_275' title='bbox 919 3561 949 3615; x_wconf 93' lang='lat' dir='ltr'>in</span> <span class='ocrx_word' id='word_1_276' title='bbox 967 3562 1086 3617; x_wconf 87' lang='lat' dir='ltr'>infamia</span> <span class='ocrx_word' id='word_1_277' title='bbox 1104 3567 1165 3619; x_wconf 87' lang='lat' dir='ltr'>erat</span> <span class='ocrx_word' id='word_1_278' title='bbox 1183 3564 1258 3635; x_wconf 89' lang='lat' dir='ltr'>apud</span> <span class='ocrx_word' id='word_1_279' title='bbox 1277 3580 1373 3618; x_wconf 89' lang='lat' dir='ltr'>omnes</span> <span class='ocrx_word' id='word_1_280' title='bbox 1388 3565 1512 3619; x_wconf 87' lang='lat' dir='ltr'>Graecos</span> <span class='ocrx_word' id='word_1_281' title='bbox 1528 3570 1591 3619; x_wconf 87' lang='lat' dir='ltr'>ante</span> 
     </span>
     <span class='ocr_line' id='line_1_34' title="bbox 319 3632 1590 3706; baseline 0.004 -21"><span class='ocrx_word' id='word_1_282' title='bbox 319 3632 444 3701; x_wconf 82' lang='lat' dir='ltr'>Troiam,</span> <span class='ocrx_word' id='word_1_283' title='bbox 464 3633 538 3701; x_wconf 91' lang='lat' dir='ltr'>quod</span> <span class='ocrx_word' id='word_1_284' title='bbox 557 3632 617 3701; x_wconf 90' lang='lat' dir='ltr'>ipse</span> <span class='ocrx_word' id='word_1_285' title='bbox 636 3635 754 3687; x_wconf 87' lang='lat' dir='ltr'>mortem</span> <span class='ocrx_word' id='word_1_286' title='bbox 772 3633 827 3687; x_wconf 90' lang='lat' dir='ltr'>sibi</span> <span class='ocrx_word' id='word_1_287' title='bbox 846 3634 1014 3689; x_wconf 83' lang='lat' dir='ltr'>consciverit</span> <span class='ocrx_word' id='word_1_288' title='bbox 1032 3639 1062 3689; x_wconf 88' lang='lat' dir='ltr'>et</span> <span class='ocrx_word' id='word_1_289' title='bbox 1079 3638 1173 3690; x_wconf 87' lang='lat' dir='ltr'>mente</span> <span class='ocrx_word' id='word_1_290' title='bbox 1195 3639 1294 3705; x_wconf 88' lang='lat' dir='ltr'>captus</span> <span class='ocrx_word' id='word_1_291' title='bbox 1318 3636 1421 3691; x_wconf 87' lang='lat' dir='ltr'>arietes</span> <span class='ocrx_word' id='word_1_292' title='bbox 1444 3654 1496 3706; x_wconf 92' lang='lat' dir='ltr'>pro</span> <span class='ocrx_word' id='word_1_293' title='bbox 1518 3637 1590 3706; x_wconf 89' lang='lat' dir='ltr'>prin-</span> 
     </span>
     <span class='ocr_line' id='line_1_35' title="bbox 319 3703 1592 3778; baseline 0.004 -21"><span class='ocrx_word' id='word_1_294' title='bbox 319 3704 428 3774; x_wconf 89' lang='lat' dir='ltr'>cipibus</span> <span class='ocrx_word' id='word_1_295' title='bbox 443 3703 611 3760; x_wconf 83' lang='lat' dir='ltr'>Graecorum</span> <span class='ocrx_word' id='word_1_296' title='bbox 625 3704 806 3770; x_wconf 73' lang='lat' dir='ltr'>mactaverit,</span> <span class='ocrx_word' id='word_1_297' title='bbox 826 3706 892 3759; x_wconf 91' lang='lat' dir='ltr'>huic</span> <span class='ocrx_word' id='word_1_298' title='bbox 909 3705 1044 3761; x_wconf 83' lang='lat' dir='ltr'>infamiae</span> <span class='ocrx_word' id='word_1_299' title='bbox 1059 3709 1209 3778; x_wconf 87' lang='lat' dir='ltr'>opponitur</span> <span class='ocrx_word' id='word_1_300' title='bbox 1223 3707 1319 3777; x_wconf 85' lang='lat' dir='ltr'>honos,</span> <span class='ocrx_word' id='word_1_301' title='bbox 1339 3725 1395 3777; x_wconf 91' lang='lat' dir='ltr'>quo</span> <span class='ocrx_word' id='word_1_302' title='bbox 1409 3707 1447 3761; x_wconf 90' lang='lat' dir='ltr'>ab</span> <span class='ocrx_word' id='word_1_303' title='bbox 1463 3708 1592 3776; x_wconf 88' lang='lat' dir='ltr'>Homero,</span> 
     </span>
     <span class='ocr_line' id='line_1_36' title="bbox 318 3774 1591 3849; baseline 0.004 -20"><span class='ocrx_word' id='word_1_304' title='bbox 318 3792 402 3845; x_wconf 90' lang='lat' dir='ltr'>quem</span> <span class='ocrx_word' id='word_1_305' title='bbox 420 3793 476 3830; x_wconf 90' lang='lat' dir='ltr'>non</span> <span class='ocrx_word' id='word_1_306' title='bbox 493 3775 583 3830; x_wconf 91' lang='lat' dir='ltr'>solum</span> <span class='ocrx_word' id='word_1_307' title='bbox 596 3774 695 3831; x_wconf 89' lang='lat' dir='ltr'>Iliadis</span> <span class='ocrx_word' id='word_1_308' title='bbox 710 3776 759 3830; x_wconf 90' lang='lat' dir='ltr'>sed</span> <span class='ocrx_word' id='word_1_309' title='bbox 774 3776 860 3830; x_wconf 90' lang='lat' dir='ltr'>etiam</span> <span class='ocrx_word' id='word_1_310' title='bbox 875 3777 1052 3849; x_wconf 78' lang='lat' dir='ltr'>Aethiopidis</span> <span class='ocrx_word' id='word_1_311' title='bbox 1067 3783 1209 3833; x_wconf 85' lang='lat' dir='ltr'>auctorem</span> <span class='ocrx_word' id='word_1_312' title='bbox 1223 3778 1310 3833; x_wconf 83' lang='lat' dir='ltr'>fuisse</span> <span class='ocrx_word' id='word_1_313' title='bbox 1324 3779 1463 3833; x_wconf 82' lang='lat' dir='ltr'>Pindarus</span> <span class='ocrx_word' id='word_1_314' title='bbox 1477 3778 1591 3849; x_wconf 88' lang='lat' dir='ltr'>eiusque</span> 
     </span>
     <span class='ocr_line' id='line_1_37' title="bbox 319 3846 1591 3921; baseline 0.002 -20"><span class='ocrx_word' id='word_1_315' title='bbox 319 3846 451 3916; x_wconf 88' lang='lat' dir='ltr'>aequales</span> <span class='ocrx_word' id='word_1_316' title='bbox 470 3847 630 3917; x_wconf 88' lang='lat' dir='ltr'>credebant,</span> <span class='ocrx_word' id='word_1_317' title='bbox 650 3847 767 3904; x_wconf 85' lang='lat' dir='ltr'>affectus</span> <span class='ocrx_word' id='word_1_318' title='bbox 786 3850 836 3902; x_wconf 89' lang='lat' dir='ltr'>est.</span> <span class='ocrx_word' id='word_1_319' title='bbox 874 3848 1006 3903; x_wconf 89' lang='lat' dir='ltr'>Patiendi</span> <span class='ocrx_word' id='word_1_320' title='bbox 1024 3853 1120 3905; x_wconf 88' lang='lat' dir='ltr'>autem</span> <span class='ocrx_word' id='word_1_321' title='bbox 1138 3850 1196 3903; x_wconf 92' lang='lat' dir='ltr'>vim</span> <span class='ocrx_word' id='word_1_322' title='bbox 1213 3850 1306 3905; x_wconf 90' lang='lat' dir='ltr'>verbis</span> <span class='ocrx_word' id='word_1_323' title='bbox 1325 3850 1431 3921; x_wconf 80' lang='grc' dir='ltr'><strong><em>μέμψιν</em></strong></span> <span class='ocrx_word' id='word_1_324' title='bbox 1450 3849 1527 3920; x_wconf 76' lang='grc' dir='ltr'><strong><em>ἔχειν</em></strong></span> <span class='ocrx_word' id='word_1_325' title='bbox 1545 3852 1591 3904; x_wconf 88' lang='lat' dir='ltr'>tri-</span> 
     </span>
     <span class='ocr_line' id='line_1_38' title="bbox 318 3918 1592 4010; baseline 0.004 -38"><span class='ocrx_word' id='word_1_326' title='bbox 318 3918 440 3973; x_wconf 90' lang='lat' dir='ltr'>buerunt</span> <span class='ocrx_word' id='word_1_327' title='bbox 464 3918 563 3988; x_wconf 87' lang='lat' dir='ltr'>etiam,</span> <span class='ocrx_word' id='word_1_328' title='bbox 589 3921 622 3973; x_wconf 91' lang='lat' dir='ltr'>ut</span> <span class='ocrx_word' id='word_1_329' title='bbox 647 3918 716 3975; x_wconf 89' lang='lat' dir='ltr'>scite</span> <span class='ocrx_word' id='word_1_330' title='bbox 734 3919 872 3990; x_wconf 84' lang='lat' dir='ltr'>Bergkius</span> <span class='ocrx_word' id='word_1_331' title='bbox 889 3920 1007 3991; x_wconf 88' lang='lat' dir='ltr'>monuit,</span> <span class='ocrx_word' id='word_1_332' title='bbox 1025 3921 1094 3975; x_wconf 87' lang='lat' dir='ltr'>Euri</span> <span class='ocrx_word' id='word_1_333' title='bbox 1114 3967 1120 3977; x_wconf 94' lang='lat'><em>.</em></span> <span class='ocrx_word' id='word_1_334' title='bbox 1140 3921 1249 3977; x_wconf 86' lang='lat' dir='ltr'>Heracl.</span> <span class='ocrx_word' id='word_1_335' title='bbox 1269 3938 1308 3977; x_wconf 77' lang='lat' dir='ltr'>ors</span> <span class='ocrx_word' id='word_1_336' title='bbox 1326 3922 1431 4010; x_wconf 65' lang='grc' dir='ltr'><strong><em>πολλὴν</em></strong></span> <span class='ocrx_word' id='word_1_337' title='bbox 1454 3921 1504 3991; x_wconf 79' lang='grc' dir='ltr'>ἄρ’</span> <span class='ocrx_word' id='word_1_338' title='bbox 1524 3921 1592 3988; x_wconf 71' lang='grc' dir='ltr'><strong><em>ἕξεις</em></strong></span> 
     </span>
     <span class='ocr_line' id='line_1_39' title="bbox 319 3942 1590 4064; baseline 0.002 -19"><span class='ocrx_word' id='word_1_339' title='bbox 319 3988 433 4060; x_wconf 76' lang='grc' dir='ltr'><strong><em>μέμψιν,</em></strong></span> <span class='ocrx_word' id='word_1_340' title='bbox 453 3990 479 4045; x_wconf 90' lang='grc' dir='ltr'>εί</span> <span class='ocrx_word' id='word_1_341' title='bbox 496 3988 609 4059; x_wconf 86' lang='grc' dir='ltr'><strong><em>δράσεις</em></strong></span> <span class='ocrx_word' id='word_1_342' title='bbox 622 3990 699 4059; x_wconf 84' lang='grc' dir='ltr'><strong><em>τάδε,</em></strong></span> <span class='ocrx_word' id='word_1_343' title='bbox 719 3993 748 4045; x_wconf 87' lang='lat' dir='ltr'>et</span> <span class='ocrx_word' id='word_1_344' title='bbox 763 3992 832 4045; x_wconf 84' lang='lat' dir='ltr'>Isae.</span> <span class='ocrx_word' id='word_1_345' title='bbox 847 4011 876 4044; x_wconf 82' lang='lat' dir='ltr'>xx</span> <span class='ocrx_word' id='word_1_346' title='bbox 890 4008 916 4047; x_wconf 82' lang='lat' dir='ltr'>sc</span> <span class='ocrx_word' id='word_1_347' title='bbox 935 3990 1048 4056; x_wconf 81' lang='grc' dir='ltr'><strong><em>εἰκότως</em></strong></span> <span class='ocrx_word' id='word_1_348' title='bbox 1070 3942 1122 4063; x_wconf 67' lang='lat' dir='ltr'>pii</span> <span class='ocrx_word' id='word_1_349' title='bbox 1144 3995 1195 4047; x_wconf 81' lang='grc' dir='ltr'>οία</span> <span class='ocrx_word' id='word_1_350' title='bbox 1214 3992 1251 4048; x_wconf 79' lang='grc' dir='ltr'>ἂν</span> <span class='ocrx_word' id='word_1_351' title='bbox 1270 3993 1360 4064; x_wconf 78' lang='grc' dir='ltr'><strong><em>ἔχοιμι</em></strong></span> <span class='ocrx_word' id='word_1_352' title='bbox 1377 4006 1494 4064; x_wconf 80' lang='grc' dir='ltr'><strong><em>μεμψιν,</em></strong></span> <span class='ocrx_word' id='word_1_353' title='bbox 1513 3995 1540 4047; x_wconf 84' lang='grc' dir='ltr'>εί</span> <span class='ocrx_word' id='word_1_354' title='bbox 1556 3995 1590 4063; x_wconf 77' lang='grc' dir='ltr'>μὴ</span> 
     </span>
     <span class='ocr_line' id='line_1_40' title="bbox 317 4059 1592 4132; baseline 0.003 -17"><span class='ocrx_word' id='word_1_355' title='bbox 317 4062 461 4132; x_wconf 79' lang='grc' dir='ltr'><strong><em>τάμαυτοῦ</em></strong></span> <span class='ocrx_word' id='word_1_356' title='bbox 479 4059 651 4132; x_wconf 82' lang='grc' dir='ltr'><strong><em>προστίθημι</em></strong></span> <span class='ocrx_word' id='word_1_357' title='bbox 668 4063 784 4130; x_wconf 76' lang='grc' dir='ltr'><strong><em>τούτοις,</em></strong></span> <span class='ocrx_word' id='word_1_358' title='bbox 804 4064 897 4129; x_wconf 79' lang='grc' dir='ltr'><strong><em>σώζων</em></strong></span> <span class='ocrx_word' id='word_1_359' title='bbox 911 4063 942 4118; x_wconf 77' lang='grc' dir='ltr'>δὲ</span> <span class='ocrx_word' id='word_1_360' title='bbox 959 4063 993 4118; x_wconf 87' lang='grc' dir='ltr'>τὰ</span> <span class='ocrx_word' id='word_1_361' title='bbox 1012 4065 1118 4120; x_wconf 81' lang='grc' dir='ltr'><strong><em>τούτων</em></strong></span> <span class='ocrx_word' id='word_1_362' title='bbox 1136 4066 1185 4118; x_wconf 84' lang='grc' dir='ltr'>παλ</span> <span class='ocrx_word' id='word_1_363' title='bbox 1202 4062 1287 4118; x_wconf 86' lang='grc' dir='ltr'><strong><em>πλείω</em></strong></span> <span class='ocrx_word' id='word_1_364' title='bbox 1305 4074 1404 4132; x_wconf 83' lang='grc' dir='ltr'><strong><em>ποιῶν,</em></strong></span> <span class='ocrx_word' id='word_1_365' title='bbox 1422 4062 1540 4129; x_wconf 73' lang='grc' dir='ltr'><strong><em>δικαίως</em></strong></span> <span class='ocrx_word' id='word_1_366' title='bbox 1557 4064 1592 4119; x_wconf 73' lang='lat' dir='ltr'>ris</span> 
     </span>
     <span class='ocr_line' id='line_1_41' title="bbox 319 4131 1591 4203; baseline 0.003 -17"><span class='ocrx_word' id='word_1_367' title='bbox 319 4131 494 4203; x_wconf 84' lang='grc' dir='ltr'><strong><em>ἐπαινοίμην,</em></strong></span> <span class='ocrx_word' id='word_1_368' title='bbox 514 4150 686 4202; x_wconf 87' lang='lat' dir='ltr'>quamquam</span> <span class='ocrx_word' id='word_1_369' title='bbox 704 4135 767 4191; x_wconf 84' lang='lat' dir='ltr'>Eur.</span> <span class='ocrx_word' id='word_1_370' title='bbox 785 4135 889 4189; x_wconf 90' lang='lat' dir='ltr'>Phoen.</span> <span class='ocrx_word' id='word_1_371' title='bbox 910 4152 948 4190; x_wconf 84' lang='lat' dir='ltr'>vva</span> <span class='ocrx_word' id='word_1_372' title='bbox 962 4138 992 4190; x_wconf 91' lang='lat' dir='ltr'>et</span> <span class='ocrx_word' id='word_1_373' title='bbox 1005 4136 1105 4191; x_wconf 84' lang='lat' dir='ltr'>Aesch.</span> <span class='ocrx_word' id='word_1_374' title='bbox 1119 4136 1210 4191; x_wconf 89' lang='lat' dir='ltr'>Prom.</span> <span class='ocrx_word' id='word_1_375' title='bbox 1224 4153 1264 4191; x_wconf 80' lang='grc' dir='ltr'>ιιι</span> <span class='ocrx_word' id='word_1_376' title='bbox 1278 4135 1371 4192; x_wconf 90' lang='lat' dir='ltr'>eidem</span> <span class='ocrx_word' id='word_1_377' title='bbox 1384 4134 1524 4191; x_wconf 90' lang='lat' dir='ltr'>locutioni</span> <span class='ocrx_word' id='word_1_378' title='bbox 1537 4138 1591 4190; x_wconf 81' lang='lat' dir='ltr'>vim</span> 
     </span>
     <span class='ocr_line' id='line_1_42' title="bbox 319 4204 1591 4281; baseline 0.005 -24"><span class='ocrx_word' id='word_1_379' title='bbox 319 4204 431 4258; x_wconf 89' lang='lat' dir='ltr'>crimini</span> <span class='ocrx_word' id='word_1_380' title='bbox 444 4204 509 4259; x_wconf 89' lang='lat' dir='ltr'>aliis</span> <span class='ocrx_word' id='word_1_381' title='bbox 522 4205 651 4260; x_wconf 81' lang='lat' dir='ltr'>vertendi</span> <span class='ocrx_word' id='word_1_382' title='bbox 666 4206 887 4277; x_wconf 86' lang='lat' dir='ltr'>adsignaverunt</span> <span class='ocrx_word' id='word_1_383' title='bbox 901 4240 934 4248; x_wconf 93' lang='lat'>-—</span> <span class='ocrx_word' id='word_1_384' title='bbox 950 4213 992 4262; x_wconf 78' lang='lat' dir='ltr'>tt.</span> <span class='ocrx_word' id='word_1_385' title='bbox 1011 4208 1096 4278; x_wconf 90' lang='lat' dir='ltr'>iunge</span> <span class='ocrx_word' id='word_1_386' title='bbox 1114 4206 1187 4262; x_wconf 79' lang='grc' dir='ltr'><strong><em>κατὰ</em></strong></span> <span class='ocrx_word' id='word_1_387' title='bbox 1200 4204 1308 4281; x_wconf 73' lang='grc' dir='ltr'><strong><em>ὁάβδον</em></strong></span> <span class='ocrx_word' id='word_1_388' title='bbox 1322 4209 1483 4263; x_wconf 85' lang='grc' dir='ltr'><strong><em>θεσπεσίων</em></strong></span> <span class='ocrx_word' id='word_1_389' title='bbox 1497 4208 1591 4277; x_wconf 76' lang='grc' dir='ltr'><strong><em>ἐπέων,</em></strong></span> 
     </span>
     <span class='ocr_line' id='line_1_43' title="bbox 320 4276 1591 4347; baseline 0.002 -17"><span class='ocrx_word' id='word_1_390' title='bbox 320 4276 356 4330; x_wconf 91' lang='lat' dir='ltr'>ad</span> <span class='ocrx_word' id='word_1_391' title='bbox 376 4279 516 4347; x_wconf 89' lang='lat' dir='ltr'>sceptrum</span> <span class='ocrx_word' id='word_1_392' title='bbox 542 4276 700 4331; x_wconf 90' lang='lat' dir='ltr'>divinorum</span> <span class='ocrx_word' id='word_1_393' title='bbox 719 4277 879 4343; x_wconf 87' lang='lat' dir='ltr'>verborum,</span> <span class='ocrx_word' id='word_1_394' title='bbox 902 4279 921 4333; x_wconf 92' lang='lat' dir='ltr'>i.</span> <span class='ocrx_word' id='word_1_395' title='bbox 941 4296 964 4333; x_wconf 90' lang='lat' dir='ltr'>e.</span> <span class='ocrx_word' id='word_1_396' title='bbox 984 4280 1059 4347; x_wconf 89' lang='lat' dir='ltr'>quod</span> <span class='ocrx_word' id='word_1_397' title='bbox 1078 4278 1236 4333; x_wconf 87' lang='lat' dir='ltr'>divinarum</span> <span class='ocrx_word' id='word_1_398' title='bbox 1256 4278 1417 4334; x_wconf 82' lang='lat' dir='ltr'>fabularum</span> <span class='ocrx_word' id='word_1_399' title='bbox 1435 4284 1591 4335; x_wconf 84' lang='lat' dir='ltr'>narratores</span> 
     </span>
     <span class='ocr_line' id='line_1_44' title="bbox 318 4345 1592 4433; baseline 0.004 -33"><span class='ocrx_word' id='word_1_400' title='bbox 318 4364 404 4400; x_wconf 85' lang='lat' dir='ltr'>manu</span> <span class='ocrx_word' id='word_1_401' title='bbox 422 4348 569 4415; x_wconf 79' lang='lat' dir='ltr'>tenebant3</span> <span class='ocrx_word' id='word_1_402' title='bbox 590 4348 694 4402; x_wconf 84' lang='lat' dir='ltr'>etenim</span> <span class='ocrx_word' id='word_1_403' title='bbox 709 4348 723 4401; x_wconf 86' lang='grc' dir='ltr'>ὁ</span> <span class='ocrx_word' id='word_1_404' title='bbox 738 4348 810 4403; x_wconf 81' lang='grc' dir='ltr'><strong><em>κατὰ</em></strong></span> <span class='ocrx_word' id='word_1_405' title='bbox 825 4345 932 4419; x_wconf 73' lang='grc' dir='ltr'><strong><em>ῥάβδον</em></strong></span> <span class='ocrx_word' id='word_1_406' title='bbox 946 4350 1061 4419; x_wconf 80' lang='grc' dir='ltr'><strong><em>φράζων</em></strong></span> <span class='ocrx_word' id='word_1_407' title='bbox 1079 4350 1225 4423; x_wconf 88' lang='lat' dir='ltr'>oppositus</span> <span class='ocrx_word' id='word_1_408' title='bbox 1243 4354 1287 4405; x_wconf 87' lang='lat' dir='ltr'>est</span> <span class='ocrx_word' id='word_1_409' title='bbox 1303 4356 1341 4424; x_wconf 79' lang='grc' dir='ltr'>τῷ</span> <span class='ocrx_word' id='word_1_410' title='bbox 1361 4349 1433 4405; x_wconf 81' lang='grc' dir='ltr'><strong><em>κατὰ</em></strong></span> <span class='ocrx_word' id='word_1_411' title='bbox 1453 4350 1592 4433; x_wconf 73' lang='grc' dir='ltr'><strong><em>φόρμιγγα</em></strong></span> 
     </span>
     <span class='ocr_line' id='line_1_45' title="bbox 319 4416 1592 4493; baseline 0.003 -22"><span class='ocrx_word' id='word_1_412' title='bbox 319 4416 451 4473; x_wconf 82' lang='grc' dir='ltr'><strong><em>ἀείδοντι.</em></strong></span> <span class='ocrx_word' id='word_1_413' title='bbox 488 4418 560 4472; x_wconf 84' lang='lat' dir='ltr'>Exin</span> <span class='ocrx_word' id='word_1_414' title='bbox 585 4424 693 4483; x_wconf 80' lang='grc' dir='ltr'><strong><em>λοιποῖς</em></strong></span> <span class='ocrx_word' id='word_1_415' title='bbox 711 4420 833 4488; x_wconf 80' lang='grc' dir='ltr'><strong><em>ἀθύρειν</em></strong></span> <span class='ocrx_word' id='word_1_416' title='bbox 852 4421 888 4475; x_wconf 87' lang='lat' dir='ltr'>ab</span> <span class='ocrx_word' id='word_1_417' title='bbox 908 4420 1031 4489; x_wconf 84' lang='grc' dir='ltr'><strong><em>ἔφρασεν</em></strong></span> <span class='ocrx_word' id='word_1_418' title='bbox 1049 4424 1165 4491; x_wconf 90' lang='lat' dir='ltr'>pendet,</span> <span class='ocrx_word' id='word_1_419' title='bbox 1189 4425 1221 4476; x_wconf 90' lang='lat' dir='ltr'>ut</span> <span class='ocrx_word' id='word_1_420' title='bbox 1244 4439 1329 4493; x_wconf 88' lang='lat' dir='ltr'>supra</span> <span class='ocrx_word' id='word_1_421' title='bbox 1347 4440 1373 4476; x_wconf 87' lang='lat' dir='ltr'>v.</span> <span class='ocrx_word' id='word_1_422' title='bbox 1393 4439 1420 4476; x_wconf 91' lang='lat'>10</span> <span class='ocrx_word' id='word_1_423' title='bbox 1438 4421 1592 4478; x_wconf 82' lang='lat' dir='ltr'>iniimtivus</span> 
     </span>
     <span class='ocr_line' id='line_1_46' title="bbox 318 4489 1591 4583; baseline 0.005 -41"><span class='ocrx_word' id='word_1_424' title='bbox 318 4489 421 4558; x_wconf 84' lang='grc' dir='ltr'><strong><em>τρέψαι</em></strong></span> <span class='ocrx_word' id='word_1_425' title='bbox 439 4506 457 4542; x_wconf 86' lang='lat' dir='ltr'>a</span> <span class='ocrx_word' id='word_1_426' title='bbox 475 4490 587 4545; x_wconf 89' lang='lat' dir='ltr'>nomine</span> <span class='ocrx_word' id='word_1_427' title='bbox 606 4500 702 4562; x_wconf 73' lang='grc' dir='ltr'><strong><em>μοῖραι</em></strong></span> <span class='ocrx_word' id='word_1_428' title='bbox 721 4490 858 4546; x_wconf 89' lang='lat' dir='ltr'>Homerus</span> <span class='ocrx_word' id='word_1_429' title='bbox 876 4492 978 4545; x_wconf 83' lang='lat' dir='ltr'>futuris</span> <span class='ocrx_word' id='word_1_430' title='bbox 997 4493 1145 4565; x_wconf 89' lang='lat' dir='ltr'>rhapsodis</span> <span class='ocrx_word' id='word_1_431' title='bbox 1159 4493 1270 4565; x_wconf 87' lang='lat' dir='ltr'>praeiit,</span> <span class='ocrx_word' id='word_1_432' title='bbox 1285 4497 1318 4547; x_wconf 90' lang='lat' dir='ltr'>ut</span> <span class='ocrx_word' id='word_1_433' title='bbox 1335 4492 1399 4547; x_wconf 93' lang='lat' dir='ltr'>lusu</span> <span class='ocrx_word' id='word_1_434' title='bbox 1409 4494 1527 4583; x_wconf 76' lang='lat' dir='ltr'>poetico</span> <span class='ocrx_word' id='word_1_435' title='bbox 1541 4496 1591 4548; x_wconf 82' lang='lat' dir='ltr'>vir·</span> 
     </span>
     <span class='ocr_line' id='line_1_47' title="bbox 318 4560 1591 4637; baseline 0.005 -23"><span class='ocrx_word' id='word_1_436' title='bbox 318 4563 392 4614; x_wconf 88' lang='lat' dir='ltr'>tutes</span> <span class='ocrx_word' id='word_1_437' title='bbox 412 4560 507 4615; x_wconf 84' lang='lat' dir='ltr'>Aiacis</span> <span class='ocrx_word' id='word_1_438' title='bbox 526 4566 666 4618; x_wconf 86' lang='lat' dir='ltr'>canerent.</span> <span class='ocrx_word' id='word_1_439' title='bbox 694 4562 748 4617; x_wconf 88' lang='lat' dir='ltr'>Vix</span> <span class='ocrx_word' id='word_1_440' title='bbox 768 4561 843 4617; x_wconf 90' lang='lat' dir='ltr'>enim</span> <span class='ocrx_word' id='word_1_441' title='bbox 861 4563 902 4618; x_wconf 92' lang='lat' dir='ltr'>ita</span> <span class='ocrx_word' id='word_1_442' title='bbox 919 4564 1007 4618; x_wconf 90' lang='lat' dir='ltr'>verba</span> <span class='ocrx_word' id='word_1_443' title='bbox 1020 4565 1139 4620; x_wconf 89' lang='lat' dir='ltr'>traicere</span> <span class='ocrx_word' id='word_1_444' title='bbox 1153 4566 1229 4634; x_wconf 89' lang='lat' dir='ltr'>licet,</span> <span class='ocrx_word' id='word_1_445' title='bbox 1248 4568 1280 4619; x_wconf 91' lang='lat' dir='ltr'>ut</span> <span class='ocrx_word' id='word_1_446' title='bbox 1293 4564 1366 4619; x_wconf 82' lang='grc' dir='ltr'><strong><em>πατὰ</em></strong></span> <span class='ocrx_word' id='word_1_447' title='bbox 1381 4561 1491 4637; x_wconf 68' lang='lat' dir='ltr'>daddus</span> <span class='ocrx_word' id='word_1_448' title='bbox 1510 4584 1528 4620; x_wconf 93' lang='lat' dir='ltr'>a</span> <span class='ocrx_word' id='word_1_449' title='bbox 1546 4584 1591 4621; x_wconf 91' lang='lat' dir='ltr'>suc</span> 
     </span>
     <span class='ocr_line' id='line_1_48' title="bbox 317 4632 1593 4707; baseline 0.005 -22"><span class='ocrx_word' id='word_1_450' title='bbox 317 4632 404 4686; x_wconf 90' lang='lat' dir='ltr'>verbo</span> <span class='ocrx_word' id='word_1_451' title='bbox 424 4632 546 4702; x_wconf 77' lang='grc' dir='ltr'><strong><em>ἔφρασεν</em></strong></span> <span class='ocrx_word' id='word_1_452' title='bbox 565 4634 731 4689; x_wconf 89' lang='lat' dir='ltr'>divellamus</span> <span class='ocrx_word' id='word_1_453' title='bbox 751 4636 780 4688; x_wconf 86' lang='lat' dir='ltr'>et</span> <span class='ocrx_word' id='word_1_454' title='bbox 798 4652 862 4688; x_wconf 88' lang='lat' dir='ltr'>cum</span> <span class='ocrx_word' id='word_1_455' title='bbox 879 4638 986 4691; x_wconf 88' lang='lat' dir='ltr'>remoto</span> <span class='ocrx_word' id='word_1_456' title='bbox 999 4637 1085 4692; x_wconf 90' lang='lat' dir='ltr'>verbo</span> <span class='ocrx_word' id='word_1_457' title='bbox 1099 4637 1222 4703; x_wconf 78' lang='grc' dir='ltr'><strong><em>ἀθύρειν</em></strong></span> <span class='ocrx_word' id='word_1_458' title='bbox 1235 4637 1446 4707; x_wconf 88' lang='lat' dir='ltr'>coniungamus.</span> <span class='ocrx_word' id='word_1_459' title='bbox 1476 4637 1593 4693; x_wconf 84' lang='lat' dir='ltr'>Videtur</span> 
     </span>
     <span class='ocr_line' id='line_1_49' title="bbox 318 4702 1593 4781; baseline 0.005 -25"><span class='ocrx_word' id='word_1_460' title='bbox 318 4702 328 4756; x_wconf 96' lang='lat' dir='ltr'>i</span> <span class='ocrx_word' id='word_1_461' title='bbox 351 4703 406 4757; x_wconf 88' lang='lat' dir='ltr'>&#39;tur</span> <span class='ocrx_word' id='word_1_462' title='bbox 428 4704 566 4759; x_wconf 89' lang='lat' dir='ltr'>Pindarus</span> <span class='ocrx_word' id='word_1_463' title='bbox 591 4705 644 4760; x_wconf 91' lang='lat' dir='ltr'>hoc</span> <span class='ocrx_word' id='word_1_464' title='bbox 669 4706 730 4759; x_wconf 90' lang='lat' dir='ltr'>loco</span> <span class='ocrx_word' id='word_1_465' title='bbox 758 4709 897 4777; x_wconf 89' lang='lat' dir='ltr'>sceptrum</span> <span class='ocrx_word' id='word_1_466' title='bbox 919 4703 1059 4781; x_wconf 73' lang='grc' dir='ltr'><strong><em>(ράβδον),</em></strong></span> <span class='ocrx_word' id='word_1_467' title='bbox 1083 4708 1159 4778; x_wconf 91' lang='lat' dir='ltr'>quod</span> <span class='ocrx_word' id='word_1_468' title='bbox 1181 4709 1320 4763; x_wconf 89' lang='lat' dir='ltr'>Hesiodus</span> <span class='ocrx_word' id='word_1_469' title='bbox 1345 4722 1379 4774; x_wconf 75' lang='lat' dir='ltr'>(v.</span> <span class='ocrx_word' id='word_1_470' title='bbox 1395 4708 1492 4779; x_wconf 88' lang='lat' dir='ltr'>theog.</span> <span class='ocrx_word' id='word_1_471' title='bbox 1513 4713 1550 4779; x_wconf 80' lang='lat' dir='ltr'>ac)</span> <span class='ocrx_word' id='word_1_472' title='bbox 1567 4714 1593 4764; x_wconf 89' lang='lat' dir='ltr'>et</span> 
     </span>
     <span class='ocr_line' id='line_1_50' title="bbox 346 4774 1481 4852; baseline 0.004 -24"><span class='ocrx_word' id='word_1_473' title='bbox 346 4774 487 4830; x_wconf 89' lang='lat' dir='ltr'>omeridae</span> <span class='ocrx_word' id='word_1_474' title='bbox 506 4778 650 4847; x_wconf 84' lang='lat' dir='ltr'>gerebant,</span> <span class='ocrx_word' id='word_1_475' title='bbox 669 4776 726 4831; x_wconf 89' lang='lat' dir='ltr'>iam</span> <span class='ocrx_word' id='word_1_476' title='bbox 745 4777 874 4847; x_wconf 89' lang='lat' dir='ltr'>Homer0,</span> <span class='ocrx_word' id='word_1_477' title='bbox 892 4781 1004 4849; x_wconf 88' lang='lat' dir='ltr'>parenti</span> <span class='ocrx_word' id='word_1_478' title='bbox 1023 4781 1120 4852; x_wconf 89' lang='lat' dir='ltr'>epicae</span> <span class='ocrx_word' id='word_1_479' title='bbox 1137 4780 1243 4852; x_wconf 87' lang='lat' dir='ltr'>poesis,</span> <span class='ocrx_word' id='word_1_480' title='bbox 1263 4778 1428 4834; x_wconf 87' lang='lat' dir='ltr'>attribuisse</span> <span class='ocrx_word' id='word_1_481' title='bbox 1446 4813 1481 4821; x_wconf 90' lang='lat'>-</span> 
     </span>
    </p>
   </div>
   <div class='ocr_carea' id='block_1_12' title="bbox 0 0 1720 5434">
    <p class='ocr_par' dir='ltr' id='par_1_12' title="bbox 0 0 1720 5434">
     <span class='ocr_line' id='line_1_51' title="bbox 0 0 1720 5434; baseline 0 0"><span class='ocrx_word' id='word_1_482' title='bbox 0 0 1720 5434; x_wconf 95' lang='lat' dir='ltr'> </span> 
     </span>
    </p>
   </div>
  </div>
 </body>
</html>
