3417 5434
444 323 477 380 Il.
506 323 556 378 DE
573 325 668 379 ARTE
685 321 845 379 METRIGA
863 323 1020 379 PINDARI.
1288 318 1376 378 XLIX

90 508 154 553 csse
182 493 325 554 statuas.
372 489 480 574 Atque
502 489 585 556 haec
609 489 770 554 sententia
793 510 990 576 magnopere
1013 489 1139 573 placuit
1162 487 1378 573 Westphulio,

90 597 140 680 qui
163 595 290 662 multus
311 597 377 662 fuit
395 599 431 662 in
448 597 611 683 rhythmis
629 596 833 683 longioribus
854 597 895 661 ad
912 597 1084 680 primarias
1102 598 1247 660 rationes
1266 594 1379 681 rhyth-

91 704 185 768 micas
218 705 425 770 revocandis.
483 704 597 789 Neque
629 725 690 790 ego
723 704 937 790 intercedam,
969 703 997 768 01
1030 703 1104 788 quis
1136 703 1216 768 haec
1245 703 1380 768 subtilia

92 809 276 876 discrimina
306 811 434 878 ictuum
460 811 559 876 ctiam
584 811 759 896 deperditis
784 810 917 876 musicis
941 811 1047 876 modis
1069 811 1379 896 percussionumque

92 917 188 1004 signis
216 919 359 983 auribus
386 918 551 1004 percipere
578 918 709 1004 poterit.
756 917 818 983 Sed
849 923 888 983 ut
911 918 998 1003 quod
1020 919 1160 984 sentiam
1182 919 1284 983 libere
1308 939 1380 1002 pro-

92 1026 191 1110 fitear,
220 1047 358 1090 omnem
385 1027 483 1091 istam
511 1026 692 1090 doctrinam
721 1024 983 1110 rhythmicorum
1009 1026 1114 1111 magis
1139 1025 1304 1090 subtiliter
1327 1047 1379 1089 01-

93 1133 266 1218 ccgitatam
292 1138 393 1218 atque
416 1133 451 1198 in
473 1137 615 1218 systema
633 1132 798 1198 redactam
816 1154 914 1216 quam
932 1155 972 1196 ex
990 1155 1052 1197 usu
1073 1131 1271 1197 musicorum
1291 1153 1379 1216 repe

93 1241 181 1304 titam
213 1263 289 1306 esse
324 1246 413 1324 puto.
460 1240 593 1304 Etenim
625 1262 699 1304 cum
731 1239 797 1304 iam
829 1239 1024 1322 tetrapodici
1054 1239 1119 1304 eoli
1146 1244 1220 1303 utra
1247 1238 1378 1323 dipodia

94 1347 234 1430 graviore
258 1347 332 1414 ictu
355 1347 565 1431 percutienda
589 1347 633 1410 sit
653 1369 769 1432 parum
793 1351 936 1430 constet,
959 1346 1039 1430 quin
1062 1346 1161 1411 etiam
1181 1345 1304 1411 fuerint
1321 1346 1378 1430 qui

94 1455 295 1538 ‹lipodiarum
314 1454 475 1520 iambioae
495 1458 528 1519 et
545 1453 671 1519 ionicae
691 1454 826 1518 alteram
845 1453 978 1539 longam
996 1451 1107 1538 potius
1125 1475 1221 1537 quam
1235 1453 1378 1538 priorem

95 1562 155 1625 ictu
186 1566 401 1646 percuterent
412 1559 452 1646 ¹),
489 1583 553 1646 quo
586 1560 717 1626 tandem
748 1559 870 1624 indicio
902 1560 939 1623 in
970 1560 1098 1624 senario
1131 1561 1202 1626 colo
1234 1560 1377 1625 iambico

94 1669 265 1733 diiudicare
287 1669 438 1754 audebis,
456 1668 622 1752 primaene
640 1666 789 1752 dipodiae
807 1689 850 1730 an
871 1666 1029 1731 secundae
1048 1689 1091 1730 an
1109 1667 1246 1751 denique
1260 1666 1378 1732 tertiae

96 1775 172 1839 ictus
196 1776 317 1841 ceteris
340 1774 579 1860 praevaluerit?
617 1772 687 1849 Qua
710 1773 748 1838 de
772 1796 871 1839 causa
894 1773 1043 1857 equidem
1061 1773 1152 1838 11100
1172 1773 1377 1858 acquiescere

98 1882 188 1967 malo,
211 1885 250 1946 ut
275 1881 399 1965 duplici
422 1882 487 1946 ista
506 1881 675 1946 notatione
694 1881 802 1964 plures
822 1880 970 1965 dipodias
988 1880 1024 1943 111
1042 1902 1143 1944 unum
1162 1881 1269 1944 colum
1288 1901 1377 1946 com-

96 1989 336 2072 prehendendas
355 2011 426 2054 esse
446 1987 640 2074 significem,
662 1988 743 2052 fines
763 1991 872 2052 autem
892 1987 1112 2051 membrorum
1130 2009 1198 2052 non
1215 1993 1283 2052 tam
1302 1987 1379 2051 arti-

98 2095 201 2160 ficiosa
226 2096 297 2160 ista
325 2094 535 2160 distinctione
562 2095 687 2160 ictuum
716 2117 813 2178 quam
840 2095 930 2160 vocis
959 2094 1182 2178 modulatione
1206 2100 1239 2158 01
1262 2116 1376 2159 cursus

98 2203 313 2268 retardatione
337 2202 487 2267 definitos
511 2225 581 2267 0000
605 2202 796 2266 existimem.

179 2307 231 2373 De
266 2309 454 2394 tripudiis
492 2309 661 2394 dipodiis
698 2309 898 2373 immixtis.
954 2308 1173 2373 Gravissimos
1207 2309 1377 2394 scrupulos

100 2416 184 2480 uobis
216 2423 327 2481 metra
359 2418 399 2482 ad
430 2438 639 2482 numerorum
672 2415 758 2481 11000
790 2416 1018 2480 revocantibus
1046 2415 1208 2499 tripediae
1236 2420 1377 2481 movent.
1439 2485 1446 2494 ,

103 2521 140 2586 11
157 2523 242 2588 enim
261 2525 299 2588 111
318 2524 520 2608 simplicibus
539 2525 674 2609 pedibus
693 2524 803 2608 aequis
817 2523 998 2588 intervallis
1013 2523 1150 2588 elevatio
1165 2528 1198 2588 et
1212 2523 1376 2608 depressio

101 2630 179 2694 vocis
201 2631 354 2714 redeunt,
378 2631 424 2696 010
447 2631 483 2695 in
505 2631 695 2716 compositis
720 2652 847 2714 quoque
871 2630 1007 2715 pedibus
1031 2629 1115 2695 ratio
1140 2635 1237 2714 atque
1258 2635 1377 2696 natura

102 2736 234 2820 rhythmi
260 2738 410 2824 flagitare
433 2738 577 2824 videtur,
597 2743 634 2802 ut
658 2738 822 2825 graviores
847 2759 928 2821 quos
953 2737 1048 2802 modo
1068 2737 1271 2802 definivimus
1290 2737 1376 2802 ictus

102 2843 222 2926 paribus
246 2844 430 2910 intervallis
453 2845 539 2910 inter
562 2867 596 2910 00
619 2844 750 2911 distent.
786 2846 896 2929 Atque
915 2845 1011 2929 plane
1029 2844 1092 2909 hoc
1110 2844 1150 2908 fit
1167 2844 1203 2908 in
1221 2844 1377 2928 versibus,

103 2951 150 3033 qui
172 2974 208 3016 01
232 2952 316 3017 00110
340 2951 479 3037 dipodiis
504 2957 669 3038 constant,
692 2953 781 3017 velut
805 2953 838 3016 in
862 2974 958 3017 versu
979 2949 1189 3018 Stesichoreo

330 3191 453 3274 Δωρίῳ
477 3185 595 3269 φωνὰν
618 3183 795 3271 ἐναρμόξαι
817 3185 941 3271 πεδίλῳ
965 3183 1138 3270 (0.1115).

105 3307 205 3392 Neque
235 3310 293 3394 qui
321 3332 359 3375 ex
388 3309 466 3374 solis
495 3310 645 3394 tripodiis
674 3315 825 3375 constant
847 3331 974 3392 versas,
1001 3315 1039 3412 111
1061 3309 1256 3393 dochmiaci,
1286 3309 1376 3394 quid-

106 3437 188 3497 quam
205 3417 335 3503 negotii
353 3417 527 3482 facessunt.
563 3417 653 3482 Idem
672 3421 781 3482 autem
800 3416 963 3500 quomodo
982 3416 1052 3480 fieri
1066 3421 1176 3500 potest
1190 3417 1376 3483 commixtis

105 3523 242 3607 tripodiis
276 3529 310 3589 et
341 3523 493 3609 dipodiis,
525 3523 685 3610 siquidem
713 3523 860 3609 primarii
887 3523 973 3588 ictus
1005 3523 1039 3588 in
1068 3523 1207 3608 dipodiis
1241 3547 1310 3607 sex,
1338 3525 1375 3589 in

105 3629 242 3714 tripodiis
278 3653 396 3697 novem
432 3637 619 3716 temporum
649 3631 823 3696 intervallo
861 3629 1008 3696 distant?
1063 3629 1157 3706 Quod
1197 3637 1307 3697 autem
1342 3632 1377 3696 in

106 3757 200 3804 rerum
222 3743 343 3804 natura
364 3739 510 3824 positum
533 3761 603 3804 0000
626 3739 767 3824 videtur,
790 3737 823 3802 id
845 3738 1051 3823 praecipiunt
1072 3738 1171 3802 etiam
1189 3738 1377 3823 rhythmici,

107 3863 169 3908 cum
194 3846 342 3931 dipodiae
370 3845 525 3930 ῥυθμοὺς
553 3845 589 3911 ἐν
617 3851 677 3932 ἴσῳ
706 3848 809 3932 λόγῳ,
837 3844 996 3928 tripediae
1025 3845 1179 3929 ῥυθμοὺς
1202 3844 1239 3909 ἐν
1262 3846 1376 3910 διπλα-

107 3954 182 4016 σίονι
205 3955 294 4040 λόγῳ
318 3973 388 4016 0000
413 3951 538 4017 dicunt:

263 4076 610 4146 ,10101011010
699 4077 1208 4145 ,101010101101011

108 4195 144 4262 ht
163 4223 300 4288 magnus
322 4201 357 4266 in
375 4201 507 4265 Pindari
531 4201 729 4267 carminibus
752 4223 907 4266 numerus
930 4223 1043 4266 eorum
1062 4223 1212 4266 versuum
1231 4205 1296 4286 est,
1321 4201 1376 4287 qui

108 4325 161 4370 non
178 4331 217 4373 ex
241 4307 320 4372 solis
344 4307 484 4394 dipodiis
506 4309 558 4373 vel
580 4309 660 4373 solis
684 4307 836 4394 tripodiis
855 4291 1022 4393 constant,
1044 4309 1100 4372 sed
1118 4308 1259 4393 dipodiis
1278 4308 1378 4393 tripo-

109 4411 166 4479 1110
191 4415 353 4481 admixtas
381 4415 513 4480 habent.
560 4416 645 4492 Quid
670 4415 774 4502 igitur
800 4437 861 4480 nos
889 4414 995 4481 facere
1019 4415 1170 4500 oportet?
1217 4413 1377 4480 Conceda-

109 4541 208 4587 nusne
232 4523 365 4588 Pindari
393 4545 504 4589 versus
533 4523 719 4607 aperfecta
740 4521 798 4587 illa
821 4523 1035 4605 omnibusque
1057 4522 1201 4587 numeris
1225 4522 1378 4588 absoluta

183 4721 210 4784 1)
231 4715 309 4771 Cous.
337 4716 442 4771 librum
468 4732 560 4770 meum
589 4716 623 4770 de
651 4716 769 4770 metrica
798 4719 859 4770 arte
883 4717 970 4783 590¹
998 4720 1027 4772 et
1051 4713 1177 4787 lapidem
1200 4715 1376 4771 Trallianum

109 4787 208 4841 musicis
227 4787 304 4842 notis
322 4787 487 4858 inscriptum
506 4787 582 4858 apud
601 4787 729 4843 Crusium
748 4787 912 4856 Philotae,
929 4795 987 4844 161.

150 4888 275 4928 Pramus
289 4887 324 4927 cd.
338 4885 442 4928 Christ.
1144 4877 1163 4929 d
