3417 5434
320 299 404 354 CXIV
820 303 1099 356 PROLEGOMENA.

306 463 474 549 -quoniam
496 463 551 528 ille
574 484 641 528 non
662 461 797 528 Homeri
820 486 909 528 more
933 463 1061 528 fabulas
1084 463 1156 528 fuse
1178 485 1310 529 narrare
1333 465 1428 549 solet,
1450 469 1490 529 ut
1513 465 1601 550 ipsae

318 592 376 655 per
404 593 438 636 se
467 570 536 636 sine
565 569 632 634 ullo
660 570 766 635 alieno
793 570 988 636 adminiculo
1010 570 1159 656 intellegi
1181 570 1322 656 possint,
1349 573 1406 636 sed
1429 572 1601 657 pleraeque

318 677 453 742 summis
489 677 695 743 lineamentis
730 677 902 742 adumbrat
933 682 990 742 aut
1022 682 1149 742 tantum
1184 677 1334 764 attingit,
1369 683 1486 763 utpote
1521 702 1601 764 quae

318 782 383 848 iam
416 784 456 848 ab
490 784 562 849 aliis
595 785 761 870 expositae
794 784 997 849 auditoribus
1026 784 1106 849 satis
1134 789 1231 849 notae
1259 789 1293 849 et
1319 784 1500 850 familiares
1528 785 1600 850 sint.
1674 870 1678 879 Ι

318 889 432 976 Neque
459 891 587 956 fabulas
616 915 635 955 a
661 896 759 977 poeta
786 891 988 977 significatas
1016 891 1186 957 enarrandi
1213 914 1331 957 munus
1359 896 1486 958 veteres
1511 893 1601 958 schc
1674 882 1677 893 ¹

317 997 432 1062 liastae
459 999 760 1083 praetermiserunt,
789 1003 900 1063 tamen
924 999 965 1064 ab
989 1020 1102 1064 eorum
1124 999 1251 1064 ratione
1273 998 1347 1064 ideo
1369 1021 1431 1064 nos
1453 1001 1601 1065 recedere

322 1109 463 1190 oportet,
495 1107 582 1190 quod
608 1105 658 1170 illi
685 1105 870 1170 fabularum
898 1106 1024 1190 orbem,
1057 1105 1185 1189 qualem
1213 1105 1301 1171 docti
1329 1108 1538 1192 grammatici
1565 1130 1601 1171 ex

317 1212 416 1277 variis
444 1213 672 1298 scriptoribus,
698 1212 863 1277 veteribus
888 1217 921 1277 et
943 1213 1141 1297 recentibus,
1169 1218 1419 1298 composuerant
1442 1219 1477 1278 et
1500 1237 1601 1279 unum

317 1317 352 1382 in
376 1341 494 1404 corpus
518 1320 719 1406 redegerant,
740 1319 806 1384 iam
825 1318 966 1385 Pindaro
989 1324 1106 1385 notum
1123 1317 1225 1383 hrisse
1245 1320 1427 1405 sumebant,
1449 1343 1513 1386 nos
1532 1322 1602 1387 reli-

317 1425 409 1512 giose
437 1427 638 1514 distinguere
662 1431 805 1513 oportet,
833 1449 915 1512 quae
937 1426 1097 1492 Pindarus
1119 1426 1187 1490 iam
1209 1426 1338 1491 novant
1361 1431 1503 1512 atquae
1525 1434 1601 1514 post

316 1531 493 1599 Pindarum
509 1535 777 1600 crecentioribus
794 1533 902 1618 poetis
921 1539 955 1599 et
973 1532 1231 1619 mythographis,
1249 1538 1288 1598 ut
1305 1533 1438 1599 lacunas
1451 1539 1599 1600 veterum

317 1639 529 1707 traditionum
562 1640 727 1726 explerent
760 1646 792 1706 et
821 1641 1005 1706 civitatium
1031 1662 1210 1726 regumque
1237 1640 1473 1706 ambitionibus
1507 1643 1600 1706 satis
1684 1677 1686 1692 ι

315 1746 473 1832 facerent,
505 1747 633 1812 additae
667 1748 741 1812 sint.
791 1745 959 1813 Permulta
990 1746 1077 1812 enim
1109 1769 1184 1812 cum
1210 1753 1326 1833 poetas
1353 1747 1499 1834 tragicos
1528 1753 1599 1814 turn

315 1852 553 1920 Alexandrinos
581 1854 826 1940 grammaticos,
853 1855 974 1938 partim
1001 1854 1149 1940 patribus
1178 1855 1219 1919 ab
1247 1853 1443 1938 antiquitate
1465 1855 1598 1920 traditis

315 1966 436 2026 matres
464 1961 632 2048 addentes,
658 1961 780 2048 partim
807 1961 914 2046 socios
941 1962 1058 2047 priscis
1085 1961 1239 2026 heroibus
1266 1961 1302 2026 in
1329 1961 1423 2027 bellis
1447 1963 1597 2048 gerendis

315 2067 526 2154 adfingentes,
548 2090 685 2133 novasse
709 2072 742 2132 et
764 2067 990 2155 interpolasse,
1012 2068 1063 2133 vel
1086 2090 1125 2132 ex
1148 2067 1239 2133 varia
1260 2091 1369 2134 rerum
1387 2069 1548 2135 memoria
1566 2076 1598 2135 et

314 2175 483 2240 nominum
507 2174 669 2240 discordia
691 2175 771 2240 satis
797 2179 939 2260 apparet.
981 2174 1121 2240 Novisse
1146 2179 1255 2240 autem
1277 2175 1543 2242 iamPindarum
1566 2183 1599 2242 et

314 2281 349 2346 in
374 2305 468 2347 suum
492 2304 587 2347 usum
611 2281 810 2347 convertisse
833 2304 961 2348 sumere
984 2281 1080 2346 nobis
1104 2281 1181 2346 licet
1205 2282 1361 2366 quidquid
1378 2283 1544 2350 Homerus
1567 2290 1601 2350 et

314 2386 491 2475 Hesiodus,
519 2411 657 2474 quorum
683 2394 853 2475 poetarum
882 2389 1027 2455 carmina
1053 2389 1303 2475 diligentissime
1331 2413 1405 2456 eum
1430 2391 1599 2458 lectitasse

314 2500 348 2560 et
369 2496 463 2561 firma
486 2496 643 2562 memoria
666 2497 809 2562 tenuisse
833 2495 1006 2584 constctl),
1028 2519 1094 2562 non
1117 2497 1223 2563 solum
1247 2497 1285 2561 de
1309 2499 1503 2586 genealogia
1523 2500 1598 2564 stir-

314 2603 404 2686 pium
430 2604 608 2690 regiarum,
635 2608 672 2668 ut
695 2604 923 2689 Pelopidarum
946 2604 1220 2689 Dardanidarum,
1248 2602 1444 2689 Sarpedonis
1465 2605 1597 2674 Aeneae

315 2709 390 2773 data
410 2731 508 2794 opera
526 2716 751 2797 exposuerant,
772 2711 828 2776 sed
847 2712 947 2777 etiam
966 2711 1106 2797 quaeda
1125 2710 1262 2775 ducibus
1281 2709 1414 2776 Graecis
1432 2712 1597 2779 Troianis·

314 2838 376 2900 que
396 2816 490 2900 quasi
507 2823 750 2903 praetereuntes
769 2823 972 2884 notaverant.
1008 2817 1181 2883 Praeterea
1193 2817 1334 2884 Pindaro
1347 2819 1502 2903 pleraque
1516 2826 1597 2886 nota

313 2923 413 2989 fuisse
440 2923 616 2990 verisimile
644 2929 707 3009 est,
736 2947 817 3010 quae
846 2926 1023 3010 scriptores
1051 2925 1201 3010 aequales
1229 2930 1262 2990 et
1284 2924 1384 2990 etiam
1406 2925 1463 3010 qui
1486 2931 1595 2992 aetate

313 3052 469 3116 suppares
500 3036 607 3116 erant,
638 3033 727 3097 velut
754 3032 935 3117 Aeschylus
962 3032 1162 3117 Pherecydes
1190 3031 1392 3118 Herodotus,
1418 3034 1595 3100 memoriae

284 3138 531 3221 ¹prodiderunt.
587 3139 841 3224 Nonnumquam
878 3141 978 3206 etiam
1014 3162 1125 3206 earum
1162 3161 1270 3204 rerum
1300 3138 1421 3204 notitia
1452 3139 1594 3206 Pindaro

314 3244 504 3312 vindicanda
531 3251 594 3332 est,
622 3269 701 3332 quas
730 3269 768 3312 ex
796 3248 1032 3314 recentioribus
1058 3246 1272 3332 scriptoribus
1296 3245 1391 3332 solis,
1417 3246 1594 3333 Apollonio

312 3351 457 3419 Diodoro
472 3354 673 3440 Apollodoro
688 3354 859 3440 Pausania,
878 3357 1103 3441 comperimus,
1123 3352 1383 3440 quandoquidem
1398 3353 1593 3420 vetustiores

311 3458 396 3544 libri,
419 3460 537 3545 quibus
560 3460 610 3525 illi
633 3461 684 3526 usi
703 3467 804 3549 erant,
825 3463 976 3548 inprimis
994 3467 1165 3548 poetarum
1183 3459 1379 3546 apulicorum
1397 3458 1593 3548 Pherecydis

312 3565 470 3651 Acusilai,
497 3567 594 3631 multi
620 3568 752 3632 interim
781 3569 940 3654 deperditi
963 3573 1048 3634 sunt.
1093 3566 1230 3633 Accedit
1252 3567 1355 3662 altera
1377 3589 1444 3652 res,
1473 3575 1594 3654 quaet

312 3672 443 3737 Pindari
465 3673 568 3759 ipsius
588 3679 621 3738 et
638 3679 752 3740 nostra
769 3675 985 3762 interpretum
1005 3697 1104 3741 causa
1120 3675 1225 3739 multo
1244 3673 1409 3739 difficilior
1426 3675 1516 3740 facta
1534 3682 1593 3742 est

309 3777 368 3844 Ille
395 3778 482 3845 enim
510 3803 582 3846 oum
611 3781 731 3848 multas
759 3783 935 3848 multarum
964 3782 1147 3848 civitatium
1173 3782 1383 3868 gentiumque
1406 3782 1536 3848 fabulas
1557 3783 1594 3847 in

311 3887 378 3952 suis
407 3887 604 3954 carminibus
632 3890 729 3954 simul
758 3889 935 3975 attigisset,
963 3912 1045 3974 quae
1072 3889 1277 3956 necessitudo
1303 3889 1391 3954 inter
1413 3912 1468 3956 eas
1491 3891 1592 3956 inter-

311 3993 438 4060 cederet
462 3997 495 4058 et
518 4015 583 4078 quo
606 4016 751 4080 quaeque
773 4001 919 4082 tempore
939 4001 1032 4083 gesta
1050 4019 1120 4062 esse
1139 3996 1395 4081 perhiberentur,
1418 3996 1593 4085 diligenter

310 4123 463 4184 quaerere
487 4105 521 4164 et
542 4100 693 4186 religiose
714 4102 885 4168 observare
905 4103 1052 4168 debebat.
1093 4102 1180 4168 Nam
1199 4108 1237 4167 ut
1255 4124 1363 4169 rerum
1381 4102 1416 4168 in
1434 4103 1592 4170 historiae

310 4207 381 4274 luce
401 4213 567 4295 gesturum
586 4212 735 4293 tempora
753 4213 903 4274 accurate
922 4210 1080 4296 distingui
1099 4211 1227 4295 debent,
1246 4209 1292 4274 sic
1311 4208 1496 4276 fabularum
1516 4222 1593 4298 quo

311 4336 387 4399 que,
419 4337 556 4400 quarum
587 4315 763 4380 involucris
796 4339 848 4382 res
881 4315 1125 4401 antiquissimas
1156 4338 1324 4401 expressas
1352 4339 1422 4382 esse
1451 4323 1593 4402 constat,
1685 4339 1686 4362 ¹

311 4420 523 4508 chronologia
546 4423 703 4508 quaedam
726 4423 847 4508 partim
870 4423 944 4490 inde
968 4426 1009 4490 ab
1032 4425 1129 4490 initio
1152 4424 1226 4509 fuit,
1247 4423 1368 4510 partim
1392 4423 1514 4490 fabulis
1536 4447 1591 4490 va·
1685 4515 1686 4520 γ

399 4618 424 4683 1)
443 4615 592 4686 ausuros,
611 4617 652 4672 oe
666 4617 783 4674 rasari
801 4619 904 4674 seuera
917 4618 1065 4674 Hesiodea
1080 4621 1110 4674 es
1122 4617 1287 4688 Homericis,
1305 4617 1420 4673 consae
1436 4624 1516 4690 nea,
1534 4605 1593 4689 «μισ
1685 4623 1686 4690 y

308 4685 381 4740 libro
399 4687 554 4740 Pindarum
576 4687 658 4757 plura
677 4705 711 4744 ex
729 4689 853 4745 Hesiodo
873 4694 902 4746 ct
921 4691 1094 4746 carmimbus
1113 4690 1187 4762 eprci
1205 4690 1278 4759 cycli
1297 4707 1382 4760 quam
1401 4706 1434 4744 ex
1453 4691 1543 4746 Iliade
1562 4693 1591 4745 et
1685 4691 1686 4714 l

308 4757 434 4828 Odyssea
452 4760 613 4830 mutuatum
631 4777 692 4814 esse
712 4761 851 4817 docemur.
