<?xml version="1.0" encoding="UTF-8"?>
<!DOCTYPE html PUBLIC "-//W3C//DTD XHTML 1.0 Transitional//EN"
    "http://www.w3.org/TR/xhtml1/DTD/xhtml1-transitional.dtd">
<html xmlns="http://www.w3.org/1999/xhtml" xml:lang="en" lang="en">
 <head>
  <title>
</title>
<meta http-equiv="Content-Type" content="text/html;charset=utf-8" />
  <meta name='ocr-system' content='tesseract 3.04.00' />
  <meta name='ocr-capabilities' content='ocr_page ocr_carea ocr_par ocr_line ocrx_word'/>
</head>
<body>
  <div class='ocr_page' id='page_1' title='image "./pindaricarminap01chrigoog_0397.png"; bbox 0 0 3417 5434; ppageno 0'>
   <div class='ocr_carea' id='block_1_1' title="bbox 593 365 790 420">
    <p class='ocr_par' dir='ltr' id='par_1_1' title="bbox 593 365 790 420">
     <span class='ocr_line' id='line_1_1' title="bbox 593 365 790 420; baseline -0.005 -1"><span class='ocrx_word' id='word_1_1' title='bbox 593 365 725 420; x_wconf 68' lang='lat' dir='ltr'>,uuum</span> <span class='ocrx_word' id='word_1_2' title='bbox 743 366 790 418; x_wconf 86' lang='lat' dir='ltr'>IV.</span> 
     </span>
    </p>
   </div>
   <div class='ocr_carea' id='block_1_2' title="bbox 52 524 941 1040">
    <p class='ocr_par' dir='ltr' id='par_1_2' title="bbox 103 524 805 614">
     <span class='ocr_line' id='line_1_2' title="bbox 103 524 805 614; baseline 0 -22"><span class='ocrx_word' id='word_1_3' title='bbox 103 529 284 614; x_wconf 72' lang='grc' dir='ltr'><strong><em>ἠΰπυργον</em></strong></span> <span class='ocrx_word' id='word_1_4' title='bbox 307 525 395 608; x_wconf 81' lang='grc' dir='ltr'><strong><em>ἕδος,</em></strong></span> <span class='ocrx_word' id='word_1_5' title='bbox 419 528 496 613; x_wconf 80' lang='grc' dir='ltr'><strong><em>δίκᾳ</em></strong></span> <span class='ocrx_word' id='word_1_6' title='bbox 518 524 666 612; x_wconf 79' lang='grc' dir='ltr'><strong><em>ξεναρκέι</em></strong></span> <span class='ocrx_word' id='word_1_7' title='bbox 689 529 805 592; x_wconf 88' lang='grc' dir='ltr'><strong><em>κοινὸν</em></strong></span> 
     </span>
    </p>

    <p class='ocr_par' dir='ltr' id='par_1_3' title="bbox 103 632 941 722">
     <span class='ocr_line' id='line_1_3' title="bbox 103 632 941 722; baseline 0.002 -24"><span class='ocrx_word' id='word_1_8' title='bbox 103 632 242 719; x_wconf 78' lang='grc' dir='ltr'><em>φέγγος.</em></span> <span class='ocrx_word' id='word_1_9' title='bbox 288 636 319 699; x_wconf 86' lang='grc' dir='ltr'><strong><em>εί</em></strong></span> <span class='ocrx_word' id='word_1_10' title='bbox 341 632 372 698; x_wconf 87' lang='grc' dir='ltr'><strong><em>δ’</em></strong></span> <span class='ocrx_word' id='word_1_11' title='bbox 398 637 446 699; x_wconf 82' lang='grc' dir='ltr'><strong><em>ἔτι</em></strong></span> <span class='ocrx_word' id='word_1_12' title='bbox 470 635 600 718; x_wconf 79' lang='grc' dir='ltr'><em>ζαμενεῖ</em></span> <span class='ocrx_word' id='word_1_13' title='bbox 625 637 820 719; x_wconf 81' lang='grc' dir='ltr'><strong><em>Τιμόκριτος</em></strong></span> <span class='ocrx_word' id='word_1_14' title='bbox 842 632 941 722; x_wconf 55' lang='grc' dir='ltr'><strong><em>ῥελίφ</em></strong></span> 
     </span>
    </p>

    <p class='ocr_par' dir='ltr' id='par_1_4' title="bbox 52 740 887 936">
     <span class='ocr_line' id='line_1_4' title="bbox 102 740 887 827; baseline -0.001 -21"><span class='ocrx_word' id='word_1_15' title='bbox 102 753 173 818; x_wconf 85' lang='grc' dir='ltr'>σῶς</span> <span class='ocrx_word' id='word_1_16' title='bbox 197 742 305 827; x_wconf 80' lang='grc' dir='ltr'><strong><em>πατὴρ</em></strong></span> <span class='ocrx_word' id='word_1_17' title='bbox 328 740 506 824; x_wconf 73' lang='grc' dir='ltr'><em>ἐθάλπετο,</em></span> <span class='ocrx_word' id='word_1_18' title='bbox 530 743 682 806; x_wconf 79' lang='grc' dir='ltr'><strong><em>ποικίλον</em></strong></span> <span class='ocrx_word' id='word_1_19' title='bbox 704 743 887 826; x_wconf 71' lang='grc' dir='ltr'><strong><em>κιθαρίζων</em></strong></span> 
     </span>
     <span class='ocr_line' id='line_1_5' title="bbox 52 845 607 936; baseline -0.002 -23"><span class='ocrx_word' id='word_1_20' title='bbox 52 867 83 913; x_wconf 87' lang='grc'><strong>15</strong></span> <span class='ocrx_word' id='word_1_21' title='bbox 103 850 173 933; x_wconf 81' lang='grc' dir='ltr'>ἅμα</span> <span class='ocrx_word' id='word_1_22' title='bbox 197 872 234 914; x_wconf 86' lang='grc' dir='ltr'><strong><em>κε</em></strong></span> <span class='ocrx_word' id='word_1_23' title='bbox 257 849 341 936; x_wconf 74' lang='grc' dir='ltr'><strong><em>τῷδε</em></strong></span> <span class='ocrx_word' id='word_1_24' title='bbox 364 845 453 933; x_wconf 87' lang='grc' dir='ltr'><strong><em>μέλει</em></strong></span> <span class='ocrx_word' id='word_1_25' title='bbox 479 846 607 924; x_wconf 71' lang='grc' dir='ltr'><strong><em>κλιθείς</em></strong></span> 
     </span>
    </p>

    <p class='ocr_par' dir='ltr' id='par_1_5' title="bbox 103 955 615 1040">
     <span class='ocr_line' id='line_1_6' title="bbox 103 955 615 1040; baseline -0.002 -20"><span class='ocrx_word' id='word_1_26' title='bbox 103 955 218 1040; x_wconf 81' lang='grc' dir='ltr'><strong><em>ὕμνον</em></strong></span> <span class='ocrx_word' id='word_1_27' title='bbox 240 955 400 1040; x_wconf 77' lang='grc' dir='ltr'>κελάδησε</span> <span class='ocrx_word' id='word_1_28' title='bbox 422 959 615 1020; x_wconf 79' lang='grc' dir='ltr'><strong><em>καλλίνικον</em></strong></span> 
     </span>
    </p>
   </div>
   <div class='ocr_carea' id='block_1_3' title="bbox 54 1150 928 2093">
    <p class='ocr_par' dir='ltr' id='par_1_6' title="bbox 101 1150 928 1556">
     <span class='ocr_line' id='line_1_7' title="bbox 103 1150 928 1237; baseline 0 -21"><span class='ocrx_word' id='word_1_29' title='bbox 103 1155 304 1218; x_wconf 81' lang='grc' dir='ltr'><strong><em>Κλεωναίου</em></strong></span> <span class='ocrx_word' id='word_1_30' title='bbox 326 1150 357 1216; x_wconf 85' lang='grc' dir='ltr'>τ’</span> <span class='ocrx_word' id='word_1_31' title='bbox 378 1150 435 1216; x_wconf 81' lang='grc' dir='ltr'>ἀπ’</span> <span class='ocrx_word' id='word_1_32' title='bbox 456 1150 586 1234; x_wconf 78' lang='grc' dir='ltr'><strong><em>ἀγῶνος</em></strong></span> <span class='ocrx_word' id='word_1_33' title='bbox 609 1152 729 1237; x_wconf 87' lang='grc' dir='ltr'><strong><em>ὕρ-μον</em></strong></span> <span class='ocrx_word' id='word_1_34' title='bbox 752 1152 928 1235; x_wconf 79' lang='grc' dir='ltr'><strong><em>στεφάνων</em></strong></span> 
     </span>
     <span class='ocr_line' id='line_1_8' title="bbox 101 1257 518 1345; baseline 0.002 -22"><span class='ocrx_word' id='word_1_35' title='bbox 101 1259 274 1343; x_wconf 77' lang='grc' dir='ltr'><strong><em>πέμψαντι</em></strong></span> <span class='ocrx_word' id='word_1_36' title='bbox 295 1257 351 1324; x_wconf 84' lang='grc' dir='ltr'>καί</span> <span class='ocrx_word' id='word_1_37' title='bbox 374 1265 518 1345; x_wconf 74' lang='grc' dir='ltr'><strong><em>λιπαρᾶν</em></strong></span> 
     </span>
     <span class='ocr_line' id='line_1_9' title="bbox 103 1364 556 1451; baseline -0.002 -20"><span class='ocrx_word' id='word_1_38' title='bbox 103 1366 292 1451; x_wconf 83' lang='grc' dir='ltr'><strong><em>εὐωνύμων</em></strong></span> <span class='ocrx_word' id='word_1_39' title='bbox 315 1364 371 1431; x_wconf 78' lang='grc' dir='ltr'><strong><em>ἄττ’</em></strong></span> <span class='ocrx_word' id='word_1_40' title='bbox 395 1364 556 1448; x_wconf 77' lang='grc' dir='ltr'><strong><em>Ἀθανᾶν,</em></strong></span> 
     </span>
     <span class='ocr_line' id='line_1_10' title="bbox 150 1469 617 1556; baseline 0.002 -21"><span class='ocrx_word' id='word_1_41' title='bbox 150 1474 280 1556; x_wconf 72' lang='grc' dir='ltr'><strong><em>Θήβαις</em></strong></span> <span class='ocrx_word' id='word_1_42' title='bbox 303 1469 332 1537; x_wconf 94' lang='grc' dir='ltr'>τ’</span> <span class='ocrx_word' id='word_1_43' title='bbox 358 1471 396 1538; x_wconf 91' lang='grc' dir='ltr'>έν</span> <span class='ocrx_word' id='word_1_44' title='bbox 420 1469 617 1548; x_wconf 75' lang='grc' dir='ltr'><strong><em>ἑπταπύλοις</em></strong></span> 
     </span>
    </p>

    <p class='ocr_par' dir='ltr' id='par_1_7' title="bbox 54 1577 927 2093">
     <span class='ocr_line' id='line_1_11' title="bbox 54 1577 901 1665; baseline -0.001 -23"><span class='ocrx_word' id='word_1_45' title='bbox 54 1597 86 1642; x_wconf 77' lang='lat' dir='ltr'>so</span> <span class='ocrx_word' id='word_1_46' title='bbox 105 1577 219 1644; x_wconf 83' lang='grc' dir='ltr'><strong><em>οὕνεκ’</em></strong></span> <span class='ocrx_word' id='word_1_47' title='bbox 244 1577 493 1665; x_wconf 76' lang='grc' dir='ltr'><strong><em>Ἀμφιτρύωνος</em></strong></span> <span class='ocrx_word' id='word_1_48' title='bbox 515 1577 641 1661; x_wconf 80' lang='grc' dir='ltr'><strong><em>ἀγλαὸν</em></strong></span> <span class='ocrx_word' id='word_1_49' title='bbox 662 1577 751 1664; x_wconf 82' lang='grc' dir='ltr'><strong><em>καρὰ</em></strong></span> <span class='ocrx_word' id='word_1_50' title='bbox 774 1578 901 1662; x_wconf 81' lang='grc' dir='ltr'><strong><em>τύμβον</em></strong></span> 
     </span>
     <span class='ocr_line' id='line_1_12' title="bbox 105 1683 927 1770; baseline -0.002 -20"><span class='ocrx_word' id='word_1_51' title='bbox 105 1687 276 1770; x_wconf 78' lang='grc' dir='ltr'><strong><em>Καδμεῖοί</em></strong></span> <span class='ocrx_word' id='word_1_52' title='bbox 295 1708 351 1750; x_wconf 91' lang='grc' dir='ltr'>νιν</span> <span class='ocrx_word' id='word_1_53' title='bbox 374 1684 436 1750; x_wconf 87' lang='grc' dir='ltr'><strong><em>οὐκ</em></strong></span> <span class='ocrx_word' id='word_1_54' title='bbox 459 1683 609 1762; x_wconf 80' lang='grc' dir='ltr'><strong><em>ἀέκοντες</em></strong></span> <span class='ocrx_word' id='word_1_55' title='bbox 631 1686 751 1750; x_wconf 76' lang='grc' dir='ltr'><strong><em>ἄνθεσι</em></strong></span> <span class='ocrx_word' id='word_1_56' title='bbox 773 1687 927 1768; x_wconf 85' lang='grc' dir='ltr'><strong><em>μίγνυον,</em></strong></span> 
     </span>
     <span class='ocr_line' id='line_1_13' title="bbox 106 1790 892 1876; baseline 0 -20"><span class='ocrx_word' id='word_1_57' title='bbox 106 1795 254 1876; x_wconf 77' lang='grc' dir='ltr'><strong><em>Αἰγίνας</em></strong></span> <span class='ocrx_word' id='word_1_58' title='bbox 276 1790 377 1857; x_wconf 81' lang='grc' dir='ltr'><strong><em>ἕκατι.</em></strong></span> <span class='ocrx_word' id='word_1_59' title='bbox 421 1795 549 1876; x_wconf 80' lang='grc' dir='ltr'><strong><em>φίλοισι</em></strong></span> <span class='ocrx_word' id='word_1_60' title='bbox 573 1793 636 1876; x_wconf 84' lang='grc' dir='ltr'>γὰρ</span> <span class='ocrx_word' id='word_1_61' title='bbox 659 1795 758 1876; x_wconf 80' lang='grc' dir='ltr'><strong><em>φίλος</em></strong></span> <span class='ocrx_word' id='word_1_62' title='bbox 781 1791 892 1856; x_wconf 77' lang='grc' dir='ltr'><strong><em>ἐλθὼν</em></strong></span> 
     </span>
     <span class='ocr_line' id='line_1_14' title="bbox 105 1897 552 1984; baseline -0.004 -19"><span class='ocrx_word' id='word_1_63' title='bbox 105 1899 221 1978; x_wconf 79' lang='grc' dir='ltr'><strong><em>ξένιον</em></strong></span> <span class='ocrx_word' id='word_1_64' title='bbox 243 1901 326 1964; x_wconf 82' lang='grc' dir='ltr'><strong><em>ἄστυ</em></strong></span> <span class='ocrx_word' id='word_1_65' title='bbox 349 1897 552 1984; x_wconf 77' lang='grc' dir='ltr'><strong><em>κατέδραμεν</em></strong></span> 
     </span>
     <span class='ocr_line' id='line_1_15' title="bbox 101 2005 669 2093; baseline -0.004 -21"><span class='ocrx_word' id='word_1_66' title='bbox 101 2005 288 2093; x_wconf 81' lang='grc' dir='ltr'><strong><em>Ἡρακλέος</em></strong></span> <span class='ocrx_word' id='word_1_67' title='bbox 310 2006 428 2090; x_wconf 84' lang='grc' dir='ltr'><strong><em>ὀλβίαν</em></strong></span> <span class='ocrx_word' id='word_1_68' title='bbox 449 2007 533 2091; x_wconf 85' lang='grc' dir='ltr'><strong><em>τιρδς</em></strong></span> <span class='ocrx_word' id='word_1_69' title='bbox 555 2005 669 2073; x_wconf 79' lang='grc' dir='ltr'><strong><em>αὐλάν.</em></strong></span> 
     </span>
    </p>
   </div>
   <div class='ocr_carea' id='block_1_4' title="bbox 57 2193 1334 2289">
    <p class='ocr_par' dir='ltr' id='par_1_8' title="bbox 57 2193 1334 2289">
     <span class='ocr_line' id='line_1_16' title="bbox 57 2193 1334 2289; baseline 0.002 -25"><span class='ocrx_word' id='word_1_70' title='bbox 57 2221 88 2265; x_wconf 75' lang='lat'>‘25</span> <span class='ocrx_word' id='word_1_71' title='bbox 107 2201 169 2280; x_wconf 87' lang='grc' dir='ltr'>ξὺν</span> <span class='ocrx_word' id='word_1_72' title='bbox 195 2193 223 2289; x_wconf 64' lang='lat' dir='ltr'>gd</span> <span class='ocrx_word' id='word_1_73' title='bbox 246 2222 325 2268; x_wconf 76' lang='grc' dir='ltr'><strong><em>ποτε</em></strong></span> <span class='ocrx_word' id='word_1_74' title='bbox 353 2205 476 2289; x_wconf 89' lang='grc' dir='ltr'><strong><em>Τροΐαν</em></strong></span> <span class='ocrx_word' id='word_1_75' title='bbox 498 2203 668 2287; x_wconf 88' lang='grc' dir='ltr'><strong><em>κραται-ὸς</em></strong></span> <span class='ocrx_word' id='word_1_76' title='bbox 696 2202 851 2286; x_wconf 85' lang='grc' dir='ltr'><strong><em>Τελαμὼν</em></strong></span> <span class='ocrx_word' id='word_1_77' title='bbox 1137 2205 1217 2287; x_wconf 87' lang='grc' dir='ltr'><strong><em>Στρ.</em></strong></span> <span class='ocrx_word' id='word_1_78' title='bbox 1238 2199 1280 2268; x_wconf 79' lang='grc' dir='ltr'>δ’.</span> <span class='ocrx_word' id='word_1_79' title='bbox 1299 2219 1334 2266; x_wconf 93' lang='lat'>40</span> 
     </span>
    </p>
   </div>
   <div class='ocr_carea' id='block_1_5' title="bbox 58 2393 1334 2752">
    <p class='ocr_par' dir='ltr' id='par_1_9' title="bbox 58 2393 1334 2752">
     <span class='ocr_line' id='line_1_17' title="bbox 127 2393 1334 2466; baseline -0.002 -16"><span class='ocrx_word' id='word_1_80' title='bbox 127 2403 170 2451; x_wconf 94' lang='grc'><strong>12.</strong></span> <span class='ocrx_word' id='word_1_81' title='bbox 190 2396 338 2466; x_wconf 80' lang='grc' dir='ltr'><strong><em>ἠύκυργον</em></strong></span> <span class='ocrx_word' id='word_1_82' title='bbox 356 2395 482 2451; x_wconf 80' lang='lat' dir='ltr'>schmid:</span> <span class='ocrx_word' id='word_1_83' title='bbox 503 2394 574 2450; x_wconf 84' lang='grc' dir='ltr'><strong><em>εὕκυ</em></strong></span> <span class='ocrx_word' id='word_1_84' title='bbox 609 2415 643 2450; x_wconf 90' lang='grc' dir='ltr'>ον</span> <span class='ocrx_word' id='word_1_85' title='bbox 656 2396 727 2465; x_wconf 87' lang='lat' dir='ltr'>BD,</span> <span class='ocrx_word' id='word_1_86' title='bbox 745 2393 906 2466; x_wconf 76' lang='grc' dir='ltr'><strong><em>ὑψίπυργον</em></strong></span> <span class='ocrx_word' id='word_1_87' title='bbox 926 2394 1269 2452; x_wconf 83' lang='lat' dir='ltr'>coni.Sohroeder-13.</span> <span class='ocrx_word' id='word_1_88' title='bbox 1289 2399 1304 2460; x_wconf 78' lang='grc' dir='ltr'><em>ζ</em></span> <span class='ocrx_word' id='word_1_89' title='bbox 1325 2428 1334 2436; x_wconf 94' lang='grc'><strong>-</strong></span> 
     </span>
     <span class='ocr_line' id='line_1_18' title="bbox 58 2465 1334 2558; baseline 0 -36"><span class='ocrx_word' id='word_1_90' title='bbox 58 2471 138 2535; x_wconf 69' lang='lat' dir='ltr'>deest</span> <span class='ocrx_word' id='word_1_91' title='bbox 162 2467 349 2522; x_wconf 86' lang='lat' dir='ltr'>scholiastam</span> <span class='ocrx_word' id='word_1_92' title='bbox 367 2466 470 2537; x_wconf 80' lang='lat' dir='ltr'>legisse</span> <span class='ocrx_word' id='word_1_93' title='bbox 486 2469 573 2548; x_wconf 84' lang='lat' dir='ltr'>putat</span> <span class='ocrx_word' id='word_1_94' title='bbox 613 2467 685 2535; x_wconf 88' lang='lat' dir='ltr'>ehrs,</span> <span class='ocrx_word' id='word_1_95' title='bbox 704 2465 819 2536; x_wconf 75' lang='grc' dir='ltr'><strong><em>ζαμενὲς</em></strong></span> <span class='ocrx_word' id='word_1_96' title='bbox 838 2467 908 2522; x_wconf 90' lang='lat' dir='ltr'>coni.</span> <span class='ocrx_word' id='word_1_97' title='bbox 924 2467 1016 2558; x_wconf 65' lang='lat' dir='ltr'>Bergk</span> <span class='ocrx_word' id='word_1_98' title='bbox 1036 2497 1068 2508; x_wconf 87' lang='lat'><em>-</em></span> <span class='ocrx_word' id='word_1_99' title='bbox 1090 2472 1130 2521; x_wconf 98' lang='lat'>14.</span> <span class='ocrx_word' id='word_1_100' title='bbox 1151 2475 1203 2529; x_wconf 83' lang='grc' dir='ltr'>σῶς</span> <span class='ocrx_word' id='word_1_101' title='bbox 1223 2466 1334 2536; x_wconf 75' lang='lat' dir='ltr'>scripsi:</span> 
     </span>
     <span class='ocr_line' id='line_1_19' title="bbox 58 2536 1334 2610; baseline 0.001 -19"><span class='ocrx_word' id='word_1_102' title='bbox 58 2539 102 2602; x_wconf 86' lang='grc' dir='ltr'>τὸς</span> <span class='ocrx_word' id='word_1_103' title='bbox 120 2539 204 2594; x_wconf 89' lang='grc' dir='ltr'><strong><em>οοδδ.</em></strong></span> <span class='ocrx_word' id='word_1_104' title='bbox 219 2543 250 2594; x_wconf 86' lang='lat' dir='ltr'>et</span> <span class='ocrx_word' id='word_1_105' title='bbox 267 2537 363 2606; x_wconf 82' lang='lat' dir='ltr'>schol,</span> <span class='ocrx_word' id='word_1_106' title='bbox 383 2536 412 2600; x_wconf 78' lang='grc' dir='ltr'>ὃς</span> <span class='ocrx_word' id='word_1_107' title='bbox 430 2555 502 2593; x_wconf 89' lang='lat' dir='ltr'>com.</span> <span class='ocrx_word' id='word_1_108' title='bbox 521 2538 608 2592; x_wconf 82' lang='lat' dir='ltr'>Psuw</span> <span class='ocrx_word' id='word_1_109' title='bbox 626 2570 662 2580; x_wconf 92' lang='lat'>—</span> <span class='ocrx_word' id='word_1_110' title='bbox 680 2545 721 2593; x_wconf 94' lang='grc'><strong>15.</strong></span> <span class='ocrx_word' id='word_1_111' title='bbox 741 2537 800 2608; x_wconf 78' lang='grc' dir='ltr'>ἅμα</span> <span class='ocrx_word' id='word_1_112' title='bbox 819 2539 930 2610; x_wconf 80' lang='lat' dir='ltr'>scripsi:</span> <span class='ocrx_word' id='word_1_113' title='bbox 950 2543 1032 2609; x_wconf 77' lang='grc' dir='ltr'><strong><em>δαμα</em></strong></span> <span class='ocrx_word' id='word_1_114' title='bbox 1051 2537 1130 2592; x_wconf 83' lang='lat' dir='ltr'><strong>codd.</strong></span> <span class='ocrx_word' id='word_1_115' title='bbox 1151 2541 1180 2592; x_wconf 89' lang='lat' dir='ltr'>et</span> <span class='ocrx_word' id='word_1_116' title='bbox 1199 2537 1284 2594; x_wconf 90' lang='lat' dir='ltr'>schol.</span> <span class='ocrx_word' id='word_1_117' title='bbox 1300 2570 1334 2580; x_wconf 89' lang='lat'><em>-</em></span> 
     </span>
     <span class='ocr_line' id='line_1_20' title="bbox 59 2607 1334 2681; baseline 0.002 -19"><span class='ocrx_word' id='word_1_118' title='bbox 59 2617 97 2665; x_wconf 87' lang='grc'><strong>16.</strong></span> <span class='ocrx_word' id='word_1_119' title='bbox 116 2609 228 2681; x_wconf 86' lang='grc' dir='ltr'><strong><em>ὕμνον.</em></strong></span> <span class='ocrx_word' id='word_1_120' title='bbox 245 2654 251 2664; x_wconf 96' lang='grc'><strong>.</strong></span> <span class='ocrx_word' id='word_1_121' title='bbox 267 2654 273 2665; x_wconf 91' lang='grc'><strong>.</strong></span> <span class='ocrx_word' id='word_1_122' title='bbox 288 2608 323 2664; x_wconf 81' lang='grc' dir='ltr'>κε’</span> <span class='ocrx_word' id='word_1_123' title='bbox 344 2623 433 2677; x_wconf 79' lang='grc' dir='ltr'><strong><em>φαντι</em></strong></span> <span class='ocrx_word' id='word_1_124' title='bbox 451 2608 522 2665; x_wconf 84' lang='grc' dir='ltr'><strong><em>οοιι1.</em></strong></span> <span class='ocrx_word' id='word_1_125' title='bbox 541 2609 640 2666; x_wconf 78' lang='lat' dir='ltr'>Pauus:</span> <span class='ocrx_word' id='word_1_126' title='bbox 660 2607 749 2680; x_wconf 90' lang='grc' dir='ltr'><strong><em>ὕμνον</em></strong></span> <span class='ocrx_word' id='word_1_127' title='bbox 764 2653 769 2665; x_wconf 95' lang='grc'><strong>.</strong></span> <span class='ocrx_word' id='word_1_128' title='bbox 784 2654 790 2665; x_wconf 99' lang='grc'><strong>.</strong></span> <span class='ocrx_word' id='word_1_129' title='bbox 804 2655 810 2666; x_wconf 96' lang='grc'><strong>.</strong></span> <span class='ocrx_word' id='word_1_130' title='bbox 825 2608 979 2681; x_wconf 77' lang='grc' dir='ltr'><strong><em>τιέμκραντα</em></strong></span> <span class='ocrx_word' id='word_1_131' title='bbox 998 2609 1086 2676; x_wconf 70' lang='lat' dir='ltr'>codd,</span> <span class='ocrx_word' id='word_1_132' title='bbox 1106 2607 1195 2679; x_wconf 88' lang='grc' dir='ltr'><strong><em>ὕμνον</em></strong></span> <span class='ocrx_word' id='word_1_133' title='bbox 1211 2651 1252 2664; x_wconf 93' lang='grc'>...</span> <span class='ocrx_word' id='word_1_134' title='bbox 1267 2609 1334 2681; x_wconf 83' lang='grc' dir='ltr'><strong><em>κίμ-</em></strong></span> 
     </span>
     <span class='ocr_line' id='line_1_21' title="bbox 58 2629 1334 2752; baseline 0.001 -18"><span class='ocrx_word' id='word_1_135' title='bbox 58 2694 164 2747; x_wconf 78' lang='grc' dir='ltr'><strong><em>υαντος</em></strong></span> <span class='ocrx_word' id='word_1_136' title='bbox 183 2681 285 2747; x_wconf 67' lang='lat' dir='ltr'>schol„</span> <span class='ocrx_word' id='word_1_137' title='bbox 303 2629 388 2736; x_wconf 81' lang='grc' dir='ltr'><strong><em>υίδν.</em></strong></span> <span class='ocrx_word' id='word_1_138' title='bbox 405 2724 410 2735; x_wconf 93' lang='grc'><strong>.</strong></span> <span class='ocrx_word' id='word_1_139' title='bbox 427 2679 600 2751; x_wconf 80' lang='grc' dir='ltr'><strong><em>,πέμψαντα</em></strong></span> <span class='ocrx_word' id='word_1_140' title='bbox 619 2681 689 2736; x_wconf 91' lang='lat' dir='ltr'>coni.</span> <span class='ocrx_word' id='word_1_141' title='bbox 706 2680 800 2752; x_wconf 76' lang='lat' dir='ltr'>Bergk</span> <span class='ocrx_word' id='word_1_142' title='bbox 819 2713 855 2722; x_wconf 96' lang='lat'>-</span> <span class='ocrx_word' id='word_1_143' title='bbox 878 2686 989 2737; x_wconf 82' lang='lat'>19-38.</span> <span class='ocrx_word' id='word_1_144' title='bbox 1013 2681 1043 2734; x_wconf 92' lang='lat' dir='ltr'>in</span> <span class='ocrx_word' id='word_1_145' title='bbox 1062 2681 1092 2736; x_wconf 91' lang='lat' dir='ltr'><em>D</em></span> <span class='ocrx_word' id='word_1_146' title='bbox 1113 2681 1149 2735; x_wconf 81' lang='lat' dir='ltr'>sb</span> <span class='ocrx_word' id='word_1_147' title='bbox 1173 2679 1232 2735; x_wconf 82' lang='lat' dir='ltr'>elia</span> <span class='ocrx_word' id='word_1_148' title='bbox 1249 2698 1334 2736; x_wconf 85' lang='lat' dir='ltr'>manu</span> 
     </span>
    </p>
   </div>
   <div class='ocr_carea' id='block_1_6' title="bbox 58 2749 1334 2819">
    <p class='ocr_par' dir='ltr' id='par_1_10' title="bbox 58 2749 1334 2819">
     <span class='ocr_line' id='line_1_22' title="bbox 58 2749 1334 2819; baseline 0 -12"><span class='ocrx_word' id='word_1_149' title='bbox 58 2754 164 2807; x_wconf 74' lang='lat' dir='ltr'>oranti</span> <span class='ocrx_word' id='word_1_150' title='bbox 184 2755 251 2808; x_wconf 90' lang='lat' dir='ltr'>sunt</span> <span class='ocrx_word' id='word_1_151' title='bbox 269 2784 304 2793; x_wconf 95' lang='lat'>-</span> <span class='ocrx_word' id='word_1_152' title='bbox 324 2758 364 2808; x_wconf 80' lang='lat'>19.</span> <span class='ocrx_word' id='word_1_153' title='bbox 383 2751 410 2806; x_wconf 88' lang='grc' dir='ltr'>τ’</span> <span class='ocrx_word' id='word_1_154' title='bbox 431 2769 485 2806; x_wconf 87' lang='grc' dir='ltr'><strong><em>οιιι.</em></strong></span> <span class='ocrx_word' id='word_1_155' title='bbox 505 2752 534 2807; x_wconf 91' lang='lat' dir='ltr'><strong><em>D</em></strong></span> <span class='ocrx_word' id='word_1_156' title='bbox 553 2784 585 2793; x_wconf 93' lang='lat'><em>-</em></span> <span class='ocrx_word' id='word_1_157' title='bbox 606 2758 648 2807; x_wconf 88' lang='grc'>20.</span> <span class='ocrx_word' id='word_1_158' title='bbox 668 2752 785 2808; x_wconf 79' lang='grc' dir='ltr'><strong><em>οὕνεκεν</em></strong></span> <span class='ocrx_word' id='word_1_159' title='bbox 802 2753 871 2807; x_wconf 91' lang='lat' dir='ltr'>BD</span> <span class='ocrx_word' id='word_1_160' title='bbox 890 2785 923 2794; x_wconf 91' lang='lat'><em>-</em></span> <span class='ocrx_word' id='word_1_161' title='bbox 942 2759 984 2808; x_wconf 82' lang='grc'>23.</span> <span class='ocrx_word' id='word_1_162' title='bbox 1004 2749 1109 2819; x_wconf 78' lang='grc' dir='ltr'><strong><em>ξείνιον</em></strong></span> <span class='ocrx_word' id='word_1_163' title='bbox 1127 2753 1154 2806; x_wconf 89' lang='grc' dir='ltr'><em>Β</em></span> <span class='ocrx_word' id='word_1_164' title='bbox 1164 2752 1194 2806; x_wconf 90' lang='lat' dir='ltr'><strong><em>D</em></strong></span> <span class='ocrx_word' id='word_1_165' title='bbox 1206 2783 1242 2792; x_wconf 94' lang='lat'>—</span> <span class='ocrx_word' id='word_1_166' title='bbox 1255 2750 1334 2808; x_wconf 85' lang='grc' dir='ltr'><strong><em>κατί-</em></strong></span> 
     </span>
    </p>
   </div>
   <div class='ocr_carea' id='block_1_7' title="bbox 58 2821 1333 2965">
    <p class='ocr_par' dir='ltr' id='par_1_11' title="bbox 58 2821 1333 2965">
     <span class='ocr_line' id='line_1_23' title="bbox 58 2821 1333 2894; baseline 0.002 -17"><span class='ocrx_word' id='word_1_167' title='bbox 58 2826 162 2894; x_wconf 89' lang='grc' dir='ltr'><strong><em>δραμεν</em></strong></span> <span class='ocrx_word' id='word_1_168' title='bbox 187 2823 285 2880; x_wconf 67' lang='lat' dir='ltr'>&#39;lriciz</span> <span class='ocrx_word' id='word_1_169' title='bbox 308 2821 482 2893; x_wconf 78' lang='grc' dir='ltr'><strong><em>κατέδρακεν</em></strong></span> <span class='ocrx_word' id='word_1_170' title='bbox 505 2824 571 2879; x_wconf 90' lang='lat' dir='ltr'>BD</span> <span class='ocrx_word' id='word_1_171' title='bbox 594 2827 623 2879; x_wconf 84' lang='lat' dir='ltr'>et</span> <span class='ocrx_word' id='word_1_172' title='bbox 646 2823 731 2878; x_wconf 84' lang='lat' dir='ltr'>schol.</span> <span class='ocrx_word' id='word_1_173' title='bbox 751 2855 786 2864; x_wconf 90' lang='lat'>—</span> <span class='ocrx_word' id='word_1_174' title='bbox 805 2830 846 2879; x_wconf 80' lang='grc'>25.</span> <span class='ocrx_word' id='word_1_175' title='bbox 872 2825 1004 2891; x_wconf 80' lang='grc' dir='ltr'><strong><em>κραταιὸς</em></strong></span> <span class='ocrx_word' id='word_1_176' title='bbox 1026 2823 1073 2878; x_wconf 81' lang='lat' dir='ltr'>vel</span> <span class='ocrx_word' id='word_1_177' title='bbox 1099 2821 1243 2892; x_wconf 80' lang='grc' dir='ltr'><strong><em>κράτιστος</em></strong></span> <span class='ocrx_word' id='word_1_178' title='bbox 1262 2823 1333 2880; x_wconf 79' lang='lat' dir='ltr'>coni.</span> 
     </span>
     <span class='ocr_line' id='line_1_24' title="bbox 59 2895 479 2965; baseline 0.005 -17"><span class='ocrx_word' id='word_1_179' title='bbox 59 2895 183 2952; x_wconf 81' lang='lat' dir='ltr'>Schmid:</span> <span class='ocrx_word' id='word_1_180' title='bbox 204 2895 338 2965; x_wconf 82' lang='grc' dir='ltr'><strong><em>καρτερὸς</em></strong></span> <span class='ocrx_word' id='word_1_181' title='bbox 356 2897 383 2950; x_wconf 87' lang='grc' dir='ltr'><strong>Β</strong></span> <span class='ocrx_word' id='word_1_182' title='bbox 397 2896 427 2950; x_wconf 89' lang='lat' dir='ltr'><strong><em>D</em></strong></span> <span class='ocrx_word' id='word_1_183' title='bbox 446 2927 479 2936; x_wconf 86' lang='lat'><em>-</em></span> 
     </span>
    </p>
   </div>
   <div class='ocr_carea' id='block_1_8' title="bbox 59 3035 1336 4890">
    <p class='ocr_par' dir='ltr' id='par_1_12' title="bbox 59 3035 1336 4890">
     <span class='ocr_line' id='line_1_25' title="bbox 128 3035 1336 3114; baseline 0 -22"><span class='ocrx_word' id='word_1_184' title='bbox 128 3044 169 3094; x_wconf 90' lang='grc'><strong>12.</strong></span> <span class='ocrx_word' id='word_1_185' title='bbox 191 3038 336 3108; x_wconf 70' lang='grc' dir='ltr'><strong><em>ἠύκυργον</em></strong></span> <span class='ocrx_word' id='word_1_186' title='bbox 353 3054 405 3110; x_wconf 89' lang='lat' dir='ltr'>pro</span> <span class='ocrx_word' id='word_1_187' title='bbox 418 3037 529 3106; x_wconf 80' lang='lat' dir='ltr'>vulgsri</span> <span class='ocrx_word' id='word_1_188' title='bbox 544 3037 692 3108; x_wconf 81' lang='grc' dir='ltr'><strong><em>εύκνργον,</em></strong></span> <span class='ocrx_word' id='word_1_189' title='bbox 711 3039 746 3093; x_wconf 88' lang='lat' dir='ltr'>cf.</span> <span class='ocrx_word' id='word_1_190' title='bbox 761 3039 798 3094; x_wconf 85' lang='lat' dir='ltr'>ad</span> <span class='ocrx_word' id='word_1_191' title='bbox 813 3038 844 3093; x_wconf 91' lang='lat'>0.</span> <span class='ocrx_word' id='word_1_192' title='bbox 859 3057 878 3094; x_wconf 85' lang='lat' dir='ltr'>v</span> <span class='ocrx_word' id='word_1_193' title='bbox 891 3055 917 3094; x_wconf 81' lang='grc' dir='ltr'><strong><em>ιο</em></strong></span> <span class='ocrx_word' id='word_1_194' title='bbox 932 3071 965 3080; x_wconf 92' lang='grc'>-</span> <span class='ocrx_word' id='word_1_195' title='bbox 981 3044 1021 3092; x_wconf 83' lang='grc'><strong>13.</strong></span> <span class='ocrx_word' id='word_1_196' title='bbox 1041 3035 1106 3114; x_wconf 74' lang='grc' dir='ltr'><strong><em>δίκᾳ</em></strong></span> <span class='ocrx_word' id='word_1_197' title='bbox 1121 3037 1219 3094; x_wconf 80' lang='grc' dir='ltr'><strong><em>κοινὸν</em></strong></span> <span class='ocrx_word' id='word_1_198' title='bbox 1233 3035 1336 3108; x_wconf 78' lang='grc' dir='ltr'><strong><em>φέγγος</em></strong></span> 
     </span>
     <span class='ocr_line' id='line_1_26' title="bbox 60 3107 1336 3181; baseline 0.002 -20"><span class='ocrx_word' id='word_1_199' title='bbox 60 3110 200 3177; x_wconf 89' lang='lat' dir='ltr'>quomodo</span> <span class='ocrx_word' id='word_1_200' title='bbox 213 3109 359 3180; x_wconf 73' lang='grc' dir='ltr'><strong><em>ἠύκυργον</em></strong></span> <span class='ocrx_word' id='word_1_201' title='bbox 377 3107 441 3173; x_wconf 81' lang='grc' dir='ltr'><strong><em>ίδος</em></strong></span> <span class='ocrx_word' id='word_1_202' title='bbox 459 3109 518 3163; x_wconf 81' lang='lat' dir='ltr'>sire</span> <span class='ocrx_word' id='word_1_203' title='bbox 532 3109 642 3181; x_wconf 78' lang='lat' dir='ltr'>Aegina</span> <span class='ocrx_word' id='word_1_204' title='bbox 661 3109 780 3177; x_wconf 79' lang='lat' dir='ltr'>dicatur,</span> <span class='ocrx_word' id='word_1_205' title='bbox 798 3111 879 3180; x_wconf 84' lang='lat' dir='ltr'>patet</span> <span class='ocrx_word' id='word_1_206' title='bbox 897 3109 1000 3165; x_wconf 86' lang='lat' dir='ltr'>collato</span> <span class='ocrx_word' id='word_1_207' title='bbox 1020 3109 1051 3166; x_wconf 94' lang='lat'>0.</span> <span class='ocrx_word' id='word_1_208' title='bbox 1065 3128 1115 3163; x_wconf 87' lang='lat' dir='ltr'>vm</span> <span class='ocrx_word' id='word_1_209' title='bbox 1129 3125 1154 3164; x_wconf 85' lang='lat' dir='ltr'>so</span> <span class='ocrx_word' id='word_1_210' title='bbox 1173 3141 1206 3150; x_wconf 93' lang='lat'>-</span> <span class='ocrx_word' id='word_1_211' title='bbox 1227 3115 1268 3165; x_wconf 88' lang='lat'>14.</span> <span class='ocrx_word' id='word_1_212' title='bbox 1288 3110 1336 3173; x_wconf 84' lang='grc' dir='ltr'>τὸς</span> 
     </span>
     <span class='ocr_line' id='line_1_27' title="bbox 59 3179 1336 3252; baseline 0.002 -19"><span class='ocrx_word' id='word_1_213' title='bbox 59 3181 164 3250; x_wconf 75' lang='grc' dir='ltr'><strong><em>πατήρ,</em></strong></span> <span class='ocrx_word' id='word_1_214' title='bbox 185 3181 260 3250; x_wconf 90' lang='lat' dir='ltr'>quod</span> <span class='ocrx_word' id='word_1_215' title='bbox 279 3181 390 3235; x_wconf 89' lang='lat' dir='ltr'>codices</span> <span class='ocrx_word' id='word_1_216' title='bbox 408 3183 438 3236; x_wconf 92' lang='lat' dir='ltr'>et</span> <span class='ocrx_word' id='word_1_217' title='bbox 456 3179 565 3236; x_wconf 84' lang='lat' dir='ltr'>scholia</span> <span class='ocrx_word' id='word_1_218' title='bbox 583 3181 730 3250; x_wconf 82' lang='lat' dir='ltr'>exhibent,</span> <span class='ocrx_word' id='word_1_219' title='bbox 748 3182 796 3236; x_wconf 82' lang='lat' dir='ltr'>vix</span> <span class='ocrx_word' id='word_1_220' title='bbox 814 3198 914 3236; x_wconf 87' lang='lat' dir='ltr'>sanum</span> <span class='ocrx_word' id='word_1_221' title='bbox 933 3184 988 3244; x_wconf 80' lang='lat' dir='ltr'>est,</span> <span class='ocrx_word' id='word_1_222' title='bbox 1007 3180 1075 3251; x_wconf 89' lang='lat' dir='ltr'>quia</span> <span class='ocrx_word' id='word_1_223' title='bbox 1093 3183 1122 3236; x_wconf 87' lang='lat' dir='ltr'>et</span> <span class='ocrx_word' id='word_1_224' title='bbox 1140 3183 1206 3236; x_wconf 83' lang='lat' dir='ltr'>ants</span> <span class='ocrx_word' id='word_1_225' title='bbox 1225 3183 1336 3252; x_wconf 90' lang='lat' dir='ltr'>etpost</span> 
     </span>
     <span class='ocr_line' id='line_1_28' title="bbox 60 3251 1334 3322; baseline 0.001 -17"><span class='ocrx_word' id='word_1_226' title='bbox 60 3251 258 3306; x_wconf 83' lang='lat' dir='ltr'>Timesarehus</span> <span class='ocrx_word' id='word_1_227' title='bbox 276 3252 391 3306; x_wconf 83' lang='lat' dir='ltr'>tertiam</span> <span class='ocrx_word' id='word_1_228' title='bbox 408 3269 557 3322; x_wconf 86' lang='lat' dir='ltr'>personam</span> <span class='ocrx_word' id='word_1_229' title='bbox 574 3251 681 3318; x_wconf 84' lang='lat' dir='ltr'>induit;</span> <span class='ocrx_word' id='word_1_230' title='bbox 700 3270 757 3322; x_wconf 87' lang='lat' dir='ltr'>qua</span> <span class='ocrx_word' id='word_1_231' title='bbox 776 3253 810 3308; x_wconf 91' lang='lat' dir='ltr'>de</span> <span class='ocrx_word' id='word_1_232' title='bbox 829 3270 916 3307; x_wconf 85' lang='lat' dir='ltr'>cause</span> <span class='ocrx_word' id='word_1_233' title='bbox 934 3252 1027 3308; x_wconf 85' lang='lat' dir='ltr'>nescio</span> <span class='ocrx_word' id='word_1_234' title='bbox 1046 3269 1083 3306; x_wconf 89' lang='lat' dir='ltr'>an</span> <span class='ocrx_word' id='word_1_235' title='bbox 1097 3253 1127 3305; x_wconf 90' lang='lat' dir='ltr'>in</span> <span class='ocrx_word' id='word_1_236' title='bbox 1141 3255 1234 3306; x_wconf 88' lang='lat' dir='ltr'>vetere</span> <span class='ocrx_word' id='word_1_237' title='bbox 1250 3252 1334 3322; x_wconf 90' lang='lat' dir='ltr'>scrip·</span> 
     </span>
     <span class='ocr_line' id='line_1_29' title="bbox 60 3323 1335 3392; baseline 0.002 -18"><span class='ocrx_word' id='word_1_238' title='bbox 60 3326 121 3377; x_wconf 86' lang='lat' dir='ltr'>tura</span> <span class='ocrx_word' id='word_1_239' title='bbox 135 3323 321 3379; x_wconf 73' lang='lat' dir='ltr'>ZOZlateat</span> <span class='ocrx_word' id='word_1_240' title='bbox 334 3332 388 3386; x_wconf 82' lang='grc' dir='ltr'>τῶς</span> <span class='ocrx_word' id='word_1_241' title='bbox 406 3323 452 3392; x_wconf 87' lang='lat' dir='ltr'>(cf.</span> <span class='ocrx_word' id='word_1_242' title='bbox 467 3323 497 3378; x_wconf 90' lang='lat' dir='ltr'>P.</span> <span class='ocrx_word' id='word_1_243' title='bbox 511 3343 544 3376; x_wconf 92' lang='grc' dir='ltr'>ιιι</span> <span class='ocrx_word' id='word_1_244' title='bbox 557 3326 619 3392; x_wconf 73' lang='lat' dir='ltr'>roo),</span> <span class='ocrx_word' id='word_1_245' title='bbox 637 3323 710 3378; x_wconf 88' lang='lat' dir='ltr'>nihil</span> <span class='ocrx_word' id='word_1_246' title='bbox 728 3327 822 3378; x_wconf 89' lang='lat' dir='ltr'>autem</span> <span class='ocrx_word' id='word_1_247' title='bbox 841 3325 879 3378; x_wconf 87' lang='lat' dir='ltr'>ad</span> <span class='ocrx_word' id='word_1_248' title='bbox 898 3325 1046 3379; x_wconf 86' lang='lat' dir='ltr'>lectionem</span> <span class='ocrx_word' id='word_1_249' title='bbox 1065 3325 1112 3386; x_wconf 86' lang='grc' dir='ltr'>νὸς</span> <span class='ocrx_word' id='word_1_250' title='bbox 1130 3323 1335 3378; x_wconf 77' lang='lat' dir='ltr'>defendendam</span> 
     </span>
     <span class='ocr_line' id='line_1_30' title="bbox 61 3393 1334 3466; baseline 0.003 -20"><span class='ocrx_word' id='word_1_251' title='bbox 61 3393 158 3448; x_wconf 89' lang='lat' dir='ltr'>similis</span> <span class='ocrx_word' id='word_1_252' title='bbox 177 3395 258 3448; x_wconf 90' lang='lat' dir='ltr'>locus</span> <span class='ocrx_word' id='word_1_253' title='bbox 275 3395 310 3450; x_wconf 97' lang='lat' dir='ltr'>N.</span> <span class='ocrx_word' id='word_1_254' title='bbox 329 3414 347 3448; x_wconf 84' lang='lat' dir='ltr'>v</span> <span class='ocrx_word' id='word_1_255' title='bbox 365 3410 392 3449; x_wconf 79' lang='lat' dir='ltr'>so</span> <span class='ocrx_word' id='word_1_256' title='bbox 410 3395 494 3462; x_wconf 78' lang='lat' dir='ltr'>valet,</span> <span class='ocrx_word' id='word_1_257' title='bbox 513 3397 546 3448; x_wconf 91' lang='lat' dir='ltr'>ut</span> <span class='ocrx_word' id='word_1_258' title='bbox 564 3395 613 3464; x_wconf 91' lang='lat' dir='ltr'>qui</span> <span class='ocrx_word' id='word_1_259' title='bbox 631 3396 738 3466; x_wconf 86' lang='lat' dir='ltr'>etipse</span> <span class='ocrx_word' id='word_1_260' title='bbox 757 3399 903 3466; x_wconf 89' lang='lat' dir='ltr'>corruptus</span> <span class='ocrx_word' id='word_1_261' title='bbox 922 3395 960 3450; x_wconf 86' lang='lat' dir='ltr'>sit</span> <span class='ocrx_word' id='word_1_262' title='bbox 980 3398 1009 3450; x_wconf 90' lang='lat' dir='ltr'>st</span> <span class='ocrx_word' id='word_1_263' title='bbox 1026 3393 1137 3449; x_wconf 88' lang='lat' dir='ltr'>medela</span> <span class='ocrx_word' id='word_1_264' title='bbox 1154 3394 1283 3465; x_wconf 81' lang='lat' dir='ltr'>indigeat</span> <span class='ocrx_word' id='word_1_265' title='bbox 1301 3427 1334 3436; x_wconf 93' lang='lat'><em>-</em></span> 
     </span>
     <span class='ocr_line' id='line_1_31' title="bbox 63 3463 1334 3537; baseline 0.002 -20"><span class='ocrx_word' id='word_1_266' title='bbox 63 3471 101 3519; x_wconf 92' lang='grc'><strong>15.</strong></span> <span class='ocrx_word' id='word_1_267' title='bbox 120 3465 193 3536; x_wconf 81' lang='grc' dir='ltr'><strong><em>ἅμα,</em></strong></span> <span class='ocrx_word' id='word_1_268' title='bbox 218 3466 293 3535; x_wconf 92' lang='lat' dir='ltr'>quod</span> <span class='ocrx_word' id='word_1_269' title='bbox 311 3465 442 3520; x_wconf 85' lang='lat' dir='ltr'>similiter</span> <span class='ocrx_word' id='word_1_270' title='bbox 459 3470 545 3534; x_wconf 90' lang='lat' dir='ltr'>atque</span> <span class='ocrx_word' id='word_1_271' title='bbox 567 3465 601 3520; x_wconf 88' lang='lat' dir='ltr'>N.</span> <span class='ocrx_word' id='word_1_272' title='bbox 621 3485 642 3519; x_wconf 91' lang='lat' dir='ltr'>n</span> <span class='ocrx_word' id='word_1_273' title='bbox 659 3484 672 3522; x_wconf 84' lang='grc' dir='ltr'><strong><em>ο</em></strong></span> <span class='ocrx_word' id='word_1_274' title='bbox 691 3485 725 3521; x_wconf 86' lang='lat' dir='ltr'>ex</span> <span class='ocrx_word' id='word_1_275' title='bbox 743 3471 874 3537; x_wconf 87' lang='lat' dir='ltr'>corrupta</span> <span class='ocrx_word' id='word_1_276' title='bbox 892 3466 1013 3522; x_wconf 89' lang='lat' dir='ltr'>lectione</span> <span class='ocrx_word' id='word_1_277' title='bbox 1031 3463 1113 3536; x_wconf 79' lang='grc' dir='ltr'><strong><em>δάμα</em></strong></span> <span class='ocrx_word' id='word_1_278' title='bbox 1131 3466 1334 3521; x_wconf 82' lang='lat' dir='ltr'>restituendum</span> 
     </span>
     <span class='ocr_line' id='line_1_32' title="bbox 62 3535 1334 3609; baseline 0.002 -20"><span class='ocrx_word' id='word_1_279' title='bbox 62 3535 121 3604; x_wconf 87' lang='lat' dir='ltr'>fuit,</span> <span class='ocrx_word' id='word_1_280' title='bbox 139 3536 303 3591; x_wconf 89' lang='lat' dir='ltr'>illustratur</span> <span class='ocrx_word' id='word_1_281' title='bbox 314 3535 470 3592; x_wconf 86' lang='lat' dir='ltr'>Horatiano</span> <span class='ocrx_word' id='word_1_282' title='bbox 484 3539 609 3593; x_wconf 77' lang='lat' dir='ltr'>concines</span> <span class='ocrx_word' id='word_1_283' title='bbox 622 3541 724 3594; x_wconf 80' lang='lat' dir='ltr'>maiore</span> <span class='ocrx_word' id='word_1_284' title='bbox 734 3547 816 3608; x_wconf 80' lang='lat' dir='ltr'>poeta</span> <span class='ocrx_word' id='word_1_285' title='bbox 826 3541 930 3608; x_wconf 81' lang='lat' dir='ltr'>plectro</span> <span class='ocrx_word' id='word_1_286' title='bbox 944 3537 983 3608; x_wconf 80' lang='lat' dir='ltr'>(C.</span> <span class='ocrx_word' id='word_1_287' title='bbox 998 3556 1026 3591; x_wconf 83' lang='grc' dir='ltr'>ιν</span> <span class='ocrx_word' id='word_1_288' title='bbox 1041 3554 1060 3604; x_wconf 82' lang='lat' dir='ltr'>a,</span> <span class='ocrx_word' id='word_1_289' title='bbox 1075 3541 1111 3606; x_wconf 80' lang='grc' dir='ltr'><strong><em>ιι)</em></strong></span> <span class='ocrx_word' id='word_1_290' title='bbox 1127 3569 1159 3578; x_wconf 90' lang='grc'>-</span> <span class='ocrx_word' id='word_1_291' title='bbox 1176 3543 1217 3593; x_wconf 89' lang='grc'><strong>16.</strong></span> <span class='ocrx_word' id='word_1_292' title='bbox 1232 3536 1334 3609; x_wconf 84' lang='grc' dir='ltr'><strong><em>ὕμνον·</em></strong></span> 
     </span>
     <span class='ocr_line' id='line_1_33' title="bbox 62 3606 1335 3691; baseline 0.005 -33"><span class='ocrx_word' id='word_1_293' title='bbox 62 3623 120 3661; x_wconf 87' lang='lat' dir='ltr'>cum</span> <span class='ocrx_word' id='word_1_294' title='bbox 138 3609 260 3678; x_wconf 80' lang='lat' dir='ltr'>hymnus</span> <span class='ocrx_word' id='word_1_295' title='bbox 279 3606 339 3691; x_wconf 89' lang='lat' dir='ltr'>ipse</span> <span class='ocrx_word' id='word_1_296' title='bbox 358 3609 464 3662; x_wconf 81' lang='lat' dir='ltr'>fascem</span> <span class='ocrx_word' id='word_1_297' title='bbox 490 3625 655 3664; x_wconf 88' lang='lat' dir='ltr'>coronarum</span> <span class='ocrx_word' id='word_1_298' title='bbox 683 3609 795 3664; x_wconf 82' lang='lat' dir='ltr'>mittere</span> <span class='ocrx_word' id='word_1_299' title='bbox 825 3609 882 3664; x_wconf 89' lang='lat' dir='ltr'>dici</span> <span class='ocrx_word' id='word_1_300' title='bbox 908 3609 956 3664; x_wconf 76' lang='lat' dir='ltr'>vix</span> <span class='ocrx_word' id='word_1_301' title='bbox 983 3607 1086 3680; x_wconf 83' lang='lat' dir='ltr'>possit,</span> <span class='ocrx_word' id='word_1_302' title='bbox 1113 3607 1258 3679; x_wconf 79' lang='grc' dir='ltr'><strong><em>πέμψαντι</em></strong></span> <span class='ocrx_word' id='word_1_303' title='bbox 1304 3628 1335 3664; x_wconf 91' lang='lat' dir='ltr'>ro</span> 
     </span>
     <span class='ocr_line' id='line_1_34' title="bbox 63 3677 1334 3750; baseline 0.004 -19"><span class='ocrx_word' id='word_1_304' title='bbox 63 3677 212 3748; x_wconf 77' lang='grc' dir='ltr'><strong><em>κίμφακτα</em></strong></span> <span class='ocrx_word' id='word_1_305' title='bbox 240 3683 399 3735; x_wconf 89' lang='lat' dir='ltr'>comectura</span> <span class='ocrx_word' id='word_1_306' title='bbox 426 3697 559 3750; x_wconf 80' lang='lat' dir='ltr'>reponere</span> <span class='ocrx_word' id='word_1_307' title='bbox 584 3679 673 3734; x_wconf 90' lang='lat' dir='ltr'>malui</span> <span class='ocrx_word' id='word_1_308' title='bbox 696 3713 729 3721; x_wconf 96' lang='lat'><em>-</em></span> <span class='ocrx_word' id='word_1_309' title='bbox 750 3687 792 3737; x_wconf 76' lang='lat'>11.</span> <span class='ocrx_word' id='word_1_310' title='bbox 811 3678 984 3737; x_wconf 78' lang='grc' dir='ltr'><strong><em>Κλεωναίου·</em></strong></span> <span class='ocrx_word' id='word_1_311' title='bbox 1009 3678 1189 3748; x_wconf 79' lang='grc' dir='ltr'><strong><em>Κλεωναίων,</em></strong></span> <span class='ocrx_word' id='word_1_312' title='bbox 1213 3681 1262 3750; x_wconf 88' lang='lat' dir='ltr'>qui</span> <span class='ocrx_word' id='word_1_313' title='bbox 1308 3699 1334 3736; x_wconf 89' lang='lat' dir='ltr'>e·</span> 
     </span>
     <span class='ocr_line' id='line_1_35' title="bbox 62 3751 1334 3823; baseline 0.003 -21"><span class='ocrx_word' id='word_1_314' title='bbox 62 3766 168 3806; x_wconf 85' lang='lat' dir='ltr'>meaeos</span> <span class='ocrx_word' id='word_1_315' title='bbox 193 3751 274 3805; x_wconf 88' lang='lat' dir='ltr'>ludos</span> <span class='ocrx_word' id='word_1_316' title='bbox 297 3751 551 3819; x_wconf 88' lang='lat' dir='ltr'>administrabant;</span> <span class='ocrx_word' id='word_1_317' title='bbox 574 3769 599 3807; x_wconf 84' lang='lat' dir='ltr'>v.</span> <span class='ocrx_word' id='word_1_318' title='bbox 619 3751 653 3806; x_wconf 91' lang='lat' dir='ltr'>N.</span> <span class='ocrx_word' id='word_1_319' title='bbox 673 3752 1054 3808; x_wconf 82' lang='lat' dir='ltr'>xssetProl.nmv11-</span> <span class='ocrx_word' id='word_1_320' title='bbox 1075 3757 1116 3807; x_wconf 83' lang='lat'>18.</span> <span class='ocrx_word' id='word_1_321' title='bbox 1140 3755 1263 3820; x_wconf 76' lang='grc' dir='ltr'><strong><em>λιπαρᾶν</em></strong></span> <span class='ocrx_word' id='word_1_322' title='bbox 1286 3769 1334 3823; x_wconf 85' lang='lat' dir='ltr'>ap-</span> 
     </span>
     <span class='ocr_line' id='line_1_36' title="bbox 63 3820 1333 3906; baseline 0.003 -32"><span class='ocrx_word' id='word_1_323' title='bbox 63 3820 199 3878; x_wconf 88' lang='lat' dir='ltr'>tissimum</span> <span class='ocrx_word' id='word_1_324' title='bbox 218 3823 362 3892; x_wconf 74' lang='lat' dir='ltr'>epitheton</span> <span class='ocrx_word' id='word_1_325' title='bbox 382 3823 555 3878; x_wconf 78' lang='lat' dir='ltr'>Athenarum</span> <span class='ocrx_word' id='word_1_326' title='bbox 574 3827 617 3877; x_wconf 85' lang='lat' dir='ltr'>eat</span> <span class='ocrx_word' id='word_1_327' title='bbox 635 3841 668 3879; x_wconf 88' lang='lat' dir='ltr'>ex</span> <span class='ocrx_word' id='word_1_328' title='bbox 687 3823 867 3894; x_wconf 92' lang='lat' dir='ltr'>dithyrambo</span> <span class='ocrx_word' id='word_1_329' title='bbox 887 3823 1052 3878; x_wconf 78' lang='lat' dir='ltr'>Atheniensi</span> <span class='ocrx_word' id='word_1_330' title='bbox 1071 3823 1114 3906; x_wconf 70' lang='lat' dir='ltr'>(fr.</span> <span class='ocrx_word' id='word_1_331' title='bbox 1134 3828 1170 3893; x_wconf 81' lang='lat' dir='ltr'>rc)</span> <span class='ocrx_word' id='word_1_332' title='bbox 1193 3827 1333 3894; x_wconf 88' lang='lat' dir='ltr'>sumptum</span> 
     </span>
     <span class='ocr_line' id='line_1_37' title="bbox 64 3893 1333 3966; baseline 0.003 -19"><span class='ocrx_word' id='word_1_333' title='bbox 64 3899 153 3950; x_wconf 82' lang='grc'><strong>-18,</strong></span> <span class='ocrx_word' id='word_1_334' title='bbox 175 3894 283 3966; x_wconf 81' lang='grc' dir='ltr'><strong><em>Θήβαις</em></strong></span> <span class='ocrx_word' id='word_1_335' title='bbox 302 3893 332 3948; x_wconf 81' lang='grc' dir='ltr'>ἐν</span> <span class='ocrx_word' id='word_1_336' title='bbox 352 3893 520 3957; x_wconf 76' lang='grc' dir='ltr'><strong><em>ἑπταπύλοις</em></strong></span> <span class='ocrx_word' id='word_1_337' title='bbox 537 3895 617 3948; x_wconf 82' lang='lat' dir='ltr'>iuxta</span> <span class='ocrx_word' id='word_1_338' title='bbox 636 3896 785 3965; x_wconf 80' lang='grc' dir='ltr'><strong><em>εὐωνύμων</em></strong></span> <span class='ocrx_word' id='word_1_339' title='bbox 803 3894 854 3950; x_wconf 79' lang='grc' dir='ltr'>ἀπ’</span> <span class='ocrx_word' id='word_1_340' title='bbox 875 3894 998 3951; x_wconf 61' lang='lat' dir='ltr'>honoro</span> <span class='ocrx_word' id='word_1_341' title='bbox 1019 3894 1105 3949; x_wconf 85' lang='lat' dir='ltr'>simrli</span> <span class='ocrx_word' id='word_1_342' title='bbox 1123 3894 1185 3950; x_wconf 90' lang='lat' dir='ltr'>loco</span> <span class='ocrx_word' id='word_1_343' title='bbox 1205 3895 1236 3950; x_wconf 93' lang='grc' dir='ltr'>Ο.</span> <span class='ocrx_word' id='word_1_344' title='bbox 1251 3914 1290 3950; x_wconf 78' lang='grc' dir='ltr'>ιιι</span> <span class='ocrx_word' id='word_1_345' title='bbox 1310 3913 1333 3951; x_wconf 83' lang='grc' dir='ltr'><strong><em>ιτ</em></strong></span> 
     </span>
     <span class='ocr_line' id='line_1_38' title="bbox 65 3962 1334 4038; baseline 0.005 -23"><span class='ocrx_word' id='word_1_346' title='bbox 65 3962 172 4020; x_wconf 82' lang='lat' dir='ltr'>defendi</span> <span class='ocrx_word' id='word_1_347' title='bbox 199 3968 306 4035; x_wconf 77' lang='lat' dir='ltr'>potest3</span> <span class='ocrx_word' id='word_1_348' title='bbox 334 3966 384 4020; x_wconf 88' lang='lat' dir='ltr'>sed</span> <span class='ocrx_word' id='word_1_349' title='bbox 411 3965 523 4021; x_wconf 83' lang='lat' dir='ltr'>facilior</span> <span class='ocrx_word' id='word_1_350' title='bbox 546 3965 595 4022; x_wconf 79' lang='lat' dir='ltr'>ria</span> <span class='ocrx_word' id='word_1_351' title='bbox 621 3965 826 4038; x_wconf 84' lang='lat' dir='ltr'>interpretandi</span> <span class='ocrx_word' id='word_1_352' title='bbox 852 3969 908 4036; x_wconf 88' lang='lat' dir='ltr'>est,</span> <span class='ocrx_word' id='word_1_353' title='bbox 937 3967 962 4020; x_wconf 88' lang='lat' dir='ltr'>si</span> <span class='ocrx_word' id='word_1_354' title='bbox 986 3964 1098 4036; x_wconf 80' lang='lat' dir='ltr'>virgula</span> <span class='ocrx_word' id='word_1_355' title='bbox 1122 3969 1187 4036; x_wconf 85' lang='lat' dir='ltr'>post</span> <span class='ocrx_word' id='word_1_356' title='bbox 1211 3965 1334 4021; x_wconf 77' lang='grc' dir='ltr'><strong><em>Ἀθανᾶν</em></strong></span> 
     </span>
     <span class='ocr_line' id='line_1_39' title="bbox 65 4035 1334 4120; baseline 0.003 -32"><span class='ocrx_word' id='word_1_357' title='bbox 65 4036 152 4102; x_wconf 88' lang='lat' dir='ltr'>posita</span> <span class='ocrx_word' id='word_1_358' title='bbox 177 4036 264 4091; x_wconf 79' lang='lat' dir='ltr'>verba</span> <span class='ocrx_word' id='word_1_359' title='bbox 290 4037 321 4091; x_wconf 81' lang='grc' dir='ltr'>έν</span> <span class='ocrx_word' id='word_1_360' title='bbox 343 4037 451 4109; x_wconf 77' lang='grc' dir='ltr'><strong><em>Θήβαις</em></strong></span> <span class='ocrx_word' id='word_1_361' title='bbox 471 4053 534 4092; x_wconf 89' lang='lat' dir='ltr'>cum</span> <span class='ocrx_word' id='word_1_362' title='bbox 553 4035 671 4107; x_wconf 87' lang='grc' dir='ltr'><strong><em>μίγνυον</em></strong></span> <span class='ocrx_word' id='word_1_363' title='bbox 691 4038 815 4093; x_wconf 86' lang='lat' dir='ltr'>iunxeris</span> <span class='ocrx_word' id='word_1_364' title='bbox 836 4070 870 4078; x_wconf 95' lang='lat'><em>-</em></span> <span class='ocrx_word' id='word_1_365' title='bbox 892 4043 934 4092; x_wconf 88' lang='grc'>20.</span> <span class='ocrx_word' id='word_1_366' title='bbox 949 4035 1153 4107; x_wconf 68' lang='grc' dir='ltr'><strong><em>Ἀμφιτρύωνος</em></strong></span> <span class='ocrx_word' id='word_1_367' title='bbox 1173 4036 1250 4106; x_wconf 82' lang='grc' dir='ltr'><strong><em>καρὰ</em></strong></span> <span class='ocrx_word' id='word_1_368' title='bbox 1270 4037 1334 4120; x_wconf 86' lang='grc' dir='ltr'><strong><em>τύμ-</em></strong></span> 
     </span>
     <span class='ocr_line' id='line_1_40' title="bbox 65 4105 1332 4176; baseline 0.003 -16"><span class='ocrx_word' id='word_1_369' title='bbox 65 4105 111 4175; x_wconf 84' lang='grc' dir='ltr'>βον</span> <span class='ocrx_word' id='word_1_370' title='bbox 125 4152 130 4160; x_wconf 92' lang='grc'><strong>.</strong></span> <span class='ocrx_word' id='word_1_371' title='bbox 146 4153 151 4162; x_wconf 92' lang='grc'><strong>.</strong></span> <span class='ocrx_word' id='word_1_372' title='bbox 168 4153 174 4162; x_wconf 94' lang='grc'><strong>.</strong></span> <span class='ocrx_word' id='word_1_373' title='bbox 190 4114 233 4164; x_wconf 79' lang='grc'>24.</span> <span class='ocrx_word' id='word_1_374' title='bbox 247 4105 397 4175; x_wconf 77' lang='grc' dir='ltr'><strong><em>Ἡρακλέος</em></strong></span> <span class='ocrx_word' id='word_1_375' title='bbox 414 4108 485 4175; x_wconf 86' lang='grc' dir='ltr'><strong><em>κρδς</em></strong></span> <span class='ocrx_word' id='word_1_376' title='bbox 503 4107 606 4164; x_wconf 81' lang='grc' dir='ltr'><strong><em>αύλιίν·</em></strong></span> <span class='ocrx_word' id='word_1_377' title='bbox 625 4109 685 4163; x_wconf 91' lang='lat' dir='ltr'>ludi</span> <span class='ocrx_word' id='word_1_378' title='bbox 703 4108 834 4164; x_wconf 87' lang='lat' dir='ltr'>Heraclei</span> <span class='ocrx_word' id='word_1_379' title='bbox 851 4126 908 4164; x_wconf 93' lang='lat' dir='ltr'>non</span> <span class='ocrx_word' id='word_1_380' title='bbox 927 4109 957 4162; x_wconf 92' lang='lat' dir='ltr'>in</span> <span class='ocrx_word' id='word_1_381' title='bbox 971 4111 1064 4164; x_wconf 85' lang='lat' dir='ltr'>vetere</span> <span class='ocrx_word' id='word_1_382' title='bbox 1085 4107 1177 4164; x_wconf 86' lang='lat' dir='ltr'>stadio</span> <span class='ocrx_word' id='word_1_383' title='bbox 1196 4108 1332 4176; x_wconf 76' lang='lat' dir='ltr'>Herculis,</span> 
     </span>
     <span class='ocr_line' id='line_1_41' title="bbox 65 4179 1334 4261; baseline 0.002 -29"><span class='ocrx_word' id='word_1_384' title='bbox 65 4179 133 4243; x_wconf 91' lang='lat' dir='ltr'>quod</span> <span class='ocrx_word' id='word_1_385' title='bbox 147 4183 228 4234; x_wconf 86' lang='lat' dir='ltr'>extra</span> <span class='ocrx_word' id='word_1_386' title='bbox 241 4179 369 4234; x_wconf 84' lang='lat' dir='ltr'>Electrae</span> <span class='ocrx_word' id='word_1_387' title='bbox 383 4183 494 4261; x_wconf 86' lang='lat' dir='ltr'>portam</span> <span class='ocrx_word' id='word_1_388' title='bbox 527 4197 594 4251; x_wconf 88' lang='lat' dir='ltr'>rope</span> <span class='ocrx_word' id='word_1_389' title='bbox 608 4181 705 4235; x_wconf 87' lang='lat' dir='ltr'>fanum</span> <span class='ocrx_word' id='word_1_390' title='bbox 718 4181 847 4236; x_wconf 87' lang='lat' dir='ltr'>Herculia</span> <span class='ocrx_word' id='word_1_391' title='bbox 867 4185 896 4235; x_wconf 89' lang='lat' dir='ltr'>et</span> <span class='ocrx_word' id='word_1_392' title='bbox 914 4181 1027 4235; x_wconf 89' lang='lat' dir='ltr'>domum</span> <span class='ocrx_word' id='word_1_393' title='bbox 1041 4179 1253 4250; x_wconf 86' lang='lat' dir='ltr'>Amphitryonis</span> <span class='ocrx_word' id='word_1_394' title='bbox 1272 4183 1334 4236; x_wconf 87' lang='lat' dir='ltr'>erat</span> 
     </span>
     <span class='ocr_line' id='line_1_42' title="bbox 65 4199 1334 4323; baseline 0.004 -22"><span class='ocrx_word' id='word_1_395' title='bbox 65 4254 97 4312; x_wconf 84' lang='lat' dir='ltr'>(v.</span> <span class='ocrx_word' id='word_1_396' title='bbox 111 4250 191 4307; x_wconf 83' lang='lat' dir='ltr'>Pane.</span> <span class='ocrx_word' id='word_1_397' title='bbox 206 4270 235 4305; x_wconf 85' lang='lat' dir='ltr'>rx</span> <span class='ocrx_word' id='word_1_398' title='bbox 249 4268 282 4306; x_wconf 88' lang='lat'>11.</span> <span class='ocrx_word' id='word_1_399' title='bbox 309 4250 464 4320; x_wconf 76' lang='lat' dir='ltr'>Fabricius,</span> <span class='ocrx_word' id='word_1_400' title='bbox 483 4199 598 4306; x_wconf 58' lang='lat' dir='ltr'>Theben</span> <span class='ocrx_word' id='word_1_401' title='bbox 615 4271 642 4322; x_wconf 91' lang='lat' dir='ltr'>p.</span> <span class='ocrx_word' id='word_1_402' title='bbox 657 4256 702 4321; x_wconf 81' lang='grc' dir='ltr'><strong><em>ιι),</em></strong></span> <span class='ocrx_word' id='word_1_403' title='bbox 722 4253 888 4323; x_wconf 78' lang='lat' dir='ltr'>agebantur,</span> <span class='ocrx_word' id='word_1_404' title='bbox 907 4251 956 4306; x_wconf 88' lang='lat' dir='ltr'>sed</span> <span class='ocrx_word' id='word_1_405' title='bbox 975 4250 1004 4305; x_wconf 88' lang='lat' dir='ltr'>iu</span> <span class='ocrx_word' id='word_1_406' title='bbox 1023 4251 1117 4323; x_wconf 86' lang='lat' dir='ltr'>amplo</span> <span class='ocrx_word' id='word_1_407' title='bbox 1136 4251 1229 4306; x_wconf 88' lang='lat' dir='ltr'>stadio</span> <span class='ocrx_word' id='word_1_408' title='bbox 1248 4255 1334 4322; x_wconf 88' lang='lat' dir='ltr'>atque</span> 
     </span>
     <span class='ocr_line' id='line_1_43' title="bbox 66 4317 1334 4394; baseline 0.006 -23"><span class='ocrx_word' id='word_1_409' title='bbox 66 4317 243 4391; x_wconf 88' lang='lat' dir='ltr'>hippodromo</span> <span class='ocrx_word' id='word_1_410' title='bbox 269 4339 355 4393; x_wconf 88' lang='lat' dir='ltr'>prope</span> <span class='ocrx_word' id='word_1_411' title='bbox 378 4323 590 4394; x_wconf 79' lang='lat' dir='ltr'>Amphitryonis</span> <span class='ocrx_word' id='word_1_412' title='bbox 614 4326 642 4377; x_wconf 91' lang='lat' dir='ltr'>et</span> <span class='ocrx_word' id='word_1_413' title='bbox 660 4323 731 4377; x_wconf 87' lang='lat' dir='ltr'>loiai</span> <span class='ocrx_word' id='word_1_414' title='bbox 750 4341 896 4378; x_wconf 88' lang='lat' dir='ltr'>commune</span> <span class='ocrx_word' id='word_1_415' title='bbox 915 4323 1073 4393; x_wconf 86' lang='lat' dir='ltr'>sepulcrum</span> <span class='ocrx_word' id='word_1_416' title='bbox 1092 4325 1171 4378; x_wconf 88' lang='lat' dir='ltr'>extra</span> <span class='ocrx_word' id='word_1_417' title='bbox 1190 4323 1334 4378; x_wconf 86' lang='lat' dir='ltr'>Proetides</span> 
     </span>
     <span class='ocr_line' id='line_1_44' title="bbox 65 4393 1332 4465; baseline 0.002 -18"><span class='ocrx_word' id='word_1_418' title='bbox 65 4397 166 4461; x_wconf 73' lang='lat' dir='ltr'>portus,</span> <span class='ocrx_word' id='word_1_419' title='bbox 186 4393 357 4448; x_wconf 73' lang='lat' dir='ltr'>ctP.1xs1.</span> <span class='ocrx_word' id='word_1_420' title='bbox 385 4394 467 4448; x_wconf 84' lang='grc' dir='ltr'><strong><em>Ηιιιιο</em></strong></span> <span class='ocrx_word' id='word_1_421' title='bbox 485 4395 523 4448; x_wconf 86' lang='lat' dir='ltr'>ad</span> <span class='ocrx_word' id='word_1_422' title='bbox 541 4394 642 4462; x_wconf 89' lang='lat' dir='ltr'>locum,</span> <span class='ocrx_word' id='word_1_423' title='bbox 661 4394 710 4464; x_wconf 91' lang='lat' dir='ltr'>qui</span> <span class='ocrx_word' id='word_1_424' title='bbox 727 4396 758 4449; x_wconf 94' lang='lat' dir='ltr'>in</span> <span class='ocrx_word' id='word_1_425' title='bbox 771 4395 890 4465; x_wconf 88' lang='lat' dir='ltr'>planitie</span> <span class='ocrx_word' id='word_1_426' title='bbox 905 4394 975 4448; x_wconf 89' lang='lat' dir='ltr'>situs</span> <span class='ocrx_word' id='word_1_427' title='bbox 991 4397 1059 4461; x_wconf 86' lang='lat' dir='ltr'>erat,</span> <span class='ocrx_word' id='word_1_428' title='bbox 1074 4411 1138 4450; x_wconf 88' lang='lat' dir='ltr'>cum</span> <span class='ocrx_word' id='word_1_429' title='bbox 1152 4394 1332 4450; x_wconf 85' lang='lat' dir='ltr'>Timasarcho</span> 
     </span>
     <span class='ocr_line' id='line_1_45' title="bbox 68 4462 1334 4536; baseline 0.006 -23"><span class='ocrx_word' id='word_1_430' title='bbox 68 4475 97 4514; x_wconf 85' lang='lat' dir='ltr'>ex</span> <span class='ocrx_word' id='word_1_431' title='bbox 110 4462 231 4520; x_wconf 86' lang='lat' dir='ltr'>Cadmea</span> <span class='ocrx_word' id='word_1_432' title='bbox 248 4481 313 4520; x_wconf 87' lang='lat' dir='ltr'>arce</span> <span class='ocrx_word' id='word_1_433' title='bbox 331 4468 360 4520; x_wconf 89' lang='lat' dir='ltr'>et</span> <span class='ocrx_word' id='word_1_434' title='bbox 378 4464 447 4519; x_wconf 88' lang='lat' dir='ltr'>urbe</span> <span class='ocrx_word' id='word_1_435' title='bbox 465 4466 607 4536; x_wconf 78' lang='lat' dir='ltr'>superiore</span> <span class='ocrx_word' id='word_1_436' title='bbox 627 4467 829 4520; x_wconf 86' lang='lat' dir='ltr'>decurrendum</span> <span class='ocrx_word' id='word_1_437' title='bbox 847 4469 930 4533; x_wconf 86' lang='lat' dir='ltr'>esset,</span> <span class='ocrx_word' id='word_1_438' title='bbox 949 4465 1120 4535; x_wconf 85' lang='lat' dir='ltr'>Byzantinos</span> <span class='ocrx_word' id='word_1_439' title='bbox 1134 4465 1334 4536; x_wconf 81' lang='lat' dir='ltr'>grammaticos</span> 
     </span>
     <span class='ocr_line' id='line_1_46' title="bbox 66 4535 1333 4606; baseline 0.007 -23"><span class='ocrx_word' id='word_1_440' title='bbox 66 4537 180 4590; x_wconf 83' lang='lat' dir='ltr'>veterem</span> <span class='ocrx_word' id='word_1_441' title='bbox 194 4535 343 4591; x_wconf 87' lang='lat' dir='ltr'>lectionem</span> <span class='ocrx_word' id='word_1_442' title='bbox 358 4536 530 4606; x_wconf 83' lang='grc' dir='ltr'><strong><em>κατέδρακεν</em></strong></span> <span class='ocrx_word' id='word_1_443' title='bbox 539 4539 614 4592; x_wconf 88' lang='lat' dir='ltr'>recte</span> <span class='ocrx_word' id='word_1_444' title='bbox 628 4538 792 4593; x_wconf 88' lang='lat' dir='ltr'>emendasse</span> <span class='ocrx_word' id='word_1_445' title='bbox 806 4537 944 4603; x_wconf 81' lang='lat' dir='ltr'>iudicavi;</span> <span class='ocrx_word' id='word_1_446' title='bbox 959 4537 1152 4592; x_wconf 85' lang='lat' dir='ltr'>accusativum</span> <span class='ocrx_word' id='word_1_447' title='bbox 1162 4535 1255 4603; x_wconf 85' lang='grc' dir='ltr'><strong><em>ξένιον</em></strong></span> <span class='ocrx_word' id='word_1_448' title='bbox 1264 4537 1333 4592; x_wconf 82' lang='grc' dir='ltr'><strong><em>ἄστυ</em></strong></span> 
     </span>
     <span class='ocr_line' id='line_1_47' title="bbox 67 4604 1332 4679; baseline 0 -17"><span class='ocrx_word' id='word_1_449' title='bbox 67 4604 100 4656; x_wconf 67' lang='lat' dir='ltr'>ad</span> <span class='ocrx_word' id='word_1_450' title='bbox 115 4607 350 4678; x_wconf 87' lang='lat' dir='ltr'>praepositionem</span> <span class='ocrx_word' id='word_1_451' title='bbox 368 4608 441 4662; x_wconf 82' lang='grc' dir='ltr'><strong><em>κατὰ</em></strong></span> <span class='ocrx_word' id='word_1_452' title='bbox 458 4608 537 4662; x_wconf 88' lang='lat' dir='ltr'>verbi</span> <span class='ocrx_word' id='word_1_453' title='bbox 554 4609 703 4679; x_wconf 89' lang='lat' dir='ltr'>compositi</span> <span class='ocrx_word' id='word_1_454' title='bbox 721 4608 897 4679; x_wconf 81' lang='grc' dir='ltr'><strong><em>κατέδραμεν</em></strong></span> <span class='ocrx_word' id='word_1_455' title='bbox 916 4608 995 4676; x_wconf 81' lang='grc' dir='ltr'><strong><em>(ἄστυ</em></strong></span> <span class='ocrx_word' id='word_1_456' title='bbox 1013 4607 1077 4663; x_wconf 79' lang='grc' dir='ltr'><strong><em>κάτ’</em></strong></span> <span class='ocrx_word' id='word_1_457' title='bbox 1099 4607 1229 4678; x_wconf 80' lang='grc' dir='ltr'><strong><em>ἔδραμεν)</em></strong></span> <span class='ocrx_word' id='word_1_458' title='bbox 1248 4625 1332 4677; x_wconf 87' lang='lat' dir='ltr'>quam</span> 
     </span>
     <span class='ocr_line' id='line_1_48' title="bbox 68 4675 1332 4762; baseline 0.004 -34"><span class='ocrx_word' id='word_1_459' title='bbox 68 4675 101 4728; x_wconf 83' lang='lat' dir='ltr'>ad</span> <span class='ocrx_word' id='word_1_460' title='bbox 111 4678 290 4749; x_wconf 84' lang='lat' dir='ltr'>participium</span> <span class='ocrx_word' id='word_1_461' title='bbox 304 4677 396 4734; x_wconf 79' lang='grc' dir='ltr'><strong><em>ἐλθὼν</em></strong></span> <span class='ocrx_word' id='word_1_462' title='bbox 409 4679 507 4735; x_wconf 85' lang='lat' dir='ltr'>referri</span> <span class='ocrx_word' id='word_1_463' title='bbox 520 4683 648 4751; x_wconf 87' lang='lat' dir='ltr'>praestat</span> <span class='ocrx_word' id='word_1_464' title='bbox 660 4712 691 4720; x_wconf 98' lang='lat'>—</span> <span class='ocrx_word' id='word_1_465' title='bbox 705 4685 748 4735; x_wconf 90' lang='grc'><strong>21.</strong></span> <span class='ocrx_word' id='word_1_466' title='bbox 764 4679 868 4734; x_wconf 77' lang='grc' dir='ltr'><strong><em>ἄνθεσι</em></strong></span> <span class='ocrx_word' id='word_1_467' title='bbox 881 4677 1006 4750; x_wconf 86' lang='grc' dir='ltr'><strong><em>μίγνυον,</em></strong></span> <span class='ocrx_word' id='word_1_468' title='bbox 1020 4679 1128 4748; x_wconf 87' lang='lat' dir='ltr'>fronde,</span> <span class='ocrx_word' id='word_1_469' title='bbox 1142 4697 1198 4762; x_wconf 86' lang='lat' dir='ltr'>qua</span> <span class='ocrx_word' id='word_1_470' title='bbox 1211 4678 1332 4735; x_wconf 77' lang='lat' dir='ltr'>victores</span> 
     </span>
     <span class='ocr_line' id='line_1_49' title="bbox 68 4745 1332 4822; baseline 0.003 -22"><span class='ocrx_word' id='word_1_471' title='bbox 68 4745 174 4805; x_wconf 88' lang='lat' dir='ltr'>obruere</span> <span class='ocrx_word' id='word_1_472' title='bbox 188 4750 318 4806; x_wconf 85' lang='lat' dir='ltr'>solebant</span> <span class='ocrx_word' id='word_1_473' title='bbox 332 4751 377 4805; x_wconf 83' lang='lat' dir='ltr'>cf.</span> <span class='ocrx_word' id='word_1_474' title='bbox 392 4751 422 4804; x_wconf 89' lang='lat' dir='ltr'>P.</span> <span class='ocrx_word' id='word_1_475' title='bbox 436 4770 465 4805; x_wconf 77' lang='grc' dir='ltr'>ιι</span> <span class='ocrx_word' id='word_1_476' title='bbox 480 4756 536 4821; x_wconf 81' lang='lat'>114),</span> <span class='ocrx_word' id='word_1_477' title='bbox 555 4755 607 4806; x_wconf 89' lang='lat' dir='ltr'>aut</span> <span class='ocrx_word' id='word_1_478' title='bbox 624 4769 727 4806; x_wconf 90' lang='lat' dir='ltr'>corona</span> <span class='ocrx_word' id='word_1_479' title='bbox 744 4754 862 4822; x_wconf 77' lang='lat' dir='ltr'>myrtea,</span> <span class='ocrx_word' id='word_1_480' title='bbox 881 4768 938 4819; x_wconf 81' lang='lat' dir='ltr'>qua</span> <span class='ocrx_word' id='word_1_481' title='bbox 955 4751 1076 4806; x_wconf 85' lang='lat' dir='ltr'>victores</span> <span class='ocrx_word' id='word_1_482' title='bbox 1095 4751 1170 4806; x_wconf 78' lang='lat' dir='ltr'>ludis</span> <span class='ocrx_word' id='word_1_483' title='bbox 1189 4749 1332 4806; x_wconf 87' lang='lat' dir='ltr'>Heracleis</span> 
     </span>
     <span class='ocr_line' id='line_1_50' title="bbox 69 4818 1334 4890; baseline 0.005 -18"><span class='ocrx_word' id='word_1_484' title='bbox 69 4818 292 4890; x_wconf 77' lang='lat' dir='ltr'>redimiebantur3</span> <span class='ocrx_word' id='word_1_485' title='bbox 315 4823 350 4877; x_wconf 85' lang='lat' dir='ltr'>cf.</span> <span class='ocrx_word' id='word_1_486' title='bbox 369 4823 390 4876; x_wconf 92' lang='lat' dir='ltr'>I.</span> <span class='ocrx_word' id='word_1_487' title='bbox 409 4842 440 4876; x_wconf 89' lang='lat'>111</span> <span class='ocrx_word' id='word_1_488' title='bbox 458 4839 485 4878; x_wconf 82' lang='lat' dir='ltr'>as</span> <span class='ocrx_word' id='word_1_489' title='bbox 508 4855 541 4864; x_wconf 92' lang='lat'>-</span> <span class='ocrx_word' id='word_1_490' title='bbox 565 4829 599 4876; x_wconf 93' lang='grc'>25</span> <span class='ocrx_word' id='word_1_491' title='bbox 614 4842 649 4878; x_wconf 84' lang='lat' dir='ltr'>ss.</span> <span class='ocrx_word' id='word_1_492' title='bbox 673 4823 801 4878; x_wconf 88' lang='lat' dir='ltr'>Herculis</span> <span class='ocrx_word' id='word_1_493' title='bbox 825 4825 853 4877; x_wconf 89' lang='lat' dir='ltr'>et</span> <span class='ocrx_word' id='word_1_494' title='bbox 871 4822 1030 4878; x_wconf 79' lang='lat' dir='ltr'>Telamonis</span> <span class='ocrx_word' id='word_1_495' title='bbox 1054 4827 1150 4878; x_wconf 83' lang='lat' dir='ltr'>contra</span> <span class='ocrx_word' id='word_1_496' title='bbox 1168 4821 1282 4877; x_wconf 87' lang='lat' dir='ltr'>Troiam</span> <span class='ocrx_word' id='word_1_497' title='bbox 1305 4825 1334 4878; x_wconf 89' lang='lat' dir='ltr'>et</span> 
     </span>
    </p>
   </div>
   <div class='ocr_carea' id='block_1_9' title="bbox 0 0 1727 5434">
    <p class='ocr_par' dir='ltr' id='par_1_13' title="bbox 0 0 1727 5434">
     <span class='ocr_line' id='line_1_51' title="bbox 0 0 1727 5434; baseline 0 0"><span class='ocrx_word' id='word_1_498' title='bbox 0 0 1727 5434; x_wconf 95' lang='lat' dir='ltr'> </span> 
     </span>
    </p>
   </div>
  </div>
 </body>
</html>
