3417 5434
321 263 412 320 XVHI
823 269 1104 323 Pronnuonaur.

321 431 434 496 sertim
462 434 538 515 post
566 429 788 516 diphthongos
816 435 894 518 pet
922 455 948 519 ῳ
975 454 1042 495 non
1068 452 1204 516 prorsus
1231 432 1355 517 fugisse
1384 432 1537 497 vidissem
1562 429 1610 517 (v.

321 535 357 602 Ο.
377 555 417 602 1n
436 539 488 604 30.
512 555 549 602 vr
568 539 618 602 82.
650 536 684 601 Ρ.
703 555 741 601 m
760 540 811 602 47.
844 537 936 603 N.vr
951 539 1002 604 25.
1029 537 1613 624 1.116.fr.61,1),du0busloeis,

322 644 357 708 P.
371 663 410 708 rx
427 647 490 711 114
510 649 543 709 et
560 642 601 708 N.
616 661 629 708 1
644 645 700 728 69,
722 644 874 710 licentiae
898 645 1051 730 ancipitis
1074 645 1219 730 syllabae
1237 669 1305 711 non
1323 669 1394 711 eam
1412 646 1480 710 vim
1494 645 1612 732 tribui,

319 755 357 816 ut
376 757 492 817 contra
510 755 716 818 constantem
735 753 1003 817 consuetudinem
1017 751 1149 816 Pindari
1169 758 1414 838 ceterorumque
1434 758 1610 838 poetarum
1708 767 1709 770 ’

321 857 521 924 Graecorum
553 881 682 924 versum
716 858 1071 944 dactylo-epitriticum
1101 860 1138 924 in
1168 860 1306 945 pusillos
1337 860 1514 925 versiculos
1542 861 1611 924 dis·

320 987 471 1032 securem.
518 963 581 1030 Sed
610 967 695 1050 quod
724 987 790 1030 non
819 967 969 1032 omnibus
994 967 1076 1031 locis
1100 971 1189 1032 certa
1210 966 1332 1032 indicia
1354 968 1429 1032 finis
1453 989 1609 1032 versuum

320 1073 439 1137 adsunt
471 1078 505 1137 et
535 1095 577 1137 ne
610 1073 639 1138 si
667 1073 785 1137 adsunt
813 1073 957 1158 quidem,
988 1073 1030 1137 iis
1061 1095 1188 1157 semper
1215 1073 1504 1158 obtemperandum
1533 1097 1609 1138 esse
1707 1126 1708 1149 ,

320 1179 474 1264 diximus,
492 1179 567 1244 inde
581 1202 622 1244 ne
636 1179 788 1245 vacillare
803 1185 908 1245 totam
921 1181 1006 1246 hanc
1020 1181 1180 1246 rationem
1195 1186 1232 1244 tu
1245 1180 1421 1265 putaveris.
1453 1178 1608 1264 Namque

319 1287 416 1374 longe
444 1287 593 1372 plurimis
621 1287 702 1352 locis
731 1287 849 1353 adsunt
875 1288 933 1352 illa
957 1287 1078 1352 indicia
1100 1291 1133 1352 et
1155 1287 1203 1351 ita
1226 1288 1358 1370 adsunt,
1386 1292 1423 1352 ut
1451 1310 1608 1353 versuum

319 1394 399 1458 fines
423 1394 496 1459 istis
519 1394 648 1458 indiciis
672 1393 826 1478 descripti
850 1416 923 1458 cum
946 1395 1087 1479 legibus,
1112 1416 1192 1478 quas
1212 1394 1250 1458 de
1269 1398 1433 1458 structura
1451 1416 1609 1459 versuum

320 1505 353 1565 et
379 1499 579 1586 proprietate
608 1500 811 1585 singulorum
839 1501 1048 1586 stropharum
1075 1478 1229 1586 generum
1252 1505 1378 1566 veteres
1400 1505 1515 1587 poetas
1539 1502 1608 1565 sibi

319 1608 489 1693 scripsisse
507 1612 622 1693 postea
640 1630 887 1694 cognoscemus,
905 1607 1001 1692 plane
1015 1608 1220 1673 concordent.
1257 1606 1320 1672 Hic
1336 1628 1464 1691 qnoque
1478 1607 1606 1672 dictum

320 1714 401 1779 illud
424 1713 525 1798 valet,
548 1713 792 1799 exceptionibus
817 1714 1003 1779 confirmari
1026 1713 1181 1800 regulam.

408 1820 462 1885 De
486 1843 621 1886 versus
644 1820 850 1907 principio.
887 1819 919 1886 A
936 1823 999 1887 fine
1018 1843 1132 1887 versus
1151 1821 1279 1886 adeius
1298 1821 1494 1907 principium
1513 1845 1608 1887 reve

320 1951 439 1995 camur.
485 1927 653 2012 Incipiunt
680 1932 789 1992 autem
818 1949 929 1993 versus
957 1934 1014 1993 aut
1037 1929 1078 1994 ab
1103 1928 1183 2014 arsi,
1210 1951 1308 2012 quam
1335 1933 1460 1993 veteres
1485 1928 1605 1994 Graeci

319 2035 417 2100 θέσιν
441 2036 615 2119 vocabant,
639 2039 696 2100 aut
720 2035 760 2099 ab
785 2035 935 2099 anacrusi
958 2035 1082 2120 primae
1104 2035 1170 2099 arsi
1193 2036 1380 2120 praemissa.
1424 2037 1607 2101 Anacrusis
1707 2104 1708 2107 Ἴ

318 2143 392 2228 ipsa
418 2142 609 2228 plerumque
637 2146 767 2208 constat
795 2164 834 2206 ex
861 2164 927 2208 una
950 2141 1077 2226 syllaba
1099 2147 1156 2206 aut
1178 2143 1270 2208 brevi
1293 2143 1343 2208 vel
1367 2143 1504 2227 ancipiti
1527 2150 1606 2208 ante

320 2248 505 2315 trochaicos
529 2255 563 2314 et
584 2249 792 2336 logaoedicos
818 2250 961 2335 ordines,
983 2254 1040 2314 sut
1058 2248 1157 2334 longa
1175 2249 1227 2313 vel
1245 2249 1381 2334 ancipiti
1400 2255 1476 2315 ante
1494 2252 1608 2336 dacty-

316 2357 401 2422 licos
425 2362 458 2422 et
480 2357 654 2442 paeonioos
679 2357 821 2422 ordines:

317 2608 380 2672 Pro
399 2631 464 2673 una
482 2607 582 2694 longa
600 2612 739 2692 possunt
757 2608 858 2672 etiam
874 2608 956 2716 duae
972 2608 1087 2672 breves
1103 2607 1208 2671 ordini
1222 2607 1408 2692 rhythmico
1422 2609 1606 2694 praemitti:

570 2743 861 2784 υυέυυ-ω-..
1014 2742 1356 2786 wamma-..

404 2855 576 2921 Praeterea
607 2861 795 2940 occurrunt,
825 2857 904 2922 lieet
936 2878 1027 2942 raro,
1058 2879 1170 2921 versus
1203 2858 1245 2922 ab
1276 2857 1419 2922 iambica
1451 2861 1604 2924 anacrusi

293 2963 454 3034 ,duarum
488 2963 539 3027 vel
572 2963 671 3027 trium
705 2963 904 3048 syllabarum
936 2963 1142 3050 incipientes,
1175 2965 1266 3028 cuius
1295 2965 1423 3050 generis
1449 2988 1605 3031 versuum

316 3075 406 3134 certa
428 3069 576 3154 exempla
600 3075 730 3134 exstant
753 3071 788 3133 in
810 3070 976 3156 paeonicis
1001 3071 1213 3156 carminibus,
1236 3071 1326 3135 velut
1348 3070 1477 3136 O.112.
1497 3075 1533 3137 6:

679 3219 823 3245 UWssU
851 3238 868 3246 -
896 3220 1237 3246 ssUWssUWssV..

724 3325 741 3333 ..
769 3307 1076 3334 ssvwssuwssv
1106 3327 1120 3334 -

316 3406 435 3490 quibus
468 3407 565 3472 certis
598 3407 754 3493 exemplis
787 3407 853 3472 alia
885 3409 1057 3493 accedunt,
1088 3408 1123 3472 in
1156 3408 1273 3494 quibus
1307 3409 1424 3475 dubius
1456 3411 1602 3498 haereas,

315 3518 426 3577 utrum
460 3537 479 3577 a
510 3515 738 3599 monosyllaba
775 3537 817 3578 an
847 3515 989 3580 iambica
1020 3517 1170 3581 anacrnsi
1202 3539 1315 3581 versus
1348 3518 1508 3604 ordiatur,
1544 3525 1603 3583 aut

236 3659 238 3666 ·
315 3625 425 3685 utrum
453 3619 637 3705 tribrachys
666 3621 803 3686 initialis
832 3626 924 3685 extra
950 3622 1172 3706 rhythmicum
1198 3623 1344 3688 ordinem
1366 3625 1535 3708 ponendus
1559 3627 1605 3690 sit
1707 3676 1708 3681 ,

313 3750 355 3792 an
378 3727 519 3812 primum
543 3728 657 3812 pedem
682 3727 804 3792 ordinis
829 3729 969 3814 efficiat,
990 3735 1028 3793 ut
1052 3730 1170 3794 012.
1193 3749 1218 3794 x
1236 3733 1266 3795 4.
1293 3729 1327 3794 P.
1347 3748 1374 3794 11
1394 3733 1424 3796 2.
1444 3734 1472 3796 7.
1502 3755 1550 3817 ep.
1571 3735 1602 3797 6.

315 3833 355 3899 N.
376 3835 450 3899 114.
483 3835 507 3898 Ι.
527 3853 590 3900 vm
609 3835 639 3900 5.

403 3941 506 4007 Porro
521 3941 707 4007 Boeckhius
727 3943 868 4029 vestigia
882 3943 1064 4009 Hermanni
1081 3945 1193 4031 legens
1213 3945 1411 4031 logaoedicis
1430 3947 1601 4012 ordinibus
1707 3962 1708 3971 ’

317 4049 507 4114 trochaeum
529 4049 754 4115 irrationalem
778 4048 949 4137 (τροχαῖον
972 4049 1109 4138 ἄλογον)
1131 4052 1180 4116 ita
1201 4053 1369 4137 praemitti
1392 4055 1535 4139 putavit,
1562 4062 1601 4118 ut
1707 4076 1708 4079 ’

258 4213 262 4226 ,
316 4155 490 4222 alevitate
514 4156 611 4222 huius
635 4157 741 4242 pedis,
769 4179 868 4242 quam
892 4158 996 4222 basim
1019 4159 1076 4222 isti
1098 4181 1215 4244 parum
1238 4160 1471 4256 circumspecte
1495 4163 1604 4247 appel-

314 4263 478 4349 laverunt,
501 4263 667 4331 edictum
690 4263 787 4348 primi
811 4263 933 4347 dactyli
956 4286 1019 4329 vox
1042 4265 1185 4330 cantoris
1209 4273 1361 4354 assurgat

314 4493 477 4578 Equidem
496 4493 570 4559 lites
589 4496 778 4560 decantatas
794 4497 832 4560 de
846 4496 918 4560 basi
934 4496 1177 4563 Hermanniana
1190 4499 1310 4564 iterum
1324 4522 1454 4566 movere
1467 4503 1602 4588 veritus,

315 4600 422 4664 solum
450 4621 566 4665 moneo
595 4607 628 4665 et
655 4624 729 4667 raro
756 4601 934 4668 Pindarum
955 4603 1089 4670 licentia
1114 4606 1315 4672 irrationalis
1338 4609 1430 4693 pedis
1457 4609 1492 4672 in
1514 4611 1603 4695 prin-

315 4707 400 4794 oipio
420 4729 532 4774 versus
552 4709 654 4774 colive
674 4732 769 4776 usum
789 4732 874 4796 esse,
892 4712 976 4776 etin
989 4713 1137 4777 versibus
1152 4713 1222 4778 eius
1238 4715 1365 4800 generis
1379 4715 1602 4804 rhythmicum
