<?xml version="1.0" encoding="UTF-8"?>
<!DOCTYPE html PUBLIC "-//W3C//DTD XHTML 1.0 Transitional//EN"
    "http://www.w3.org/TR/xhtml1/DTD/xhtml1-transitional.dtd">
<html xmlns="http://www.w3.org/1999/xhtml" xml:lang="en" lang="en">
 <head>
  <title>
</title>
<meta http-equiv="Content-Type" content="text/html;charset=utf-8" />
  <meta name='ocr-system' content='tesseract 3.04.00' />
  <meta name='ocr-capabilities' content='ocr_page ocr_carea ocr_par ocr_line ocrx_word'/>
</head>
<body>
  <div class='ocr_page' id='page_1' title='image "./pindaricarminap01chrigoog_0030.png"; bbox 0 0 3417 5434; ppageno 0'>
   <div class='ocr_carea' id='block_1_1' title="bbox 304 289 1086 344">
    <p class='ocr_par' dir='ltr' id='par_1_1' title="bbox 304 289 1086 344">
     <span class='ocr_line' id='line_1_1' title="bbox 304 289 1086 344; baseline 0 0"><span class='ocrx_word' id='word_1_1' title='bbox 304 289 394 344; x_wconf 76' lang='lat' dir='ltr'>XXIV</span> <span class='ocrx_word' id='word_1_2' title='bbox 808 291 1086 344; x_wconf 81' lang='lat' dir='ltr'>PROLEGOMENA.</span> 
     </span>
    </p>
   </div>
   <div class='ocr_carea' id='block_1_2' title="bbox 297 454 1595 864">
    <p class='ocr_par' dir='ltr' id='par_1_2' title="bbox 297 454 1595 864">
     <span class='ocr_line' id='line_1_2' title="bbox 305 454 1593 541; baseline 0.004 -23"><span class='ocrx_word' id='word_1_3' title='bbox 305 475 417 519; x_wconf 76' lang='lat' dir='ltr'>versus</span> <span class='ocrx_word' id='word_1_4' title='bbox 440 455 526 519; x_wconf 90' lang='lat' dir='ltr'>inter</span> <span class='ocrx_word' id='word_1_5' title='bbox 548 477 582 520; x_wconf 87' lang='lat' dir='ltr'>se</span> <span class='ocrx_word' id='word_1_6' title='bbox 606 454 800 521; x_wconf 74' lang='lat' dir='ltr'>cohaereant</span> <span class='ocrx_word' id='word_1_7' title='bbox 824 458 1012 539; x_wconf 78' lang='lat' dir='ltr'><strong>quaeratur,</strong></span> <span class='ocrx_word' id='word_1_8' title='bbox 1035 459 1069 518; x_wconf 90' lang='lat' dir='ltr'>et</span> <span class='ocrx_word' id='word_1_9' title='bbox 1091 475 1204 519; x_wconf 83' lang='lat' dir='ltr'>versus</span> <span class='ocrx_word' id='word_1_10' title='bbox 1227 455 1364 539; x_wconf 85' lang='lat' dir='ltr'>perfecti</span> <span class='ocrx_word' id='word_1_11' title='bbox 1382 461 1478 541; x_wconf 87' lang='lat' dir='ltr'>atque</span> <span class='ocrx_word' id='word_1_12' title='bbox 1497 457 1535 522; x_wconf 89' lang='lat' dir='ltr'>iu</span> <span class='ocrx_word' id='word_1_13' title='bbox 1555 479 1593 522; x_wconf 89' lang='lat' dir='ltr'>se</span> 
     </span>
     <span class='ocr_line' id='line_1_3' title="bbox 304 561 1595 646; baseline 0.002 -20"><span class='ocrx_word' id='word_1_14' title='bbox 304 562 436 627; x_wconf 91' lang='lat' dir='ltr'>rotundi</span> <span class='ocrx_word' id='word_1_15' title='bbox 464 562 505 627; x_wconf 90' lang='lat' dir='ltr'>ab</span> <span class='ocrx_word' id='word_1_16' title='bbox 533 561 680 628; x_wconf 88' lang='lat' dir='ltr'>versibus</span> <span class='ocrx_word' id='word_1_17' title='bbox 707 561 908 646; x_wconf 77' lang='lat' dir='ltr'><strong>imperfectis</strong></span> <span class='ocrx_word' id='word_1_18' title='bbox 936 565 969 626; x_wconf 91' lang='lat' dir='ltr'>et</span> <span class='ocrx_word' id='word_1_19' title='bbox 996 583 1069 626; x_wconf 91' lang='lat' dir='ltr'>cum</span> <span class='ocrx_word' id='word_1_20' title='bbox 1098 561 1170 626; x_wconf 84' lang='lat' dir='ltr'>aliis</span> <span class='ocrx_word' id='word_1_21' title='bbox 1199 563 1447 629; x_wconf 72' lang='lat' dir='ltr'>cohaerentibus</span> <span class='ocrx_word' id='word_1_22' title='bbox 1475 564 1595 629; x_wconf 88' lang='lat' dir='ltr'>distin-</span> 
     </span>
     <span class='ocr_line' id='line_1_4' title="bbox 307 667 1594 757; baseline 0.002 -24"><span class='ocrx_word' id='word_1_23' title='bbox 307 673 456 754; x_wconf 84' lang='lat' dir='ltr'>guantur.</span> <span class='ocrx_word' id='word_1_24' title='bbox 495 667 609 754; x_wconf 82' lang='lat' dir='ltr'>Neque</span> <span class='ocrx_word' id='word_1_25' title='bbox 632 669 661 734; x_wconf 91' lang='lat' dir='ltr'>si</span> <span class='ocrx_word' id='word_1_26' title='bbox 684 670 757 752; x_wconf 92' lang='lat' dir='ltr'>quis</span> <span class='ocrx_word' id='word_1_27' title='bbox 781 669 921 734; x_wconf 87' lang='lat' dir='ltr'>alterum</span> <span class='ocrx_word' id='word_1_28' title='bbox 943 668 1024 733; x_wconf 92' lang='lat' dir='ltr'>illud</span> <span class='ocrx_word' id='word_1_29' title='bbox 1043 689 1145 753; x_wconf 86' lang='lat' dir='ltr'>genus</span> <span class='ocrx_word' id='word_1_30' title='bbox 1164 693 1316 736; x_wconf 83' lang='lat' dir='ltr'>versuum</span> <span class='ocrx_word' id='word_1_31' title='bbox 1335 694 1355 736; x_wconf 93' lang='lat' dir='ltr'>a</span> <span class='ocrx_word' id='word_1_32' title='bbox 1373 671 1453 736; x_wconf 91' lang='lat' dir='ltr'>colis</span> <span class='ocrx_word' id='word_1_33' title='bbox 1470 695 1594 757; x_wconf 86' lang='lat' dir='ltr'>parum</span> 
     </span>
     <span class='ocr_line' id='line_1_5' title="bbox 297 776 1594 864; baseline 0.001 -22"><span class='ocrx_word' id='word_1_34' title='bbox 297 777 434 842; x_wconf 85' lang='lat' dir='ltr'>differre</span> <span class='ocrx_word' id='word_1_35' title='bbox 459 776 590 862; x_wconf 85' lang='lat' dir='ltr'>dixerit,</span> <span class='ocrx_word' id='word_1_36' title='bbox 612 777 789 862; x_wconf 91' lang='lat' dir='ltr'>quidquam</span> <span class='ocrx_word' id='word_1_37' title='bbox 812 798 874 862; x_wconf 83' lang='lat' dir='ltr'>ego</span> <span class='ocrx_word' id='word_1_38' title='bbox 898 798 1117 862; x_wconf 83' lang='lat' dir='ltr'>commoveor3</span> <span class='ocrx_word' id='word_1_39' title='bbox 1140 777 1220 842; x_wconf 89' lang='lat' dir='ltr'>baec</span> <span class='ocrx_word' id='word_1_40' title='bbox 1239 778 1325 842; x_wconf 90' lang='lat' dir='ltr'>enim</span> <span class='ocrx_word' id='word_1_41' title='bbox 1345 779 1452 864; x_wconf 92' lang='lat' dir='ltr'>culpa,</span> <span class='ocrx_word' id='word_1_42' title='bbox 1475 779 1594 863; x_wconf 86' lang='lat' dir='ltr'>siqua</span> 
     </span>
    </p>
   </div>
   <div class='ocr_carea' id='block_1_3' title="bbox 307 883 1707 1076">
    <p class='ocr_par' dir='ltr' id='par_1_3' title="bbox 307 883 1707 1076">
     <span class='ocr_line' id='line_1_6' title="bbox 307 883 1707 969; baseline 0.006 -22"><span class='ocrx_word' id='word_1_43' title='bbox 307 889 371 968; x_wconf 90' lang='lat' dir='ltr'>est,</span> <span class='ocrx_word' id='word_1_44' title='bbox 401 904 467 948; x_wconf 92' lang='lat' dir='ltr'>non</span> <span class='ocrx_word' id='word_1_45' title='bbox 494 906 567 948; x_wconf 92' lang='lat' dir='ltr'>mea</span> <span class='ocrx_word' id='word_1_46' title='bbox 594 889 658 968; x_wconf 89' lang='lat' dir='ltr'>est,</span> <span class='ocrx_word' id='word_1_47' title='bbox 686 884 742 948; x_wconf 89' lang='lat' dir='ltr'>sed</span> <span class='ocrx_word' id='word_1_48' title='bbox 765 883 897 947; x_wconf 90' lang='lat' dir='ltr'>Pindari</span> <span class='ocrx_word' id='word_1_49' title='bbox 924 888 1050 968; x_wconf 90' lang='lat' dir='ltr'>poetae.</span> <span class='ocrx_word' id='word_1_50' title='bbox 1097 884 1250 969; x_wconf 81' lang='lat' dir='ltr'>Inprimis</span> <span class='ocrx_word' id='word_1_51' title='bbox 1279 890 1388 950; x_wconf 91' lang='lat' dir='ltr'>autem</span> <span class='ocrx_word' id='word_1_52' title='bbox 1410 886 1466 950; x_wconf 92' lang='lat' dir='ltr'>ille</span> <span class='ocrx_word' id='word_1_53' title='bbox 1488 887 1523 951; x_wconf 90' lang='lat' dir='ltr'>in</span> <span class='ocrx_word' id='word_1_54' title='bbox 1546 887 1593 951; x_wconf 91' lang='lat' dir='ltr'>iis</span> <span class='ocrx_word' id='word_1_55' title='bbox 1706 950 1707 955; x_wconf 73' lang='grc'>,</span> 
     </span>
     <span class='ocr_line' id='line_1_7' title="bbox 307 990 1707 1076; baseline 0.002 -20"><span class='ocrx_word' id='word_1_56' title='bbox 307 990 520 1076; x_wconf 88' lang='lat' dir='ltr'>carminibus,</span> <span class='ocrx_word' id='word_1_57' title='bbox 548 1013 629 1075; x_wconf 89' lang='lat' dir='ltr'>quae</span> <span class='ocrx_word' id='word_1_58' title='bbox 656 991 849 1056; x_wconf 72' lang='lat' dir='ltr'>festinanter</span> <span class='ocrx_word' id='word_1_59' title='bbox 876 991 955 1055; x_wconf 88' lang='lat' dir='ltr'>fecit</span> <span class='ocrx_word' id='word_1_60' title='bbox 981 991 1072 1056; x_wconf 85' lang='lat' dir='ltr'>velut</span> <span class='ocrx_word' id='word_1_61' title='bbox 1100 991 1218 1055; x_wconf 87' lang='lat' dir='ltr'>0.v111</span> <span class='ocrx_word' id='word_1_62' title='bbox 1250 995 1283 1056; x_wconf 90' lang='lat' dir='ltr'>et</span> <span class='ocrx_word' id='word_1_63' title='bbox 1309 991 1334 1054; x_wconf 92' lang='grc' dir='ltr'>Ι.</span> <span class='ocrx_word' id='word_1_64' title='bbox 1354 1009 1379 1076; x_wconf 92' lang='lat'>1,</span> <span class='ocrx_word' id='word_1_65' title='bbox 1406 1015 1473 1057; x_wconf 91' lang='lat' dir='ltr'>non</span> <span class='ocrx_word' id='word_1_66' title='bbox 1506 994 1591 1059; x_wconf 89' lang='lat' dir='ltr'>satis</span> <span class='ocrx_word' id='word_1_67' title='bbox 1706 1060 1707 1075; x_wconf 51' lang='lat'>,</span> 
     </span>
    </p>
   </div>
   <div class='ocr_carea' id='block_1_4' title="bbox 308 1097 1594 1826">
    <p class='ocr_par' dir='ltr' id='par_1_4' title="bbox 308 1097 1594 1826">
     <span class='ocr_line' id='line_1_8' title="bbox 308 1097 1594 1184; baseline 0.002 -21"><span class='ocrx_word' id='word_1_68' title='bbox 308 1097 431 1163; x_wconf 86' lang='lat' dir='ltr'>cavisse</span> <span class='ocrx_word' id='word_1_69' title='bbox 460 1098 600 1183; x_wconf 87' lang='lat' dir='ltr'>videtur,</span> <span class='ocrx_word' id='word_1_70' title='bbox 625 1119 666 1162; x_wconf 91' lang='lat' dir='ltr'>ne</span> <span class='ocrx_word' id='word_1_71' title='bbox 693 1103 803 1183; x_wconf 88' lang='lat' dir='ltr'>partes</span> <span class='ocrx_word' id='word_1_72' title='bbox 831 1097 957 1182; x_wconf 90' lang='lat' dir='ltr'>periodi</span> <span class='ocrx_word' id='word_1_73' title='bbox 986 1097 1128 1162; x_wconf 81' lang='lat' dir='ltr'>licentiis</span> <span class='ocrx_word' id='word_1_74' title='bbox 1155 1097 1266 1163; x_wconf 85' lang='lat' dir='ltr'>hiatus</span> <span class='ocrx_word' id='word_1_75' title='bbox 1294 1097 1502 1184; x_wconf 81' lang='lat' dir='ltr'>syllabaeque</span> <span class='ocrx_word' id='word_1_76' title='bbox 1535 1124 1594 1165; x_wconf 91' lang='lat' dir='ltr'>an-</span> 
     </span>
     <span class='ocr_line' id='line_1_9' title="bbox 309 1202 1593 1293; baseline 0.001 -22"><span class='ocrx_word' id='word_1_77' title='bbox 309 1205 417 1290; x_wconf 90' lang='lat' dir='ltr'>cipitis</span> <span class='ocrx_word' id='word_1_78' title='bbox 445 1206 532 1270; x_wconf 90' lang='lat' dir='ltr'>iusto</span> <span class='ocrx_word' id='word_1_79' title='bbox 561 1206 665 1293; x_wconf 80' lang='lat' dir='ltr'>magis</span> <span class='ocrx_word' id='word_1_80' title='bbox 692 1205 867 1270; x_wconf 87' lang='lat' dir='ltr'>divelleret.</span> <span class='ocrx_word' id='word_1_81' title='bbox 914 1202 978 1270; x_wconf 84' lang='lat' dir='ltr'>Sed</span> <span class='ocrx_word' id='word_1_82' title='bbox 1001 1205 1100 1270; x_wconf 91' lang='lat' dir='ltr'>etiam</span> <span class='ocrx_word' id='word_1_83' title='bbox 1121 1205 1158 1270; x_wconf 90' lang='lat' dir='ltr'>in</span> <span class='ocrx_word' id='word_1_84' title='bbox 1179 1204 1332 1290; x_wconf 86' lang='lat' dir='ltr'>perfectis</span> <span class='ocrx_word' id='word_1_85' title='bbox 1356 1210 1389 1269; x_wconf 88' lang='lat' dir='ltr'>et</span> <span class='ocrx_word' id='word_1_86' title='bbox 1412 1205 1593 1272; x_wconf 88' lang='lat' dir='ltr'>elaboratis</span> 
     </span>
     <span class='ocr_line' id='line_1_10' title="bbox 309 1310 1593 1399; baseline 0.002 -21"><span class='ocrx_word' id='word_1_87' title='bbox 309 1312 519 1396; x_wconf 85' lang='lat' dir='ltr'>carminibus,</span> <span class='ocrx_word' id='word_1_88' title='bbox 544 1313 638 1396; x_wconf 87' lang='lat' dir='ltr'>quale</span> <span class='ocrx_word' id='word_1_89' title='bbox 662 1316 712 1377; x_wconf 89' lang='lat' dir='ltr'>est</span> <span class='ocrx_word' id='word_1_90' title='bbox 735 1333 866 1376; x_wconf 89' lang='lat' dir='ltr'>carmen</span> <span class='ocrx_word' id='word_1_91' title='bbox 884 1310 920 1376; x_wconf 92' lang='grc' dir='ltr'>Ο.</span> <span class='ocrx_word' id='word_1_92' title='bbox 938 1329 963 1394; x_wconf 88' lang='lat'>1,</span> <span class='ocrx_word' id='word_1_93' title='bbox 986 1334 1099 1377; x_wconf 83' lang='lat' dir='ltr'>versus</span> <span class='ocrx_word' id='word_1_94' title='bbox 1121 1311 1213 1396; x_wconf 87' lang='lat' dir='ltr'>fecit,</span> <span class='ocrx_word' id='word_1_95' title='bbox 1236 1311 1292 1396; x_wconf 91' lang='lat' dir='ltr'>qui</span> <span class='ocrx_word' id='word_1_96' title='bbox 1315 1313 1462 1396; x_wconf 83' lang='lat' dir='ltr'>quamvis</span> <span class='ocrx_word' id='word_1_97' title='bbox 1486 1337 1593 1399; x_wconf 88' lang='lat' dir='ltr'>pausa</span> 
     </span>
     <span class='ocr_line' id='line_1_11' title="bbox 309 1418 1592 1507; baseline -0.001 -21"><span class='ocrx_word' id='word_1_98' title='bbox 309 1426 342 1486; x_wconf 90' lang='lat' dir='ltr'>et</span> <span class='ocrx_word' id='word_1_99' title='bbox 369 1419 510 1486; x_wconf 86' lang='lat' dir='ltr'>licentiis</span> <span class='ocrx_word' id='word_1_100' title='bbox 537 1419 611 1484; x_wconf 91' lang='lat' dir='ltr'>istis</span> <span class='ocrx_word' id='word_1_101' title='bbox 638 1419 748 1484; x_wconf 88' lang='lat' dir='ltr'>hiatus</span> <span class='ocrx_word' id='word_1_102' title='bbox 776 1418 984 1502; x_wconf 88' lang='lat' dir='ltr'>syllabaeque</span> <span class='ocrx_word' id='word_1_103' title='bbox 1012 1418 1164 1502; x_wconf 89' lang='lat' dir='ltr'>ancipitis</span> <span class='ocrx_word' id='word_1_104' title='bbox 1192 1418 1278 1481; x_wconf 89' lang='lat' dir='ltr'>inter</span> <span class='ocrx_word' id='word_1_105' title='bbox 1301 1440 1335 1482; x_wconf 91' lang='lat' dir='ltr'>se</span> <span class='ocrx_word' id='word_1_106' title='bbox 1359 1418 1489 1483; x_wconf 90' lang='lat' dir='ltr'>diremti</span> <span class='ocrx_word' id='word_1_107' title='bbox 1511 1420 1592 1507; x_wconf 90' lang='lat' dir='ltr'>sint,</span> 
     </span>
     <span class='ocr_line' id='line_1_12' title="bbox 309 1523 1590 1611; baseline 0.001 -19"><span class='ocrx_word' id='word_1_108' title='bbox 309 1533 418 1592; x_wconf 90' lang='lat' dir='ltr'>tamen</span> <span class='ocrx_word' id='word_1_109' title='bbox 450 1549 548 1591; x_wconf 91' lang='lat' dir='ltr'>unam</span> <span class='ocrx_word' id='word_1_110' title='bbox 579 1526 798 1611; x_wconf 86' lang='lat' dir='ltr'>rhythmicam</span> <span class='ocrx_word' id='word_1_111' title='bbox 831 1525 1000 1610; x_wconf 90' lang='lat' dir='ltr'>periodum</span> <span class='ocrx_word' id='word_1_112' title='bbox 1032 1525 1185 1590; x_wconf 84' lang='lat' dir='ltr'>efficiant.</span> <span class='ocrx_word' id='word_1_113' title='bbox 1239 1523 1317 1590; x_wconf 89' lang='lat' dir='ltr'>Non</span> <span class='ocrx_word' id='word_1_114' title='bbox 1347 1525 1451 1611; x_wconf 83' lang='lat' dir='ltr'>igitur</span> <span class='ocrx_word' id='word_1_115' title='bbox 1481 1527 1516 1590; x_wconf 93' lang='lat' dir='ltr'>in</span> <span class='ocrx_word' id='word_1_116' title='bbox 1548 1551 1590 1594; x_wconf 91' lang='lat' dir='ltr'>eo</span> 
     </span>
     <span class='ocr_line' id='line_1_13' title="bbox 310 1632 1590 1719; baseline 0 -19"><span class='ocrx_word' id='word_1_117' title='bbox 310 1637 513 1719; x_wconf 83' lang='lat' dir='ltr'>acquiescere</span> <span class='ocrx_word' id='word_1_118' title='bbox 531 1634 627 1700; x_wconf 89' lang='lat' dir='ltr'>nobis</span> <span class='ocrx_word' id='word_1_119' title='bbox 645 1633 737 1719; x_wconf 89' lang='lat' dir='ltr'>licet,</span> <span class='ocrx_word' id='word_1_120' title='bbox 754 1637 792 1697; x_wconf 91' lang='lat' dir='ltr'>ut</span> <span class='ocrx_word' id='word_1_121' title='bbox 808 1632 1033 1698; x_wconf 87' lang='lat' dir='ltr'>Boeckbianas</span> <span class='ocrx_word' id='word_1_122' title='bbox 1051 1632 1194 1697; x_wconf 84' lang='lat' dir='ltr'>rationes</span> <span class='ocrx_word' id='word_1_123' title='bbox 1214 1632 1317 1698; x_wconf 90' lang='lat' dir='ltr'>secuti</span> <span class='ocrx_word' id='word_1_124' title='bbox 1335 1655 1488 1698; x_wconf 80' lang='lat' dir='ltr'>versuum</span> <span class='ocrx_word' id='word_1_125' title='bbox 1506 1635 1590 1700; x_wconf 83' lang='lat' dir='ltr'>fines</span> 
     </span>
     <span class='ocr_line' id='line_1_14' title="bbox 310 1739 1591 1826; baseline 0 -19"><span class='ocrx_word' id='word_1_126' title='bbox 310 1743 513 1824; x_wconf 89' lang='lat' dir='ltr'>definiamus,</span> <span class='ocrx_word' id='word_1_127' title='bbox 538 1741 593 1806; x_wconf 91' lang='lat' dir='ltr'>sed</span> <span class='ocrx_word' id='word_1_128' title='bbox 617 1741 848 1826; x_wconf 85' lang='lat' dir='ltr'>circumspecte</span> <span class='ocrx_word' id='word_1_129' title='bbox 870 1740 965 1805; x_wconf 89' lang='lat' dir='ltr'>uobis</span> <span class='ocrx_word' id='word_1_130' title='bbox 982 1740 1116 1824; x_wconf 89' lang='lat' dir='ltr'>insuper</span> <span class='ocrx_word' id='word_1_131' title='bbox 1134 1739 1403 1804; x_wconf 90' lang='lat' dir='ltr'>considerandum</span> <span class='ocrx_word' id='word_1_132' title='bbox 1422 1746 1487 1825; x_wconf 91' lang='lat' dir='ltr'>est,</span> <span class='ocrx_word' id='word_1_133' title='bbox 1508 1764 1591 1808; x_wconf 92' lang='lat' dir='ltr'>num</span> 
     </span>
    </p>
   </div>
   <div class='ocr_carea' id='block_1_5' title="bbox 310 1846 1707 1934">
    <p class='ocr_par' dir='ltr' id='par_1_5' title="bbox 310 1846 1707 1934">
     <span class='ocr_line' id='line_1_15' title="bbox 310 1846 1707 1934; baseline 0.003 -21"><span class='ocrx_word' id='word_1_134' title='bbox 310 1849 366 1934; x_wconf 91' lang='lat' dir='ltr'>qui</span> <span class='ocrx_word' id='word_1_135' title='bbox 386 1871 496 1914; x_wconf 86' lang='lat' dir='ltr'>versus</span> <span class='ocrx_word' id='word_1_136' title='bbox 517 1847 622 1933; x_wconf 91' lang='lat' dir='ltr'>specie</span> <span class='ocrx_word' id='word_1_137' title='bbox 640 1848 757 1912; x_wconf 87' lang='lat' dir='ltr'>fallant</span> <span class='ocrx_word' id='word_1_138' title='bbox 771 1853 804 1912; x_wconf 90' lang='lat' dir='ltr'>et</span> <span class='ocrx_word' id='word_1_139' title='bbox 819 1870 893 1913; x_wconf 94' lang='lat' dir='ltr'>cum</span> <span class='ocrx_word' id='word_1_140' title='bbox 907 1847 1042 1931; x_wconf 82' lang='lat' dir='ltr'>perfecti</span> <span class='ocrx_word' id='word_1_141' title='bbox 1056 1868 1126 1912; x_wconf 86' lang='lat' dir='ltr'>esse</span> <span class='ocrx_word' id='word_1_142' title='bbox 1141 1846 1323 1931; x_wconf 88' lang='lat' dir='ltr'>videantur,</span> <span class='ocrx_word' id='word_1_143' title='bbox 1341 1870 1376 1911; x_wconf 92' lang='lat' dir='ltr'>re</span> <span class='ocrx_word' id='word_1_144' title='bbox 1389 1871 1466 1912; x_wconf 84' lang='lat' dir='ltr'>vera</span> <span class='ocrx_word' id='word_1_145' title='bbox 1479 1871 1592 1914; x_wconf 90' lang='lat' dir='ltr'>nume-</span> <span class='ocrx_word' id='word_1_146' title='bbox 1706 1868 1707 1917; x_wconf 67' lang='lat' dir='ltr'>l</span> 
     </span>
    </p>
   </div>
   <div class='ocr_carea' id='block_1_6' title="bbox 310 1953 1596 2042">
    <p class='ocr_par' dir='ltr' id='par_1_6' title="bbox 310 1924 1707 2049">
     <span class='ocr_line' id='line_1_16' title="bbox 310 1953 1596 2042; baseline 0.001 -23"><span class='ocrx_word' id='word_1_147' title='bbox 310 1955 355 2019; x_wconf 90' lang='lat' dir='ltr'>ris</span> <span class='ocrx_word' id='word_1_148' title='bbox 380 1959 413 2020; x_wconf 91' lang='lat' dir='ltr'>et</span> <span class='ocrx_word' id='word_1_149' title='bbox 438 1958 601 2018; x_wconf 88' lang='lat' dir='ltr'>structura</span> <span class='ocrx_word' id='word_1_150' title='bbox 621 1959 731 2038; x_wconf 88' lang='lat' dir='ltr'>partes</span> <span class='ocrx_word' id='word_1_151' title='bbox 755 1954 888 2020; x_wconf 91' lang='lat' dir='ltr'>maioris</span> <span class='ocrx_word' id='word_1_152' title='bbox 910 1953 1036 2038; x_wconf 91' lang='lat' dir='ltr'>periodi</span> <span class='ocrx_word' id='word_1_153' title='bbox 1054 1953 1257 2038; x_wconf 87' lang='lat' dir='ltr'>rhythmicae</span> <span class='ocrx_word' id='word_1_154' title='bbox 1276 1977 1346 2019; x_wconf 90' lang='lat' dir='ltr'>esse</span> <span class='ocrx_word' id='word_1_155' title='bbox 1366 1962 1596 2042; x_wconf 85' lang='lat' dir='ltr'>coarguantur.</span> 
     </span>
    </p>
   </div>
   <div class='ocr_carea' id='block_1_7' title="bbox 763 2139 1136 2224">
    <p class='ocr_par' dir='ltr' id='par_1_7' title="bbox 763 2139 1136 2224">
     <span class='ocr_line' id='line_1_17' title="bbox 763 2139 1136 2224; baseline 0.005 -19"><span class='ocrx_word' id='word_1_156' title='bbox 763 2140 809 2206; x_wconf 84' lang='lat' dir='ltr'>De</span> <span class='ocrx_word' id='word_1_157' title='bbox 831 2139 967 2224; x_wconf 84' lang='lat' dir='ltr'>pedibus</span> <span class='ocrx_word' id='word_1_158' title='bbox 990 2142 1024 2207; x_wconf 85' lang='lat' dir='ltr'>et</span> <span class='ocrx_word' id='word_1_159' title='bbox 1046 2140 1136 2207; x_wconf 84' lang='lat' dir='ltr'>colis.</span> 
     </span>
    </p>
   </div>
   <div class='ocr_carea' id='block_1_8' title="bbox 400 2275 1596 2363">
    <p class='ocr_par' dir='ltr' id='par_1_8' title="bbox 400 2275 1596 2363">
     <span class='ocr_line' id='line_1_18' title="bbox 400 2275 1596 2363; baseline 0.003 -21"><span class='ocrx_word' id='word_1_160' title='bbox 400 2275 495 2342; x_wconf 84' lang='lat' dir='ltr'>Oula</span> <span class='ocrx_word' id='word_1_161' title='bbox 518 2277 585 2342; x_wconf 87' lang='lat' dir='ltr'>sive</span> <span class='ocrx_word' id='word_1_162' title='bbox 609 2276 755 2342; x_wconf 90' lang='lat' dir='ltr'>membra</span> <span class='ocrx_word' id='word_1_163' title='bbox 776 2281 887 2361; x_wconf 89' lang='lat' dir='ltr'>partes</span> <span class='ocrx_word' id='word_1_164' title='bbox 910 2276 1070 2363; x_wconf 84' lang='lat' dir='ltr'>longioris</span> <span class='ocrx_word' id='word_1_165' title='bbox 1093 2299 1204 2342; x_wconf 85' lang='lat' dir='ltr'>versus</span> <span class='ocrx_word' id='word_1_166' title='bbox 1228 2277 1296 2342; x_wconf 86' lang='lat' dir='ltr'>sive</span> <span class='ocrx_word' id='word_1_167' title='bbox 1314 2278 1439 2362; x_wconf 88' lang='lat' dir='ltr'>periodi</span> <span class='ocrx_word' id='word_1_168' title='bbox 1459 2284 1535 2345; x_wconf 90' lang='lat' dir='ltr'>sunt</span> <span class='ocrx_word' id='word_1_169' title='bbox 1554 2303 1596 2345; x_wconf 86' lang='lat' dir='ltr'>ex</span> 
     </span>
    </p>
   </div>
   <div class='ocr_carea' id='block_1_9' title="bbox 310 2384 1707 2898">
    <p class='ocr_par' dir='ltr' id='par_1_9' title="bbox 310 2364 1707 2898">
     <span class='ocr_line' id='line_1_19' title="bbox 310 2384 1595 2471; baseline 0.002 -22"><span class='ocrx_word' id='word_1_170' title='bbox 310 2385 459 2471; x_wconf 89' lang='lat' dir='ltr'>pluribus</span> <span class='ocrx_word' id='word_1_171' title='bbox 482 2384 618 2471; x_wconf 90' lang='lat' dir='ltr'>pedibus</span> <span class='ocrx_word' id='word_1_172' title='bbox 643 2384 842 2469; x_wconf 87' lang='lat' dir='ltr'>compositae</span> <span class='ocrx_word' id='word_1_173' title='bbox 866 2389 899 2448; x_wconf 90' lang='lat' dir='ltr'>et</span> <span class='ocrx_word' id='word_1_174' title='bbox 921 2384 1087 2450; x_wconf 85' lang='lat' dir='ltr'>brevicula</span> <span class='ocrx_word' id='word_1_175' title='bbox 1109 2408 1212 2469; x_wconf 91' lang='lat' dir='ltr'>pausa</span> <span class='ocrx_word' id='word_1_176' title='bbox 1233 2384 1353 2450; x_wconf 90' lang='lat' dir='ltr'>finitae.</span> <span class='ocrx_word' id='word_1_177' title='bbox 1392 2385 1423 2450; x_wconf 83' lang='lat' dir='ltr'><strong>A</strong></span> <span class='ocrx_word' id='word_1_178' title='bbox 1446 2387 1595 2452; x_wconf 82' lang='lat' dir='ltr'>versibus</span> 
     </span>
     <span class='ocr_line' id='line_1_20' title="bbox 312 2491 1707 2579; baseline 0.001 -21"><span class='ocrx_word' id='word_1_179' title='bbox 312 2515 350 2558; x_wconf 90' lang='lat' dir='ltr'>ea</span> <span class='ocrx_word' id='word_1_180' title='bbox 372 2491 436 2557; x_wconf 91' lang='lat' dir='ltr'>boc</span> <span class='ocrx_word' id='word_1_181' title='bbox 458 2493 589 2557; x_wconf 90' lang='lat' dir='ltr'>nomine</span> <span class='ocrx_word' id='word_1_182' title='bbox 613 2491 779 2578; x_wconf 88' lang='lat' dir='ltr'>differunt,</span> <span class='ocrx_word' id='word_1_183' title='bbox 803 2492 888 2575; x_wconf 91' lang='lat' dir='ltr'>quod</span> <span class='ocrx_word' id='word_1_184' title='bbox 910 2491 946 2555; x_wconf 93' lang='lat' dir='ltr'>in</span> <span class='ocrx_word' id='word_1_185' title='bbox 968 2493 1032 2556; x_wconf 90' lang='lat' dir='ltr'>fine</span> <span class='ocrx_word' id='word_1_186' title='bbox 1052 2513 1111 2556; x_wconf 91' lang='lat' dir='ltr'>suo</span> <span class='ocrx_word' id='word_1_187' title='bbox 1131 2491 1279 2556; x_wconf 88' lang='lat' dir='ltr'>licentias</span> <span class='ocrx_word' id='word_1_188' title='bbox 1298 2492 1408 2557; x_wconf 89' lang='lat' dir='ltr'>hiatus</span> <span class='ocrx_word' id='word_1_189' title='bbox 1427 2493 1479 2558; x_wconf 83' lang='lat' dir='ltr'>vel</span> <span class='ocrx_word' id='word_1_190' title='bbox 1498 2494 1596 2579; x_wconf 89' lang='lat' dir='ltr'>sylla·</span> <span class='ocrx_word' id='word_1_191' title='bbox 1706 2512 1707 2559; x_wconf 76' lang='grc' dir='ltr'><em>ῖ</em></span> 
     </span>
     <span class='ocr_line' id='line_1_21' title="bbox 311 2599 1707 2685; baseline 0.002 -21"><span class='ocrx_word' id='word_1_192' title='bbox 311 2600 371 2664; x_wconf 89' lang='lat' dir='ltr'>bae</span> <span class='ocrx_word' id='word_1_193' title='bbox 391 2599 498 2664; x_wconf 87' lang='lat' dir='ltr'>brevis</span> <span class='ocrx_word' id='word_1_194' title='bbox 516 2621 576 2684; x_wconf 92' lang='lat' dir='ltr'>pro</span> <span class='ocrx_word' id='word_1_195' title='bbox 595 2599 694 2685; x_wconf 84' lang='lat' dir='ltr'>longa</span> <span class='ocrx_word' id='word_1_196' title='bbox 712 2599 838 2684; x_wconf 89' lang='lat' dir='ltr'>positae</span> <span class='ocrx_word' id='word_1_197' title='bbox 857 2602 1015 2683; x_wconf 90' lang='lat' dir='ltr'>respuunt</span> <span class='ocrx_word' id='word_1_198' title='bbox 1032 2620 1137 2681; x_wconf 90' lang='lat' dir='ltr'>neque</span> <span class='ocrx_word' id='word_1_199' title='bbox 1155 2599 1338 2664; x_wconf 88' lang='lat' dir='ltr'>necessario</span> <span class='ocrx_word' id='word_1_200' title='bbox 1355 2600 1501 2685; x_wconf 88' lang='lat' dir='ltr'>perfecta</span> <span class='ocrx_word' id='word_1_201' title='bbox 1516 2625 1596 2667; x_wconf 83' lang='lat' dir='ltr'>voce</span> <span class='ocrx_word' id='word_1_202' title='bbox 1706 2668 1707 2675; x_wconf 39' lang='lat'>,</span> 
     </span>
     <span class='ocr_line' id='line_1_22' title="bbox 312 2703 1707 2794; baseline 0.001 -22"><span class='ocrx_word' id='word_1_203' title='bbox 312 2704 434 2794; x_wconf 73' lang='grc' dir='ltr'><strong><em>(τελείᾳ</em></strong></span> <span class='ocrx_word' id='word_1_204' title='bbox 456 2703 555 2793; x_wconf 80' lang='grc' dir='ltr'>λέξει)</span> <span class='ocrx_word' id='word_1_205' title='bbox 578 2706 744 2770; x_wconf 90' lang='lat' dir='ltr'>finiuntur.</span> <span class='ocrx_word' id='word_1_206' title='bbox 781 2705 932 2769; x_wconf 87' lang='lat' dir='ltr'>Alterum</span> <span class='ocrx_word' id='word_1_207' title='bbox 956 2705 1042 2790; x_wconf 91' lang='lat' dir='ltr'>quod</span> <span class='ocrx_word' id='word_1_208' title='bbox 1064 2707 1161 2791; x_wconf 91' lang='lat' dir='ltr'>posui</span> <span class='ocrx_word' id='word_1_209' title='bbox 1182 2705 1332 2791; x_wconf 90' lang='lat' dir='ltr'>inprimis</span> <span class='ocrx_word' id='word_1_210' title='bbox 1354 2707 1439 2773; x_wconf 84' lang='lat' dir='ltr'>valet</span> <span class='ocrx_word' id='word_1_211' title='bbox 1458 2709 1497 2773; x_wconf 93' lang='lat' dir='ltr'>de</span> <span class='ocrx_word' id='word_1_212' title='bbox 1516 2708 1595 2773; x_wconf 92' lang='lat' dir='ltr'>Pin-</span> <span class='ocrx_word' id='word_1_213' title='bbox 1706 2748 1707 2751; x_wconf 61' lang='lat'><em>=</em></span> 
     </span>
     <span class='ocr_line' id='line_1_23' title="bbox 312 2811 1707 2898; baseline 0.003 -20"><span class='ocrx_word' id='word_1_214' title='bbox 312 2815 404 2898; x_wconf 88' lang='lat' dir='ltr'>darc,</span> <span class='ocrx_word' id='word_1_215' title='bbox 432 2813 524 2877; x_wconf 89' lang='lat' dir='ltr'>cuius</span> <span class='ocrx_word' id='word_1_216' title='bbox 549 2812 719 2898; x_wconf 86' lang='lat' dir='ltr'>ingeniosa</span> <span class='ocrx_word' id='word_1_217' title='bbox 741 2811 837 2877; x_wconf 91' lang='lat' dir='ltr'>Musa</span> <span class='ocrx_word' id='word_1_218' title='bbox 860 2835 880 2875; x_wconf 90' lang='lat' dir='ltr'>a</span> <span class='ocrx_word' id='word_1_219' title='bbox 902 2826 990 2876; x_wconf 85' lang='lat' dir='ltr'>tersa</span> <span class='ocrx_word' id='word_1_220' title='bbox 1013 2816 1082 2877; x_wconf 87' lang='lat' dir='ltr'>arte</span> <span class='ocrx_word' id='word_1_221' title='bbox 1105 2818 1276 2898; x_wconf 89' lang='lat' dir='ltr'>poetarum</span> <span class='ocrx_word' id='word_1_222' title='bbox 1299 2812 1596 2881; x_wconf 87' lang='lat' dir='ltr'>Alexandrinorum</span> <span class='ocrx_word' id='word_1_223' title='bbox 1706 2836 1707 2839; x_wconf 73' lang='grc'>’</span> 
     </span>
    </p>
   </div>
   <div class='ocr_carea' id='block_1_10' title="bbox 311 2918 1597 3221">
    <p class='ocr_par' dir='ltr' id='par_1_10' title="bbox 311 2918 1597 3221">
     <span class='ocr_line' id='line_1_24' title="bbox 311 2918 1594 3004; baseline 0.002 -18"><span class='ocrx_word' id='word_1_224' title='bbox 311 2925 344 2986; x_wconf 90' lang='lat' dir='ltr'>et</span> <span class='ocrx_word' id='word_1_225' title='bbox 363 2919 586 2986; x_wconf 86' lang='lat' dir='ltr'>Romanorum</span> <span class='ocrx_word' id='word_1_226' title='bbox 609 2942 647 2984; x_wconf 93' lang='lat' dir='ltr'>eo</span> <span class='ocrx_word' id='word_1_227' title='bbox 671 2919 879 3004; x_wconf 88' lang='lat' dir='ltr'>potissimum</span> <span class='ocrx_word' id='word_1_228' title='bbox 905 2918 1025 3004; x_wconf 84' lang='lat' dir='ltr'>differt,</span> <span class='ocrx_word' id='word_1_229' title='bbox 1048 2920 1135 3004; x_wconf 92' lang='lat' dir='ltr'>quod</span> <span class='ocrx_word' id='word_1_230' title='bbox 1158 2920 1194 2983; x_wconf 93' lang='lat' dir='ltr'>in</span> <span class='ocrx_word' id='word_1_231' title='bbox 1217 2921 1359 2985; x_wconf 89' lang='lat' dir='ltr'>caesuris</span> <span class='ocrx_word' id='word_1_232' title='bbox 1383 2923 1594 2988; x_wconf 86' lang='lat' dir='ltr'>observandis</span> 
     </span>
     <span class='ocr_line' id='line_1_25' title="bbox 315 3026 1597 3113; baseline 0.003 -21"><span class='ocrx_word' id='word_1_233' title='bbox 315 3027 489 3092; x_wconf 86' lang='lat' dir='ltr'>admodum</span> <span class='ocrx_word' id='word_1_234' title='bbox 507 3026 683 3112; x_wconf 83' lang='lat' dir='ltr'>neglegens</span> <span class='ocrx_word' id='word_1_235' title='bbox 704 3032 766 3112; x_wconf 90' lang='lat' dir='ltr'>est,</span> <span class='ocrx_word' id='word_1_236' title='bbox 789 3031 827 3091; x_wconf 91' lang='lat' dir='ltr'>ut</span> <span class='ocrx_word' id='word_1_237' title='bbox 846 3049 942 3113; x_wconf 87' lang='lat' dir='ltr'>saepe</span> <span class='ocrx_word' id='word_1_238' title='bbox 961 3026 1047 3113; x_wconf 90' lang='lat' dir='ltr'>apud</span> <span class='ocrx_word' id='word_1_239' title='bbox 1065 3049 1138 3092; x_wconf 90' lang='lat' dir='ltr'>eum</span> <span class='ocrx_word' id='word_1_240' title='bbox 1158 3027 1231 3092; x_wconf 90' lang='lat' dir='ltr'>cola</span> <span class='ocrx_word' id='word_1_241' title='bbox 1248 3051 1360 3094; x_wconf 82' lang='lat' dir='ltr'>versus</span> <span class='ocrx_word' id='word_1_242' title='bbox 1380 3029 1597 3096; x_wconf 86' lang='lat' dir='ltr'>continuitate</span> 
     </span>
     <span class='ocr_line' id='line_1_26' title="bbox 312 3130 1013 3221; baseline -0.001 -22"><span class='ocrx_word' id='word_1_243' title='bbox 312 3134 403 3200; x_wconf 86' lang='lat' dir='ltr'>verbi</span> <span class='ocrx_word' id='word_1_244' title='bbox 426 3130 620 3221; x_wconf 80' lang='grc' dir='ltr'><strong><em>(συναφείᾳ)</em></strong></span> <span class='ocrx_word' id='word_1_245' title='bbox 643 3132 730 3197; x_wconf 91' lang='lat' dir='ltr'>inter</span> <span class='ocrx_word' id='word_1_246' title='bbox 752 3155 786 3198; x_wconf 89' lang='lat' dir='ltr'>se</span> <span class='ocrx_word' id='word_1_247' title='bbox 811 3133 1013 3199; x_wconf 86' lang='lat' dir='ltr'>cohaereant.</span> 
     </span>
    </p>
   </div>
   <div class='ocr_carea' id='block_1_11' title="bbox 401 3239 1707 3330">
    <p class='ocr_par' dir='ltr' id='par_1_11' title="bbox 401 3239 1707 3330">
     <span class='ocr_line' id='line_1_27' title="bbox 401 3239 1707 3330; baseline 0.005 -26"><span class='ocrx_word' id='word_1_248' title='bbox 401 3239 524 3305; x_wconf 86' lang='lat' dir='ltr'>Pedes</span> <span class='ocrx_word' id='word_1_249' title='bbox 558 3245 635 3305; x_wconf 91' lang='lat' dir='ltr'>sunt</span> <span class='ocrx_word' id='word_1_250' title='bbox 667 3243 724 3304; x_wconf 87' lang='lat' dir='ltr'>aut</span> <span class='ocrx_word' id='word_1_251' title='bbox 757 3239 921 3325; x_wconf 91' lang='lat' dir='ltr'>simplices</span> <span class='ocrx_word' id='word_1_252' title='bbox 949 3245 1006 3305; x_wconf 91' lang='lat' dir='ltr'>aut</span> <span class='ocrx_word' id='word_1_253' title='bbox 1034 3241 1216 3326; x_wconf 86' lang='lat' dir='ltr'>compositi.</span> <span class='ocrx_word' id='word_1_254' title='bbox 1265 3239 1327 3305; x_wconf 92' lang='lat' dir='ltr'>Pes</span> <span class='ocrx_word' id='word_1_255' title='bbox 1355 3241 1507 3330; x_wconf 85' lang='lat' dir='ltr'>simplex,</span> <span class='ocrx_word' id='word_1_256' title='bbox 1538 3247 1596 3330; x_wconf 90' lang='lat' dir='ltr'>qui</span> <span class='ocrx_word' id='word_1_257' title='bbox 1706 3278 1707 3283; x_wconf 42' lang='lat'>¹</span> 
     </span>
    </p>
   </div>
   <div class='ocr_carea' id='block_1_12' title="bbox 312 3345 1596 3754">
    <p class='ocr_par' dir='ltr' id='par_1_12' title="bbox 312 3345 1596 3754">
     <span class='ocr_line' id='line_1_28' title="bbox 312 3345 1593 3433; baseline 0.003 -21"><span class='ocrx_word' id='word_1_258' title='bbox 312 3347 444 3432; x_wconf 89' lang='lat' dir='ltr'>proprie</span> <span class='ocrx_word' id='word_1_259' title='bbox 471 3370 529 3432; x_wconf 92' lang='lat' dir='ltr'>pes</span> <span class='ocrx_word' id='word_1_260' title='bbox 557 3347 692 3432; x_wconf 89' lang='lat' dir='ltr'>dicitur,</span> <span class='ocrx_word' id='word_1_261' title='bbox 719 3345 912 3412; x_wconf 89' lang='lat' dir='ltr'>brevissima</span> <span class='ocrx_word' id='word_1_262' title='bbox 938 3370 1014 3432; x_wconf 90' lang='lat' dir='ltr'>pars</span> <span class='ocrx_word' id='word_1_263' title='bbox 1042 3347 1219 3433; x_wconf 90' lang='lat' dir='ltr'>rhythmici</span> <span class='ocrx_word' id='word_1_264' title='bbox 1247 3348 1369 3413; x_wconf 88' lang='lat' dir='ltr'>ordinis</span> <span class='ocrx_word' id='word_1_265' title='bbox 1393 3355 1443 3415; x_wconf 89' lang='lat' dir='ltr'>est</span> <span class='ocrx_word' id='word_1_266' title='bbox 1466 3374 1505 3415; x_wconf 83' lang='lat' dir='ltr'>ex</span> <span class='ocrx_word' id='word_1_267' title='bbox 1529 3353 1593 3416; x_wconf 90' lang='lat' dir='ltr'>arsi</span> 
     </span>
     <span class='ocr_line' id='line_1_29' title="bbox 314 3453 1595 3541; baseline 0.002 -21"><span class='ocrx_word' id='word_1_268' title='bbox 314 3461 348 3520; x_wconf 92' lang='lat' dir='ltr'>et</span> <span class='ocrx_word' id='word_1_269' title='bbox 370 3455 455 3520; x_wconf 90' lang='lat' dir='ltr'>thesi</span> <span class='ocrx_word' id='word_1_270' title='bbox 479 3459 643 3520; x_wconf 85' lang='lat' dir='ltr'>constans.</span> <span class='ocrx_word' id='word_1_271' title='bbox 680 3453 741 3519; x_wconf 87' lang='lat' dir='ltr'>Pes</span> <span class='ocrx_word' id='word_1_272' title='bbox 764 3454 978 3538; x_wconf 89' lang='lat' dir='ltr'>compositus,</span> <span class='ocrx_word' id='word_1_273' title='bbox 1002 3477 1098 3540; x_wconf 90' lang='lat' dir='ltr'>quem</span> <span class='ocrx_word' id='word_1_274' title='bbox 1121 3462 1198 3520; x_wconf 89' lang='lat' dir='ltr'>sunt</span> <span class='ocrx_word' id='word_1_275' title='bbox 1221 3456 1276 3539; x_wconf 92' lang='lat' dir='ltr'>qui</span> <span class='ocrx_word' id='word_1_276' title='bbox 1299 3455 1440 3541; x_wconf 88' lang='lat' dir='ltr'>simplici</span> <span class='ocrx_word' id='word_1_277' title='bbox 1463 3458 1595 3523; x_wconf 90' lang='lat' dir='ltr'>nomine</span> 
     </span>
     <span class='ocr_line' id='line_1_30' title="bbox 313 3561 1596 3648; baseline 0.002 -21"><span class='ocrx_word' id='word_1_278' title='bbox 313 3563 503 3648; x_wconf 89' lang='lat' dir='ltr'>rhythmum</span> <span class='ocrx_word' id='word_1_279' title='bbox 545 3561 671 3638; x_wconf 89' lang='lat' dir='ltr'>dicant,</span> <span class='ocrx_word' id='word_1_280' title='bbox 713 3582 752 3624; x_wconf 88' lang='lat' dir='ltr'>ex</span> <span class='ocrx_word' id='word_1_281' title='bbox 793 3562 921 3626; x_wconf 92' lang='lat' dir='ltr'>duobus</span> <span class='ocrx_word' id='word_1_282' title='bbox 961 3561 1097 3648; x_wconf 89' lang='lat' dir='ltr'>pedibus</span> <span class='ocrx_word' id='word_1_283' title='bbox 1139 3562 1341 3646; x_wconf 87' lang='lat' dir='ltr'>simplicibus</span> <span class='ocrx_word' id='word_1_284' title='bbox 1381 3569 1511 3629; x_wconf 90' lang='lat' dir='ltr'>constat</span> <span class='ocrx_word' id='word_1_285' title='bbox 1546 3566 1596 3630; x_wconf 89' lang='lat' dir='ltr'>ita</span> 
     </span>
     <span class='ocr_line' id='line_1_31' title="bbox 313 3667 1595 3754; baseline 0.002 -20"><span class='ocrx_word' id='word_1_286' title='bbox 313 3669 495 3754; x_wconf 89' lang='lat' dir='ltr'>rhythmice</span> <span class='ocrx_word' id='word_1_287' title='bbox 524 3667 706 3753; x_wconf 86' lang='lat' dir='ltr'>dispositis,</span> <span class='ocrx_word' id='word_1_288' title='bbox 734 3671 772 3730; x_wconf 91' lang='lat' dir='ltr'>ut</span> <span class='ocrx_word' id='word_1_289' title='bbox 799 3667 883 3732; x_wconf 90' lang='lat' dir='ltr'>alter</span> <span class='ocrx_word' id='word_1_290' title='bbox 911 3667 1006 3751; x_wconf 91' lang='lat' dir='ltr'>arsis,</span> <span class='ocrx_word' id='word_1_291' title='bbox 1034 3668 1136 3733; x_wconf 88' lang='lat' dir='ltr'>thesis</span> <span class='ocrx_word' id='word_1_292' title='bbox 1165 3667 1247 3732; x_wconf 90' lang='lat' dir='ltr'>alter</span> <span class='ocrx_word' id='word_1_293' title='bbox 1274 3669 1341 3733; x_wconf 84' lang='lat' dir='ltr'>vim</span> <span class='ocrx_word' id='word_1_294' title='bbox 1370 3670 1530 3754; x_wconf 91' lang='lat' dir='ltr'>obtineat,</span> <span class='ocrx_word' id='word_1_295' title='bbox 1556 3677 1595 3736; x_wconf 91' lang='lat' dir='ltr'>ut</span> 
     </span>
    </p>
   </div>
   <div class='ocr_carea' id='block_1_13' title="bbox 313 3773 1707 3863">
    <p class='ocr_par' dir='ltr' id='par_1_13' title="bbox 313 3773 1707 3863">
     <span class='ocr_line' id='line_1_32' title="bbox 313 3773 1707 3863; baseline 0.004 -25"><span class='ocrx_word' id='word_1_296' title='bbox 313 3805 368 3844; x_wconf 43' lang='grc' dir='ltr'>νυ</span> <span class='ocrx_word' id='word_1_297' title='bbox 385 3823 403 3845; x_wconf 42' lang='lat'><em>4</em></span> <span class='ocrx_word' id='word_1_298' title='bbox 421 3820 454 3843; x_wconf 59' lang='lat' dir='ltr'>a.</span> <span class='ocrx_word' id='word_1_299' title='bbox 493 3774 594 3840; x_wconf 89' lang='lat' dir='ltr'>Pedes</span> <span class='ocrx_word' id='word_1_300' title='bbox 616 3774 719 3860; x_wconf 81' lang='lat' dir='ltr'>igitur</span> <span class='ocrx_word' id='word_1_301' title='bbox 743 3773 930 3859; x_wconf 88' lang='lat' dir='ltr'>compositi,</span> <span class='ocrx_word' id='word_1_302' title='bbox 954 3795 1036 3857; x_wconf 90' lang='lat' dir='ltr'>quos</span> <span class='ocrx_word' id='word_1_303' title='bbox 1058 3795 1118 3838; x_wconf 90' lang='lat' dir='ltr'>nos</span> <span class='ocrx_word' id='word_1_304' title='bbox 1142 3774 1273 3858; x_wconf 92' lang='lat' dir='ltr'>quidem</span> <span class='ocrx_word' id='word_1_305' title='bbox 1294 3775 1445 3860; x_wconf 88' lang='lat' dir='ltr'>dicimus,</span> <span class='ocrx_word' id='word_1_306' title='bbox 1469 3801 1489 3842; x_wconf 90' lang='lat' dir='ltr'>a</span> <span class='ocrx_word' id='word_1_307' title='bbox 1507 3778 1595 3862; x_wconf 91' lang='lat' dir='ltr'>dipo-</span> <span class='ocrx_word' id='word_1_308' title='bbox 1706 3848 1707 3863; x_wconf 48' lang='lat'>,</span> 
     </span>
    </p>
   </div>
   <div class='ocr_carea' id='block_1_14' title="bbox 313 3881 1595 3970">
    <p class='ocr_par' dir='ltr' id='par_1_14' title="bbox 313 3881 1595 3970">
     <span class='ocr_line' id='line_1_33' title="bbox 313 3881 1595 3970; baseline 0.002 -23"><span class='ocrx_word' id='word_1_309' title='bbox 313 3883 374 3948; x_wconf 92' lang='lat' dir='ltr'>diis</span> <span class='ocrx_word' id='word_1_310' title='bbox 402 3904 468 3947; x_wconf 90' lang='lat' dir='ltr'>non</span> <span class='ocrx_word' id='word_1_311' title='bbox 491 3883 658 3968; x_wconf 74' lang='lat' dir='ltr'>differunt,</span> <span class='ocrx_word' id='word_1_312' title='bbox 686 3881 869 3965; x_wconf 90' lang='lat' dir='ltr'>quodcum</span> <span class='ocrx_word' id='word_1_313' title='bbox 893 3881 1077 3966; x_wconf 89' lang='lat' dir='ltr'>definimus,</span> <span class='ocrx_word' id='word_1_314' title='bbox 1104 3882 1236 3946; x_wconf 91' lang='lat' dir='ltr'>minime</span> <span class='ocrx_word' id='word_1_315' title='bbox 1259 3904 1320 3947; x_wconf 90' lang='lat' dir='ltr'>nos</span> <span class='ocrx_word' id='word_1_316' title='bbox 1343 3883 1442 3970; x_wconf 85' lang='lat' dir='ltr'>fugit,</span> <span class='ocrx_word' id='word_1_317' title='bbox 1469 3890 1595 3950; x_wconf 86' lang='lat' dir='ltr'>veteres</span> 
     </span>
    </p>
   </div>
   <div class='ocr_carea' id='block_1_15' title="bbox 312 3987 1707 4075">
    <p class='ocr_par' dir='ltr' id='par_1_15' title="bbox 312 3987 1707 4075">
     <span class='ocr_line' id='line_1_34' title="bbox 312 3987 1707 4075; baseline 0.001 -20"><span class='ocrx_word' id='word_1_318' title='bbox 312 3989 515 4075; x_wconf 89' lang='lat' dir='ltr'>rhythmicos</span> <span class='ocrx_word' id='word_1_319' title='bbox 548 3989 643 4054; x_wconf 89' lang='lat' dir='ltr'>aliter</span> <span class='ocrx_word' id='word_1_320' title='bbox 675 3988 828 4073; x_wconf 89' lang='lat' dir='ltr'>sensisse,</span> <span class='ocrx_word' id='word_1_321' title='bbox 859 3993 897 4052; x_wconf 92' lang='lat' dir='ltr'>ut</span> <span class='ocrx_word' id='word_1_322' title='bbox 930 3987 1077 4073; x_wconf 86' lang='lat' dir='ltr'>dipodius</span> <span class='ocrx_word' id='word_1_323' title='bbox 1110 3993 1142 4053; x_wconf 89' lang='lat' dir='ltr'>et</span> <span class='ocrx_word' id='word_1_324' title='bbox 1169 3989 1242 4054; x_wconf 88' lang='lat' dir='ltr'>cola</span> <span class='ocrx_word' id='word_1_325' title='bbox 1271 3991 1436 4055; x_wconf 89' lang='lat' dir='ltr'>communi</span> <span class='ocrx_word' id='word_1_326' title='bbox 1463 3992 1594 4056; x_wconf 91' lang='lat' dir='ltr'>nomine</span> <span class='ocrx_word' id='word_1_327' title='bbox 1706 4032 1707 4057; x_wconf 81' lang='grc'>;</span> 
     </span>
    </p>
   </div>
   <div class='ocr_carea' id='block_1_16' title="bbox 311 4092 1707 4826">
    <p class='ocr_par' dir='ltr' id='par_1_16' title="bbox 311 4092 1707 4826">
     <span class='ocr_line' id='line_1_35' title="bbox 313 4092 1594 4181; baseline 0.002 -19"><span class='ocrx_word' id='word_1_328' title='bbox 313 4098 428 4163; x_wconf 80' lang='grc' dir='ltr'><strong><em>ποδῶν</em></strong></span> <span class='ocrx_word' id='word_1_329' title='bbox 461 4095 636 4162; x_wconf 82' lang='grc' dir='ltr'><strong><em>συνθέτων</em></strong></span> <span class='ocrx_word' id='word_1_330' title='bbox 668 4095 968 4181; x_wconf 88' lang='lat' dir='ltr'>complecterentur.</span> <span class='ocrx_word' id='word_1_331' title='bbox 1016 4092 1079 4158; x_wconf 83' lang='lat' dir='ltr'>Sed</span> <span class='ocrx_word' id='word_1_332' title='bbox 1107 4117 1148 4159; x_wconf 91' lang='lat' dir='ltr'>ne</span> <span class='ocrx_word' id='word_1_333' title='bbox 1175 4097 1290 4162; x_wconf 87' lang='lat' dir='ltr'>turbae</span> <span class='ocrx_word' id='word_1_334' title='bbox 1318 4102 1488 4162; x_wconf 89' lang='lat' dir='ltr'>orerentur</span> <span class='ocrx_word' id='word_1_335' title='bbox 1515 4121 1594 4164; x_wconf 82' lang='lat' dir='ltr'>neve</span> 
     </span>
     <span class='ocr_line' id='line_1_36' title="bbox 313 4201 1596 4290; baseline -0.001 -20"><span class='ocrx_word' id='word_1_336' title='bbox 313 4227 378 4289; x_wconf 88' lang='lat' dir='ltr'>res,</span> <span class='ocrx_word' id='word_1_337' title='bbox 406 4227 486 4289; x_wconf 89' lang='lat' dir='ltr'>quas</span> <span class='ocrx_word' id='word_1_338' title='bbox 515 4209 642 4290; x_wconf 89' lang='lat' dir='ltr'>poetae,</span> <span class='ocrx_word' id='word_1_339' title='bbox 671 4224 809 4288; x_wconf 91' lang='lat' dir='ltr'>quorum</span> <span class='ocrx_word' id='word_1_340' title='bbox 832 4202 1011 4268; x_wconf 89' lang='lat' dir='ltr'>auctoritas</span> <span class='ocrx_word' id='word_1_341' title='bbox 1038 4201 1233 4286; x_wconf 90' lang='lat' dir='ltr'>plusquam</span> <span class='ocrx_word' id='word_1_342' title='bbox 1261 4203 1410 4269; x_wconf 91' lang='lat' dir='ltr'>doctrina</span> <span class='ocrx_word' id='word_1_343' title='bbox 1436 4202 1596 4288; x_wconf 87' lang='lat' dir='ltr'>rhythmi·</span> 
     </span>
     <span class='ocr_line' id='line_1_37' title="bbox 311 4308 1594 4396; baseline 0.002 -20"><span class='ocrx_word' id='word_1_344' title='bbox 311 4333 424 4376; x_wconf 92' lang='lat' dir='ltr'>corum</span> <span class='ocrx_word' id='word_1_345' title='bbox 453 4312 553 4390; x_wconf 83' lang='lat' dir='ltr'>valet,</span> <span class='ocrx_word' id='word_1_346' title='bbox 586 4311 674 4376; x_wconf 86' lang='lat' dir='ltr'>varie</span> <span class='ocrx_word' id='word_1_347' title='bbox 701 4313 899 4394; x_wconf 89' lang='lat' dir='ltr'>tractarunt,</span> <span class='ocrx_word' id='word_1_348' title='bbox 929 4309 1015 4374; x_wconf 92' lang='lat' dir='ltr'>inter</span> <span class='ocrx_word' id='word_1_349' title='bbox 1044 4331 1078 4373; x_wconf 88' lang='lat' dir='ltr'>se</span> <span class='ocrx_word' id='word_1_350' title='bbox 1106 4308 1395 4396; x_wconf 88' lang='lat' dir='ltr'>confunderentur,</span> <span class='ocrx_word' id='word_1_351' title='bbox 1426 4311 1594 4378; x_wconf 91' lang='lat' dir='ltr'>notionem</span> 
     </span>
     <span class='ocr_line' id='line_1_38' title="bbox 313 4416 1597 4503; baseline 0.002 -21"><span class='ocrx_word' id='word_1_352' title='bbox 313 4418 404 4502; x_wconf 91' lang='lat' dir='ltr'>pedis</span> <span class='ocrx_word' id='word_1_353' title='bbox 437 4419 611 4503; x_wconf 90' lang='lat' dir='ltr'>compositi</span> <span class='ocrx_word' id='word_1_354' title='bbox 643 4417 838 4484; x_wconf 88' lang='lat' dir='ltr'>arctioribus</span> <span class='ocrx_word' id='word_1_355' title='bbox 871 4416 1031 4481; x_wconf 89' lang='lat' dir='ltr'>limitibus</span> <span class='ocrx_word' id='word_1_356' title='bbox 1058 4416 1222 4483; x_wconf 91' lang='lat' dir='ltr'>includere</span> <span class='ocrx_word' id='word_1_357' title='bbox 1250 4416 1353 4481; x_wconf 88' lang='lat' dir='ltr'>satius</span> <span class='ocrx_word' id='word_1_358' title='bbox 1382 4418 1467 4483; x_wconf 85' lang='lat' dir='ltr'>duxi.</span> <span class='ocrx_word' id='word_1_359' title='bbox 1515 4417 1597 4484; x_wconf 83' lang='lat' dir='ltr'>Cola</span> 
     </span>
     <span class='ocr_line' id='line_1_39' title="bbox 313 4523 1596 4610; baseline 0.002 -21"><span class='ocrx_word' id='word_1_360' title='bbox 313 4528 422 4590; x_wconf 89' lang='lat' dir='ltr'>autem</span> <span class='ocrx_word' id='word_1_361' title='bbox 428 4577 437 4610; x_wconf 92' lang='lat'>,</span> <span class='ocrx_word' id='word_1_362' title='bbox 465 4546 547 4608; x_wconf 91' lang='lat' dir='ltr'>quae</span> <span class='ocrx_word' id='word_1_363' title='bbox 574 4525 637 4590; x_wconf 90' lang='lat' dir='ltr'>hoc</span> <span class='ocrx_word' id='word_1_364' title='bbox 663 4525 795 4590; x_wconf 91' lang='lat' dir='ltr'>nomine</span> <span class='ocrx_word' id='word_1_365' title='bbox 818 4546 892 4590; x_wconf 89' lang='lat' dir='ltr'>vere</span> <span class='ocrx_word' id='word_1_366' title='bbox 915 4523 1015 4609; x_wconf 83' lang='lat' dir='ltr'>digua</span> <span class='ocrx_word' id='word_1_367' title='bbox 1038 4525 1117 4610; x_wconf 88' lang='lat' dir='ltr'>sint,</span> <span class='ocrx_word' id='word_1_368' title='bbox 1147 4523 1356 4610; x_wconf 84' lang='lat' dir='ltr'>expluribus</span> <span class='ocrx_word' id='word_1_369' title='bbox 1381 4524 1519 4609; x_wconf 88' lang='lat' dir='ltr'>dipodiis</span> <span class='ocrx_word' id='word_1_370' title='bbox 1543 4527 1596 4591; x_wconf 83' lang='lat' dir='ltr'>vel</span> 
     </span>
     <span class='ocr_line' id='line_1_40' title="bbox 313 4630 1597 4717; baseline 0.004 -23"><span class='ocrx_word' id='word_1_371' title='bbox 313 4632 430 4697; x_wconf 87' lang='lat' dir='ltr'>saltem</span> <span class='ocrx_word' id='word_1_372' title='bbox 453 4655 492 4696; x_wconf 87' lang='lat' dir='ltr'>ex</span> <span class='ocrx_word' id='word_1_373' title='bbox 516 4632 622 4696; x_wconf 91' lang='lat' dir='ltr'>tribus</span> <span class='ocrx_word' id='word_1_374' title='bbox 645 4632 781 4717; x_wconf 88' lang='lat' dir='ltr'>pedibus</span> <span class='ocrx_word' id='word_1_375' title='bbox 805 4630 1008 4715; x_wconf 89' lang='lat' dir='ltr'>simplicibus</span> <span class='ocrx_word' id='word_1_376' title='bbox 1032 4637 1181 4697; x_wconf 88' lang='lat' dir='ltr'>constare</span> <span class='ocrx_word' id='word_1_377' title='bbox 1205 4631 1386 4696; x_wconf 91' lang='lat' dir='ltr'>definimus.</span> <span class='ocrx_word' id='word_1_378' title='bbox 1427 4633 1538 4716; x_wconf 85' lang='lat' dir='ltr'>Atque</span> <span class='ocrx_word' id='word_1_379' title='bbox 1561 4635 1597 4699; x_wconf 91' lang='lat' dir='ltr'>in</span> 
     </span>
     <span class='ocr_line' id='line_1_41' title="bbox 315 4738 1707 4826; baseline 0.001 -22"><span class='ocrx_word' id='word_1_380' title='bbox 315 4740 414 4826; x_wconf 87' lang='lat' dir='ltr'>pedes</span> <span class='ocrx_word' id='word_1_381' title='bbox 439 4761 552 4806; x_wconf 91' lang='lat' dir='ltr'>omnes</span> <span class='ocrx_word' id='word_1_382' title='bbox 575 4761 687 4806; x_wconf 76' lang='lat' dir='ltr'>versus</span> <span class='ocrx_word' id='word_1_383' title='bbox 711 4739 895 4824; x_wconf 88' lang='lat' dir='ltr'>solvuntur,</span> <span class='ocrx_word' id='word_1_384' title='bbox 918 4738 1059 4803; x_wconf 89' lang='lat' dir='ltr'>sednon</span> <span class='ocrx_word' id='word_1_385' title='bbox 1078 4760 1189 4804; x_wconf 90' lang='lat' dir='ltr'>omnes</span> <span class='ocrx_word' id='word_1_386' title='bbox 1207 4759 1334 4823; x_wconf 84' lang='lat' dir='ltr'>versus,</span> <span class='ocrx_word' id='word_1_387' title='bbox 1356 4738 1545 4823; x_wconf 90' lang='lat' dir='ltr'>priusquam</span> <span class='ocrx_word' id='word_1_388' title='bbox 1563 4741 1599 4806; x_wconf 89' lang='lat' dir='ltr'>iu</span> <span class='ocrx_word' id='word_1_389' title='bbox 1706 4818 1707 4821; x_wconf 8' lang='grc' dir='ltr'><strong>Ἴ</strong></span> 
     </span>
    </p>
   </div>
   <div class='ocr_carea' id='block_1_17' title="bbox 0 0 1723 5428">
    <p class='ocr_par' dir='ltr' id='par_1_17' title="bbox 0 0 1723 5428">
     <span class='ocr_line' id='line_1_42' title="bbox 0 0 1723 5428; baseline 0 0"><span class='ocrx_word' id='word_1_390' title='bbox 0 0 1723 5428; x_wconf 95' lang='lat' dir='ltr'> </span> 
     </span>
    </p>
   </div>
  </div>
 </body>
</html>
