3417 5434
323 295 437 348 XXVIII
822 295 1100 348 Paonnoosfflna

456 554 560 637 λοιπῷ
584 547 685 631 γένει·
709 559 776 614 τῶν
799 543 835 612 dl
858 546 1098 633 πεπραγμένων
1122 545 1227 632 (Pind.
1252 545 1333 610 0.ss
1356 568 1404 631 ep.
1427 543 1469 634 1).

412 673 510 739 Notis
534 678 571 737 ut
594 672 850 758 significaremus
874 671 1085 757 expluribus
1108 670 1248 756 dipodiis
1271 693 1371 735 unum
1395 670 1491 736 colon
1510 671 1610 755 effici,

322 781 461 866 primam
485 780 584 846 araim
608 780 671 845 coli
695 780 821 845 duobus
844 779 991 865 punctis,
1014 783 1137 843 ceteras
1162 777 1300 864 singulis
1323 778 1453 862 punctis
1476 777 1609 843 notavi·
1702 776 1703 819 l

323 911 404 953 mus,
442 889 550 972 Atque
572 888 635 953 hoe
659 887 755 951 modo
779 886 889 970 potius
914 907 1011 970 quam
1034 884 1162 970 virgula
1184 885 1235 949 rel
1258 884 1379 950 lineola
1401 884 1473 949 oola
1491 907 1609 949 versus

323 994 522 1080 distinguere
546 995 734 1078 maluimus,
762 993 848 1079 quod
873 1015 968 1079 saepe
991 992 1097 1078 prima
1120 991 1247 1077 syllaba
1269 992 1402 1056 alterius
1426 992 1504 1077 coli,
1531 993 1611 1077 rhy-

322 1101 451 1167 thmum
470 1103 499 1167 si
518 1106 660 1187 spectas,
677 1100 795 1186 prioris
814 1100 879 1166 ooli
898 1105 948 1165 est
967 1105 1001 1165 et
1019 1099 1183 1185 dipodiam
1201 1099 1237 1164 in
1254 1099 1318 1164 fine
1332 1099 1451 1183 prioris
1466 1099 1609 1164 membri

322 1209 510 1274 ioohoatam
534 1210 674 1294 complet
697 1213 730 1273 et
752 1207 892 1293 perficit,
915 1207 1005 1272 velut

385 1409 425 1472 τὺ
449 1407 512 1493 γὰρ
535 1407 572 1472 τὸ
595 1361 770 1490 peraesos
793 1403 883 1491 ἔρξαι
950 1354 986 1470 ris
1007 1403 1063 1470 καὶ
1085 1412 1209 1470 παθεῖν
1232 1405 1320 1488 ὅμως
1344 1403 1393 1491 (Ρ.
1413 1423 1477 1468 vm
1496 1404 1542 1492 6).

1704 1411 1706 1502 l

412 1528 465 1594 De
494 1529 592 1595 colis
620 1536 657 1595 et
685 1529 893 1596 versiculis
922 1529 962 1594 in
988 1530 1103 1615 pedes
1128 1529 1334 1595 solvendis.
1380 1527 1427 1595 Ut
1448 1530 1547 1614 pedes
1570 1531 1609 1594 in
1704 1542 1705 1599 l

326 1641 484 1723 tempora,
510 1637 558 1702 ita
581 1637 652 1702 oola
673 1637 708 1701 in
731 1637 827 1722 pedes
852 1637 1023 1702 solvuntur
1046 1641 1103 1701 aut
1126 1636 1290 1722 simplices
1313 1642 1371 1702 aut
1394 1637 1609 1721 compositos

323 1744 362 1809 In
386 1744 482 1828 pedes
507 1742 669 1830 simplices
693 1744 864 1810 solvuntur
883 1749 1012 1828 praeter
1030 1743 1190 1828 dipodias,
1214 1765 1293 1827 quas
1312 1741 1348 1807 in
1364 1744 1462 1828 pedes
1482 1743 1609 1828 simpli-

324 1874 376 1916 ces
396 1851 565 1916 solrendas
585 1845 655 1916 esse
675 1873 773 1935 supra
790 1851 856 1915 iam
875 1850 954 1935 dixi,
974 1850 1133 1934 tripodiae
1152 1850 1359 1916 catalectieae
1376 1871 1503 1936 omnes,
1521 1873 1607 1934 quae

323 1981 397 2024 oum
425 1959 538 2024 erebro
567 1959 712 2024 membra
739 1981 892 2024 versuum
917 1959 1092 2044 longorum
1118 1957 1198 2042 sint,
1225 1979 1300 2022 raro
1322 1957 1357 2022 in
1380 1957 1513 2022 Pindari
1536 1981 1608 2023 oar·
1705 1946 1706 1949 ¹

323 2065 465 2130 minibus
488 2065 555 2130 vim
578 2089 729 2131 versuum
753 2065 916 2149 obtinent,
938 2065 1135 2150 proodorum
1158 2063 1211 2128 vel
1233 2065 1409 2148 epodorum
1430 2065 1482 2130 vel
1500 2088 1607 2130 meso

324 2173 439 2238 dorum
471 2173 557 2238 vices
589 2173 656 2238 fere
690 2177 850 2258 tenentes,
882 2174 974 2237 velut
1006 2171 1042 2236 0.
1066 2189 1116 2235 vn
1139 2173 1168 2236 3.
1196 2189 1233 2235 lx
1257 2177 1282 2236 l.
1310 2189 1374 2236 x111
1397 2177 1422 2236 l.
1461 2171 1495 2236 P.
1515 2191 1554 2236 111
1575 2175 1605 2239 3.

323 2298 360 2344 lx
384 2302 431 2365 ep.
452 2284 489 2346 8..
505 2280 546 2345 Ν.
566 2298 577 2345 1
597 2282 626 2346 3.
650 2298 686 2344 vr
710 2280 863 2345 1.1.14.
887 2282 953 2350 ν4.
990 2278 1158 2366 Ambigua
1181 2302 1278 2344 causa
1301 2279 1514 2364 tripodianrm
1538 2281 1607 2365 ple

322 2410 437 2454 narum
461 2393 519 2452 est.
557 2385 640 2453 Sunt
663 2387 749 2452 enim
773 2387 825 2472 qui
851 2387 1009 2472 tripudias
1031 2386 1144 2472 plenas
1168 2386 1350 2452 trochaicas
1374 2392 1406 2451 et
1425 2387 1606 2471 dactylicos

323 2499 356 2560 et
383 2495 588 2582 logaoedioas
617 2499 674 2559 aut
701 2493 857 2559 adhibitis
885 2516 1061 2578 pausarum
1083 2493 1263 2558 intervallis
1287 2516 1361 2558 cum
1384 2516 1496 2559 versus
1519 2496 1605 2560 istos

322 2602 621 2686 brachycatalectos
643 2602 764 2686 dicant,
789 2606 845 2666 aut
863 2601 971 2688 longis
991 2600 1126 2684 syllabis
1148 2601 1302 2666 extremis
1322 2603 1356 2665 in
1374 2601 1439 2666 tria
1456 2601 1509 2667 vel
1528 2625 1609 2688 qua·

323 2714 398 2774 tuor
425 2711 574 2793 tempora
600 2709 768 2794 productis
795 2729 863 2774 non
889 2709 924 2772 in
952 2713 1018 2773 tres
1046 2710 1143 2793 pedes
1172 2709 1348 2795 simpliceS,
1376 2709 1432 2774 sed
1459 2711 1495 2774 in
1523 2711 1604 2775 duas
1707 2722 1708 2735 ¹

323 2815 469 2902 dipodias
493 2816 639 2881 dividant
662 2815 748 2881 hunc
771 2816 807 2880 in
829 2815 975 2880 modum:

464 2933 736 3012 astaol
808 2960 1075 3010 roffam
1147 2959 1437 3012 ao-oi‘-sll

466 3041 738 3119 Lw.w;-x
810 3066 1079 3119 Lw-wfflffl
1149 3069 1439 3127 EW-WQ!A

324 3173 409 3258 quod
436 3195 515 3238 num
545 3177 632 3238 recte
659 3173 717 3238 isti
743 3173 880 3261 iaciant,
911 3196 978 3240 non
1009 3173 1106 3238 huius
1134 3173 1197 3238 loci
1225 3179 1276 3239 est
1304 3197 1472 3261 quaerere,
1498 3199 1606 3262 neque

323 3278 491 3344 diiudicari
515 3284 625 3365 potest
647 3281 712 3347 nisi
731 3281 865 3348 adscitis
883 3281 998 3347 ricinis
1018 3281 1098 3346 eolis
1118 3285 1151 3346 et
1169 3282 1354 3366 rhythmica
1372 3283 1481 3348 indole
1500 3285 1605 3349 totius

323 3388 477 3472 strophae
501 3387 676 3472 explorata.

410 3496 480 3561 Iam
515 3497 569 3582 qui
603 3520 640 3562 ex
674 3502 814 3581 quatuor
840 3498 978 3582 pedibus
1005 3497 1110 3583 plenis
1138 3503 1195 3563 aut
1221 3497 1421 3582 imperfectis
1447 3501 1602 3565 constant

323 3602 465 3686 ordines,
488 3603 554 3668 sive
577 3625 689 3668 versus
714 3604 781 3669 sire
805 3605 868 3670 ooli
891 3605 960 3670 vioe
983 3604 1177 3691 funguntur,
1199 3627 1265 3669 non
1286 3607 1322 3669 in
1344 3606 1521 3690 simplices,
1545 3609 1600 3671 sed

321 3709 578 3795 incompositos
602 3712 713 3797 pedes,
735 3734 786 3776 ms
811 3713 838 3776 si
862 3712 969 3798 audis,
991 3712 1153 3777 dividendi
1177 3717 1267 3798 sunt,
1289 3713 1378 3778 velut

624 3829 942 3870 Lw-w;w.-
1049 3829 1333 3871 Lw-wssw-

570 4007 909 4050 wssw-w;w-
1015 4009 1112 4052 ῡὲυ
1183 4013 1334 4049 ῦ·υ-

410 4105 519 4191 Atque
544 4106 671 4172 ordines
696 4106 880 4172 trochaioos
902 4107 1060 4173 iambicos
1083 4107 1307 4192 anapaestieos
1329 4106 1392 4172 hoo
1416 4107 1513 4171 modo
1532 4131 1600 4193 per·

323 4214 491 4279 cutiendos
519 4235 589 4278 esse
617 4217 650 4277 et
680 4217 805 4278 veteres
832 4214 960 4279 metrici
984 4214 1189 4300 praecipiunt
1211 4219 1245 4279 et
1266 4213 1353 4278 inter
1376 4213 1463 4280 viros
1487 4215 1601 4281 doctos

323 4325 453 4386 constat
481 4343 605 4405 omnes3
632 4320 813 4407 logaoedioi
842 4324 952 4386 autem
980 4321 1108 4386 ordines
1132 4321 1326 4406 tetrapodici
1349 4326 1460 4386 utrum
1483 4328 1517 4387 et
1538 4322 1602 4407 ipsi

322 4429 357 4493 in
380 4427 527 4512 dipodias
551 4429 629 4492 duas
653 4450 695 4493 an
716 4427 838 4493 directa
857 4427 962 4493 visin
980 4429 1078 4513 pedes
1098 4429 1261 4514 simplices
1281 4433 1421 4513 quatuor
1440 4429 1603 4494 dividendi

323 4535 401 4620 sint,
425 4534 485 4599 viri
505 4536 593 4600 docti
612 4535 817 4601 dissentiunt.
855 4535 1016 4620 Equidem
1035 4559 1233 4621 quamquam
1251 4541 1340 4601 certa
1357 4536 1478 4602 indicia
1496 4538 1604 4622 bipar-

323 4643 404 4708 titae
428 4641 596 4707 divisionis
618 4642 654 4706 in
676 4643 874 4729 logaoedieis
897 4641 1046 4708 versibus
1069 4645 1136 4708 fere
1160 4644 1270 4709 deesse
1294 4648 1327 4708 et
1345 4648 1471 4709 veteres
1489 4649 1604 4728 poetas

324 4748 441 4822 Aeoles
473 4748 544 4814 oola
574 4772 656 4842 quae
685 4773 703 4814 a
731 4750 802 4817 basi
830 4773 887 4815 seu
914 4751 1097 4816 irrationali
1124 4751 1278 4816 trochaeo
1306 4748 1482 4839 incipiunt,
1513 4752 1605 4819 velut
