3417 5434
590 324 749 375 OLYMPIA
768 324 814 374 IX.

222 488 380 552 αἰπειναί·
403 495 502 552 τοῦτο
525 482 563 551 δὲ
584 485 786 572 προσφέρων
810 487 950 571 ἄεθλον,

221 596 342 680 ὄρθιον
364 595 492 680 ὤρυσαι
515 592 685 682 θαρσεζιρν,

133 720 182 767 110
222 700 312 766 τόνδ’
339 698 443 787 ἀνέρα
467 702 622 789 δαιμονίᾳ
645 700 786 785 γεγάμεν

222 810 369 895 εὔχειρα,
393 806 595 892 δεξιόγυιον,
618 806 735 894 ὁρῶντ’
763 807 883 891 ἀλκάν,

221 910 308 979 Αἶαν
330 917 408 980 τεόν
429 913 459 979 τ’
487 914 524 980 ἐν
547 913 636 980 δαιτὶ
658 915 793 979 ίιλιάόα

272 1034 377 1088 νικῶν
401 1021 647 1107 ἐπεστεφάνωσε
669 1024 792 1106 βωμόν.

140 1223 196 1271 108.
213 1224 311 1271 τοῦτον
333 1216 406 1272 (ι’-
427 1221 486 1269 109.
506 1216 610 1285 ὤρυσαι
629 1215 740 1283 B'CD,
767 1215 890 1284 ὥρουσαι
908 1216 935 1270 Β
955 1214 1003 1268 sed
1022 1214 1174 1269 videturne
1193 1231 1228 1268 cx
1247 1236 1265 1267 α
1284 1214 1342 1269 fac-

67 1294 129 1343 tum
149 1306 213 1357 esse,
230 1289 347 1357 ὄροασαι
363 1289 405 1354 Α;
424 1286 503 1355 ὄρθι’
524 1291 611 1341 ἀῦσαι
628 1285 741 1355 θαροέο
761 1287 832 1342 coni.
846 1286 1037 1341 Wilamowitz
1057 1318 1090 1327 -
1112 1292 1169 1341 112.
1189 1282 1261 1341 Αἶαν
1279 1284 1343 1341 τεόν

68 1382 95 1415 τε
119 1361 189 1416 coni.
209 1360 398 1414 Hermannus:
421 1357 568 1415 Αἰάντειόν
590 1357 616 1412 τ’
642 1359 672 1413 ἐν
696 1359 789 1427 codd,
812 1357 936 1431 Λίαντὲῳ
956 1357 986 1413 ’ν
1009 1356 1039 1421 ὃς
1062 1359 1092 1412 in
1111 1357 1257 1428 proecdosi
1276 1374 1341 1411 con·

68 1434 186 1487 ies-eram
207 1464 238 1471 -
259 1430 367 1485 ’Ἰλιάδα
386 1431 454 1485 130¹
477 1433 506 1485 et
529 1430 627 1486 schol:
656 1429 777 1485 Οίλιάδα
795 1431 866 1499 AD,
890 1428 1017 1485 ίολιάδου
1037 1430 1082 1484 vel
1102 1428 1229 1483 όιλιάὸου
1250 1432 1293 1499 0⁸,
1314 1428 1343 1493 ὃς

66 1504 173 1557 Ἰλιάδα
189 1503 255 1558 coni.
269 1503 392 1558 Boeclrh.
517 1514 519 1518 ’

70 1646 119 1714 μὲν
137 1642 271 1700 αἰπειναί·
295 1644 421 1715 perfecta
440 1644 583 1716 sapientia
600 1643 736 1713 cuiusque
754 1644 865 1715 pueris
884 1642 914 1698 in
937 1644 996 1699 alto
1019 1644 1113 1715 posita
1132 1647 1187 1715 est,
1211 1648 1244 1699 nt
1266 1645 1342 1699 diffi-

72 1718 122 1771 cile
141 1718 228 1771 ailad
246 1717 394 1787 fastigium
412 1717 473 1771 eins
492 1717 654 1781 ascendere,
674 1717 709 1771 cf.
724 1717 745 1771 I.
760 1736 778 1768 v
791 1733 818 1771 ιτ
831 1714 996 1787 τετείχισται
1013 1717 1119 1787 πύργος
1137 1717 1260 1786 ὑψηλαῖς
1278 1720 1341 1786 ἀρε-

72 1799 129 1851 ταῖς
146 1790 308 1861 ἀναβαίνειν
332 1820 366 1828 -
391 1795 451 1843 108,
474 1797 556 1843 τοῦτο
572 1833 577 1844 .
593 1833 598 1843 ,
615 1832 621 1842 .
637 1784 740 1843 ἆθλον·
767 1788 799 1842 τό
818 1788 875 1842 άπὸ
894 1796 942 1857 τῆς
961 1785 1063 1857 σοφίας
1082 1787 1236 1843 scholiasta
1254 1788 1341 1843 inter-

71 1864 204 1928 pretatur:
221 1859 350 1929 poeticae
365 1860 521 1984 sapientiae
535 1860 742 1914 contentionem
760 1859 936 1914 contentioni
950 1858 1052 1915 virium
1065 1860 1095 1913 in
1110 1859 1263 1914 certamine
1282 1860 1341 1914 luc-

74 1932 183 1985 tationis
199 1932 335 2001 probatae
355 1932 391 1985 ad
413 1948 462 1985 ens
479 1930 627 2012 praeconis
645 1931 736 1985 instar
757 1929 902 2000 proclama
928 1964 962 1971 —
987 1936 1046 1985 112.
1072 1930 1225 1985 Hermanni
1250 1948 1342 1985 emen-

75 2003 208 2056 dationem
219 2003 412 2072 recipiendam
426 2004 506 2072 dum,
525 2019 678 2073 pronomen
692 2002 767 2057 enim
780 2002 931 2057 relativum
950 2002 988 2071 ὅς,
1008 2003 1084 2071 quod
1099 2005 1184 2057 antea
1199 2002 1342 2057 Schmidio

74 2075 138 2127 duce
157 2073 336 2143 inserueram,
359 2073 529 2129 scholiastae
548 2075 717 2129 auctoritate
737 2091 837 2143 parum
859 2073 1020 2128 defenditur
1038 2076 1067 2127 et
1086 2073 1194 2142 aliquid
1214 2074 1342 2144 languidi

75 2146 165 2212 habet3
188 2162 358 2215 quamquam
384 2146 525 2200 sententia
550 2146 649 2200 eadem
674 2149 782 2214 manet,
809 2145 868 2199 sive
894 2162 1046 2216 pronomen
1067 2142 1096 2208 ὃς
1115 2144 1258 2199 addideris
1283 2146 1342 2199 sive

74 2234 124 2269 non
142 2216 290 2271 addideris.
326 2218 498 2287 Interpretor
516 2221 612 2272 autern
629 2217 717 2271 verba
735 2217 887 2271 emendata
906 2234 968 2271 cum
988 2216 1097 2285 Heynio
1116 2217 1151 2270 de
1171 2217 1342 2271 solemnibus

76 2288 162 2356 iscus,
180 2306 250 2357 qnae
268 2287 361 2343 victor
378 2292 487 2359 (νικῶν)
505 2289 600 2357 redux,
620 2306 684 2343 cnm
702 2304 833 2343 coronam
851 2288 881 2341 in
902 2305 952 2343 ara
970 2287 1066 2342 Aiacis
1085 2287 1245 2357 deponeret,
1265 2288 1340 2357 fecit,

75 2376 124 2412 non
141 2359 310 2414 devictoris
328 2360 365 2413 ab
383 2360 570 2429 Epharmosto
584 2360 614 2413 in
627 2360 760 2414 Aeanteis
779 2359 854 2413 ludis
874 2362 1024 2430 reportata.
1048 2361 1177 2414 Aeantea
1191 2360 1265 2415 enim
1285 2360 1341 2414 ista

75 2431 254 2485 ascholiastis
273 2448 308 2485 ex
325 2431 380 2486 hoc
398 2431 460 2487 loeo
478 2431 540 2502 ipso
558 2433 626 2485 ficta
643 2448 704 2485 esse
719 2431 850 2486 videntur
868 2448 957 2500 neque
973 2431 1127 2500 quidquam
1146 2431 1211 2486 fidei
1229 2431 1341 2485 nancis-

77 2506 167 2555 cuntur
184 2520 216 2556 ex
233 2502 326 2557 titulis
341 2500 408 2556 OIG.
424 2520 463 2557 ros
478 2508 507 2558 et
520 2520 581 2573 isar,
600 2505 698 2573 utpote
717 2502 766 2571 qui
783 2502 819 2557 ad
834 2502 966 2558 Αίάντεια
986 2502 1141 2559 Salaminia
1158 2502 1189 2556 in
1207 2504 1340 2557 honorem

76 2573 162 2626 Aiacis
173 2572 328 2629 Telamonii
343 2576 408 2627 acta
420 2574 560 2629 referendi
574 2574 638 2629 sint.
666 2573 746 2628 Nihil
759 2590 826 2629 vero
840 2591 942 2629 causae
957 2574 1020 2643 fuit,
1039 2591 1088 2628 cur
1105 2574 1179 2628 hane
1192 2573 1341 2628 victoriam

76 2647 150 2711 poeta
187 2644 193 2655 '
264 2644 351 2699 ariter
371 2646 425 2699 hoc
443 2646 505 2701 loco
523 2646 666 2715 laudaret,
689 2662 746 2700 non
764 2663 849 2715 supra
868 2663 926 2700 nna
944 2662 1008 2699 cum
1026 2644 1142 2715 reliquis
1160 2644 1287 2699 victoriis
1306 2677 1339 2685 —

76 2714 170 2770 Ἰλιάδα
186 2735 203 2770 v
247 2716 343 2787 potius
356 2716 477 2773 όιλιάδα
494 2717 589 2788 prisca
606 2717 698 2772 forma
712 2717 833 2772 nominis
847 2721 917 2787 erat,
932 2714 1065 2788 analogia
1078 2715 1223 2771 nominum
1239 2714 1341 2780 Ἰολιιός

78 2789 101 2838 st
115 2785 186 2850 Ἰλας
207 2787 348 2856 stabilita3
371 2789 519 2858 genetivus
542 2792 637 2843 antem
659 2788 817 2859 pronomini
839 2789 998 2859 possessivo
1022 2788 1171 2842 adiunctus
1194 2791 1237 2842 est
1260 2787 1341 2841 utin

78 2857 219 2913 Homericis
238 2858 380 2932 Νεστορέῃ
399 2859 477 2929 παρὰ
496 2859 546 2929 νηῒ
557 2858 741 2929 Πυλοιγενέος
756 2863 887 2933 βασιλῆος
905 2864 938 2932 (Β
952 2863 997 2931 54),
1017 2856 1134 2930 Γοργείη
1155 2859 1263 2929 κεφαλὴ
1284 2862 1340 2913 dss-

79 2938 130 2983 τοῖο
146 2932 268 2997 πελώρου
287 2934 323 2999 (Ε
337 2935 395 3000 εει),
413 2931 470 2985 nisi
486 2930 593 2986 Ἰλιάδα
612 2948 700 3000 aeque
715 2935 801 3001 atque
815 2928 885 2987 Αἶαν
899 2950 949 3003 pro
963 2931 1094 2986 vocativo
1109 2931 1236 3013 accipere
1249 2932 1340 2985 mavis

80 3001 340 3125 -ὤέιιῖοτεφάνωσε
365 3020 431 3057 arae
450 3019 568 3058 coronae
587 3002 717 3073 lapideae
737 3020 868 3058 coronam
886 3003 1063 3059 victorialem
1081 3019 1114 3056 er
1133 3002 1210 3056 foliis
1229 3002 1341 3073 plexum

80 3088 93 3122 a
119 3090 177 3128 scr.
