<?xml version="1.0" encoding="UTF-8"?>
<!DOCTYPE html PUBLIC "-//W3C//DTD XHTML 1.0 Transitional//EN"
    "http://www.w3.org/TR/xhtml1/DTD/xhtml1-transitional.dtd">
<html xmlns="http://www.w3.org/1999/xhtml" xml:lang="en" lang="en">
 <head>
  <title>
</title>
<meta http-equiv="Content-Type" content="text/html;charset=utf-8" />
  <meta name='ocr-system' content='tesseract 3.04.00' />
  <meta name='ocr-capabilities' content='ocr_page ocr_carea ocr_par ocr_line ocrx_word'/>
</head>
<body>
  <div class='ocr_page' id='page_1' title='image "./pindaricarminap01chrigoog_0384.png"; bbox 0 0 3417 5434; ppageno 0'>
   <div class='ocr_carea' id='block_1_1' title="bbox 857 1209 1080 1266">
    <p class='ocr_par' dir='ltr' id='par_1_1' title="bbox 857 1209 1080 1266">
     <span class='ocr_line' id='line_1_1' title="bbox 857 1209 1080 1266; baseline 0.009 -3"><span class='ocrx_word' id='word_1_1' title='bbox 857 1214 1016 1266; x_wconf 78' lang='lat' dir='ltr'>NEMEON.</span> <span class='ocrx_word' id='word_1_2' title='bbox 1036 1209 1080 1265; x_wconf 65' lang='lat'><strong>1¹2</strong></span> 
     </span>
    </p>
   </div>
   <div class='ocr_carea' id='block_1_2' title="bbox 491 1373 1434 1460">
    <p class='ocr_par' dir='ltr' id='par_1_2' title="bbox 491 1373 1434 1460">
     <span class='ocr_line' id='line_1_2' title="bbox 491 1373 1434 1460; baseline 0 0"><span class='ocrx_word' id='word_1_3' title='bbox 491 1375 1032 1460; x_wconf 65' lang='lat' dir='ltr'><strong>APIETOKAEIAH„</strong></span> <span class='ocrx_word' id='word_1_4' title='bbox 1068 1373 1434 1460; x_wconf 68' lang='grc' dir='ltr'><strong>ΑΙΓΙΝΗΤΗι</strong></span> 
     </span>
    </p>
   </div>
   <div class='ocr_carea' id='block_1_3' title="bbox 817 1571 1118 1622">
    <p class='ocr_par' dir='ltr' id='par_1_3' title="bbox 817 1571 1118 1622">
     <span class='ocr_line' id='line_1_3' title="bbox 817 1571 1118 1622; baseline -0.003 0"><span class='ocrx_word' id='word_1_5' title='bbox 817 1571 1118 1622; x_wconf 77' lang='grc' dir='ltr'>ΠΑΓΚΡΑΤΙΑΣΤΗι.</span> 
     </span>
    </p>
   </div>
   <div class='ocr_carea' id='block_1_4' title="bbox 880 1872 1057 1942">
    <p class='ocr_par' dir='ltr' id='par_1_4' title="bbox 880 1872 1057 1942">
     <span class='ocr_line' id='line_1_4' title="bbox 880 1872 1057 1942; baseline -0.011 -15"><span class='ocrx_word' id='word_1_6' title='bbox 880 1872 1057 1942; x_wconf 74' lang='lat' dir='ltr'><strong>strophae.</strong></span> 
     </span>
    </p>
   </div>
   <div class='ocr_carea' id='block_1_5' title="bbox 853 3430 1095 3512">
    <p class='ocr_par' dir='ltr' id='par_1_5' title="bbox 853 3430 1095 3512">
     <span class='ocr_line' id='line_1_5' title="bbox 853 3430 1095 3512; baseline 0 -18"><span class='ocrx_word' id='word_1_7' title='bbox 853 3430 1095 3512; x_wconf 73' lang='lat' dir='ltr'><strong>Argumentum.</strong></span> 
     </span>
    </p>
   </div>
   <div class='ocr_carea' id='block_1_6' title="bbox 334 3535 1607 4783">
    <p class='ocr_par' dir='ltr' id='par_1_6' title="bbox 334 3535 1607 4783">
     <span class='ocr_line' id='line_1_6' title="bbox 425 3535 1606 3625; baseline 0.001 -24"><span class='ocrx_word' id='word_1_8' title='bbox 425 3542 551 3602; x_wconf 81' lang='lat' dir='ltr'>Carmen</span> <span class='ocrx_word' id='word_1_9' title='bbox 568 3544 624 3603; x_wconf 92' lang='lat' dir='ltr'><strong>hoo</strong></span> <span class='ocrx_word' id='word_1_10' title='bbox 643 3545 876 3619; x_wconf 87' lang='lat' dir='ltr'><strong>pulcherrimum</strong></span> <span class='ocrx_word' id='word_1_11' title='bbox 895 3543 1084 3602; x_wconf 87' lang='lat' dir='ltr'><strong>Aristoolidis</strong></span> <span class='ocrx_word' id='word_1_12' title='bbox 1098 3543 1308 3619; x_wconf 75' lang='lat' dir='ltr'><strong>Aristophanis</strong></span> <span class='ocrx_word' id='word_1_13' title='bbox 1327 3541 1382 3601; x_wconf 87' lang='lat' dir='ltr'><strong>filii</strong></span> <span class='ocrx_word' id='word_1_14' title='bbox 1402 3535 1442 3624; x_wconf 81' lang='lat' dir='ltr'><strong>(v.</strong></span> <span class='ocrx_word' id='word_1_15' title='bbox 1458 3535 1508 3625; x_wconf 80' lang='lat'><strong>20)</strong></span> <span class='ocrx_word' id='word_1_16' title='bbox 1522 3543 1606 3622; x_wconf 77' lang='lat' dir='ltr'><strong>Aegi·</strong></span> 
     </span>
     <span class='ocr_line' id='line_1_7' title="bbox 335 3632 1607 3710; baseline -0.002 -18"><span class='ocrx_word' id='word_1_17' title='bbox 335 3635 422 3693; x_wconf 86' lang='lat' dir='ltr'><strong>netae</strong></span> <span class='ocrx_word' id='word_1_18' title='bbox 441 3632 599 3692; x_wconf 84' lang='lat' dir='ltr'><strong>victoriam</strong></span> <span class='ocrx_word' id='word_1_19' title='bbox 616 3633 772 3710; x_wconf 85' lang='lat' dir='ltr'><strong>pancratio</strong></span> <span class='ocrx_word' id='word_1_20' title='bbox 787 3632 908 3692; x_wconf 87' lang='lat' dir='ltr'><strong>Nemeis</strong></span> <span class='ocrx_word' id='word_1_21' title='bbox 926 3632 1006 3692; x_wconf 89' lang='lat' dir='ltr'><strong>ludis</strong></span> <span class='ocrx_word' id='word_1_22' title='bbox 1024 3635 1141 3709; x_wconf 83' lang='lat' dir='ltr'><strong>partem</strong></span> <span class='ocrx_word' id='word_1_23' title='bbox 1156 3632 1348 3708; x_wconf 88' lang='lat' dir='ltr'><strong>eiusdemque</strong></span> <span class='ocrx_word' id='word_1_24' title='bbox 1367 3632 1510 3692; x_wconf 86' lang='lat' dir='ltr'><strong>victorias</strong></span> <span class='ocrx_word' id='word_1_25' title='bbox 1524 3635 1607 3691; x_wconf 79' lang='lat' dir='ltr'><strong>entes</strong></span> 
     </span>
     <span class='ocr_line' id='line_1_8' title="bbox 335 3721 1606 3800; baseline 0.001 -21"><span class='ocrx_word' id='word_1_26' title='bbox 335 3721 482 3800; x_wconf 82' lang='lat' dir='ltr'>Epidauri</span> <span class='ocrx_word' id='word_1_27' title='bbox 514 3724 545 3781; x_wconf 91' lang='lat' dir='ltr'><strong>et</strong></span> <span class='ocrx_word' id='word_1_28' title='bbox 571 3722 702 3800; x_wconf 78' lang='lat' dir='ltr'>Megaris</span> <span class='ocrx_word' id='word_1_29' title='bbox 733 3725 902 3799; x_wconf 70' lang='lat' dir='ltr'>reportatas</span> <span class='ocrx_word' id='word_1_30' title='bbox 932 3722 1074 3782; x_wconf 86' lang='lat' dir='ltr'><strong>illustrat.</strong></span> <span class='ocrx_word' id='word_1_31' title='bbox 1125 3721 1287 3781; x_wconf 85' lang='lat' dir='ltr'><strong>Cantatum</strong></span> <span class='ocrx_word' id='word_1_32' title='bbox 1318 3721 1350 3780; x_wconf 89' lang='lat' dir='ltr'><strong>id</strong></span> <span class='ocrx_word' id='word_1_33' title='bbox 1381 3740 1444 3781; x_wconf 88' lang='lat' dir='ltr'><strong>esse</strong></span> <span class='ocrx_word' id='word_1_34' title='bbox 1475 3739 1494 3780; x_wconf 84' lang='lat' dir='ltr'><strong>a</strong></span> <span class='ocrx_word' id='word_1_35' title='bbox 1523 3721 1606 3783; x_wconf 88' lang='lat' dir='ltr'><strong>choro</strong></span> 
     </span>
     <span class='ocr_line' id='line_1_9' title="bbox 336 3803 1607 3896; baseline -0.001 -27"><span class='ocrx_word' id='word_1_36' title='bbox 336 3810 478 3870; x_wconf 87' lang='lat' dir='ltr'><strong>iuvenum</strong></span> <span class='ocrx_word' id='word_1_37' title='bbox 501 3810 532 3869; x_wconf 93' lang='lat' dir='ltr'><strong>in</strong></span> <span class='ocrx_word' id='word_1_38' title='bbox 555 3813 640 3870; x_wconf 84' lang='lat' dir='ltr'><strong>curia</strong></span> <span class='ocrx_word' id='word_1_39' title='bbox 658 3803 802 3896; x_wconf 77' lang='grc' dir='ltr'><strong>(Θεαρίῳ)</strong></span> <span class='ocrx_word' id='word_1_40' title='bbox 822 3812 901 3871; x_wconf 90' lang='lat' dir='ltr'><strong>inter</strong></span> <span class='ocrx_word' id='word_1_41' title='bbox 923 3812 1028 3888; x_wconf 75' lang='lat' dir='ltr'><strong>epulas</strong></span> <span class='ocrx_word' id='word_1_42' title='bbox 1052 3811 1200 3870; x_wconf 85' lang='lat' dir='ltr'><strong>atheoris</strong></span> <span class='ocrx_word' id='word_1_43' title='bbox 1218 3809 1373 3888; x_wconf 77' lang='lat' dir='ltr'><strong>Aeginetis</strong></span> <span class='ocrx_word' id='word_1_44' title='bbox 1396 3813 1560 3887; x_wconf 82' lang='lat' dir='ltr'><strong>apparatos</strong></span> <span class='ocrx_word' id='word_1_45' title='bbox 1578 3831 1607 3870; x_wconf 84' lang='lat' dir='ltr'><strong>ex</strong></span> 
     </span>
     <span class='ocr_line' id='line_1_10' title="bbox 334 3899 1606 3978; baseline -0.003 -16"><span class='ocrx_word' id='word_1_46' title='bbox 334 3918 424 3962; x_wconf 79' lang='lat' dir='ltr'><strong>versu</strong></span> <span class='ocrx_word' id='word_1_47' title='bbox 443 3912 476 3958; x_wconf 75' lang='grc' dir='ltr'><strong>ἰο</strong></span> <span class='ocrx_word' id='word_1_48' title='bbox 496 3903 630 3978; x_wconf 83' lang='lat' dir='ltr'><strong>apparet,</strong></span> <span class='ocrx_word' id='word_1_49' title='bbox 654 3919 714 3978; x_wconf 90' lang='lat' dir='ltr'><strong>quo</strong></span> <span class='ocrx_word' id='word_1_50' title='bbox 738 3900 841 3961; x_wconf 90' lang='lat' dir='ltr'><strong>eodem</strong></span> <span class='ocrx_word' id='word_1_51' title='bbox 860 3921 895 3960; x_wconf 87' lang='lat' dir='ltr'><strong>ex</strong></span> <span class='ocrx_word' id='word_1_52' title='bbox 918 3902 983 3961; x_wconf 92' lang='lat' dir='ltr'><strong>loco</strong></span> <span class='ocrx_word' id='word_1_53' title='bbox 1006 3901 1083 3959; x_wconf 87' lang='lat' dir='ltr'><strong>illud</strong></span> <span class='ocrx_word' id='word_1_54' title='bbox 1102 3919 1221 3977; x_wconf 91' lang='lat' dir='ltr'><strong>quoque</strong></span> <span class='ocrx_word' id='word_1_55' title='bbox 1240 3899 1378 3977; x_wconf 80' lang='lat' dir='ltr'><strong>efficitur,</strong></span> <span class='ocrx_word' id='word_1_56' title='bbox 1402 3899 1606 3960; x_wconf 84' lang='lat' dir='ltr'><strong>Aristoclidem</strong></span> 
     </span>
     <span class='ocr_line' id='line_1_11' title="bbox 337 3989 1605 4070; baseline 0 -22"><span class='ocrx_word' id='word_1_57' title='bbox 337 4009 397 4066; x_wconf 90' lang='lat' dir='ltr'><strong>quo</strong></span> <span class='ocrx_word' id='word_1_58' title='bbox 420 3992 553 4066; x_wconf 82' lang='lat' dir='ltr'><strong>tempore</strong></span> <span class='ocrx_word' id='word_1_59' title='bbox 578 4009 697 4050; x_wconf 87' lang='lat' dir='ltr'><strong>carmen</strong></span> <span class='ocrx_word' id='word_1_60' title='bbox 715 3990 903 4068; x_wconf 79' lang='lat' dir='ltr'><strong>cantabatur,</strong></span> <span class='ocrx_word' id='word_1_61' title='bbox 928 3991 957 4049; x_wconf 92' lang='lat' dir='ltr'><strong>in</strong></span> <span class='ocrx_word' id='word_1_62' title='bbox 978 3989 1103 4068; x_wconf 81' lang='lat' dir='ltr'><strong>collegio</strong></span> <span class='ocrx_word' id='word_1_63' title='bbox 1123 3994 1257 4070; x_wconf 79' lang='grc' dir='ltr'>θεωρῶν,</span> <span class='ocrx_word' id='word_1_64' title='bbox 1281 3990 1342 4050; x_wconf 84' lang='lat' dir='ltr'><strong>sive</strong></span> <span class='ocrx_word' id='word_1_65' title='bbox 1363 3989 1533 4050; x_wconf 81' lang='lat' dir='ltr'><strong>sacerdotes</strong></span> <span class='ocrx_word' id='word_1_66' title='bbox 1552 3990 1605 4049; x_wconf 82' lang='lat' dir='ltr'><strong>sire</strong></span> 
     </span>
     <span class='ocr_line' id='line_1_12' title="bbox 336 4078 1605 4156; baseline -0.002 -17"><span class='ocrx_word' id='word_1_67' title='bbox 336 4082 488 4139; x_wconf 79' lang='lat' dir='ltr'><strong>senatores</strong></span> <span class='ocrx_word' id='word_1_68' title='bbox 515 4078 562 4138; x_wconf 92' lang='lat' dir='ltr'><strong>illi</strong></span> <span class='ocrx_word' id='word_1_69' title='bbox 589 4082 688 4156; x_wconf 83' lang='lat' dir='ltr'><strong>erent,</strong></span> <span class='ocrx_word' id='word_1_70' title='bbox 719 4080 897 4140; x_wconf 84' lang='lat' dir='ltr'><strong>interfuisse</strong></span> <span class='ocrx_word' id='word_1_71' title='bbox 945 4080 974 4139; x_wconf 82' lang='lat' dir='ltr'><strong>is</strong></span> <span class='ocrx_word' id='word_1_72' title='bbox 1003 4082 1070 4139; x_wconf 88' lang='lat' dir='ltr'><strong>tum</strong></span> <span class='ocrx_word' id='word_1_73' title='bbox 1098 4079 1240 4156; x_wconf 86' lang='lat' dir='ltr'><strong>temporis</strong></span> <span class='ocrx_word' id='word_1_74' title='bbox 1264 4078 1324 4138; x_wconf 85' lang='lat' dir='ltr'><strong>iam</strong></span> <span class='ocrx_word' id='word_1_75' title='bbox 1347 4083 1490 4155; x_wconf 82' lang='lat' dir='ltr'><strong>provecta</strong></span> <span class='ocrx_word' id='word_1_76' title='bbox 1514 4081 1605 4138; x_wconf 76' lang='lat' dir='ltr'><strong>aetate</strong></span> 
     </span>
     <span class='ocr_line' id='line_1_13' title="bbox 336 4167 1606 4246; baseline -0.002 -18"><span class='ocrx_word' id='word_1_77' title='bbox 336 4171 409 4244; x_wconf 85' lang='lat' dir='ltr'><strong>erat,</strong></span> <span class='ocrx_word' id='word_1_78' title='bbox 433 4169 675 4245; x_wconf 88' lang='lat' dir='ltr'><strong>quandoquidem</strong></span> <span class='ocrx_word' id='word_1_79' title='bbox 699 4169 730 4228; x_wconf 89' lang='lat' dir='ltr'><strong>in</strong></span> <span class='ocrx_word' id='word_1_80' title='bbox 753 4170 942 4246; x_wconf 85' lang='lat' dir='ltr'><strong>antistropha</strong></span> <span class='ocrx_word' id='word_1_81' title='bbox 961 4172 1071 4246; x_wconf 85' lang='lat' dir='ltr'><strong>quarta</strong></span> <span class='ocrx_word' id='word_1_82' title='bbox 1088 4167 1227 4228; x_wconf 84' lang='lat' dir='ltr'><strong>iuuenilis</strong></span> <span class='ocrx_word' id='word_1_83' title='bbox 1246 4171 1276 4227; x_wconf 93' lang='lat' dir='ltr'><strong>et</strong></span> <span class='ocrx_word' id='word_1_84' title='bbox 1291 4167 1386 4227; x_wconf 82' lang='lat' dir='ltr'><strong>virilis</strong></span> <span class='ocrx_word' id='word_1_85' title='bbox 1405 4170 1436 4228; x_wconf 89' lang='lat' dir='ltr'><strong>et</strong></span> <span class='ocrx_word' id='word_1_86' title='bbox 1454 4173 1606 4244; x_wconf 77' lang='lat' dir='ltr'><strong>provectae</strong></span> 
     </span>
     <span class='ocr_line' id='line_1_14' title="bbox 337 4257 1606 4335; baseline -0.001 -18"><span class='ocrx_word' id='word_1_87' title='bbox 337 4258 446 4317; x_wconf 83' lang='lat' dir='ltr'><strong>aetatis</strong></span> <span class='ocrx_word' id='word_1_88' title='bbox 469 4278 592 4317; x_wconf 84' lang='lat' dir='ltr'><strong>munera</strong></span> <span class='ocrx_word' id='word_1_89' title='bbox 615 4259 727 4335; x_wconf 90' lang='lat' dir='ltr'><strong>optime</strong></span> <span class='ocrx_word' id='word_1_90' title='bbox 751 4259 974 4318; x_wconf 73' lang='lat' dir='ltr'><strong>administrasse</strong></span> <span class='ocrx_word' id='word_1_91' title='bbox 998 4258 1145 4318; x_wconf 85' lang='lat' dir='ltr'><strong>laudetur.</strong></span> <span class='ocrx_word' id='word_1_92' title='bbox 1182 4257 1287 4334; x_wconf 87' lang='lat' dir='ltr'><strong>Neque</strong></span> <span class='ocrx_word' id='word_1_93' title='bbox 1305 4257 1380 4318; x_wconf 83' lang='lat' dir='ltr'><strong>haec</strong></span> <span class='ocrx_word' id='word_1_94' title='bbox 1397 4257 1529 4334; x_wconf 88' lang='lat' dir='ltr'><strong>epinicia</strong></span> <span class='ocrx_word' id='word_1_95' title='bbox 1547 4277 1606 4318; x_wconf 91' lang='lat' dir='ltr'><strong>eon-</strong></span> 
     </span>
     <span class='ocr_line' id='line_1_15' title="bbox 337 4346 1606 4426; baseline 0 -22"><span class='ocrx_word' id='word_1_96' title='bbox 337 4347 421 4407; x_wconf 92' lang='lat' dir='ltr'><strong>tinuo</strong></span> <span class='ocrx_word' id='word_1_97' title='bbox 440 4349 510 4424; x_wconf 91' lang='lat' dir='ltr'><strong>post</strong></span> <span class='ocrx_word' id='word_1_98' title='bbox 528 4348 685 4407; x_wconf 80' lang='lat' dir='ltr'><strong>victorium</strong></span> <span class='ocrx_word' id='word_1_99' title='bbox 704 4347 893 4425; x_wconf 76' lang='lat' dir='ltr'><strong>Nemeaeum,</strong></span> <span class='ocrx_word' id='word_1_100' title='bbox 912 4348 963 4408; x_wconf 90' lang='lat' dir='ltr'><strong>sed</strong></span> <span class='ocrx_word' id='word_1_101' title='bbox 982 4347 1138 4424; x_wconf 85' lang='lat' dir='ltr'><strong>eliquanto</strong></span> <span class='ocrx_word' id='word_1_102' title='bbox 1157 4349 1234 4426; x_wconf 81' lang='lat' dir='ltr'><strong>post,</strong></span> <span class='ocrx_word' id='word_1_103' title='bbox 1248 4346 1391 4407; x_wconf 84' lang='lat' dir='ltr'><strong>redeunte</strong></span> <span class='ocrx_word' id='word_1_104' title='bbox 1410 4364 1495 4407; x_wconf 85' lang='lat' dir='ltr'><strong>secro</strong></span> <span class='ocrx_word' id='word_1_105' title='bbox 1514 4365 1606 4408; x_wconf 91' lang='lat' dir='ltr'><strong>mense</strong></span> 
     </span>
     <span class='ocr_line' id='line_1_16' title="bbox 337 4436 1606 4514; baseline 0 -19"><span class='ocrx_word' id='word_1_106' title='bbox 337 4437 525 4513; x_wconf 87' lang='lat' dir='ltr'><strong>Nemeorum,</strong></span> <span class='ocrx_word' id='word_1_107' title='bbox 544 4441 613 4496; x_wconf 82' lang='lat' dir='ltr'><strong>ecta</strong></span> <span class='ocrx_word' id='word_1_108' title='bbox 632 4457 694 4497; x_wconf 86' lang='lat' dir='ltr'><strong>esse</strong></span> <span class='ocrx_word' id='word_1_109' title='bbox 712 4438 1034 4514; x_wconf 78' lang='lat' dir='ltr'><strong>poetaipsevv.1-—6</strong></span> <span class='ocrx_word' id='word_1_110' title='bbox 1054 4437 1225 4497; x_wconf 82' lang='lat' dir='ltr'><strong>declararit.</strong></span> <span class='ocrx_word' id='word_1_111' title='bbox 1262 4436 1374 4496; x_wconf 81' lang='lat' dir='ltr'><strong>Tamen</strong></span> <span class='ocrx_word' id='word_1_112' title='bbox 1392 4437 1507 4497; x_wconf 90' lang='lat' dir='ltr'><strong>multos</strong></span> <span class='ocrx_word' id='word_1_113' title='bbox 1521 4455 1606 4496; x_wconf 86' lang='lat' dir='ltr'><strong>anuos</strong></span> 
     </span>
     <span class='ocr_line' id='line_1_17' title="bbox 337 4525 1605 4604; baseline 0.001 -20"><span class='ocrx_word' id='word_1_114' title='bbox 337 4525 415 4585; x_wconf 89' lang='lat' dir='ltr'><strong>inter</strong></span> <span class='ocrx_word' id='word_1_115' title='bbox 446 4526 604 4585; x_wconf 87' lang='lat' dir='ltr'><strong>victoriam</strong></span> <span class='ocrx_word' id='word_1_116' title='bbox 634 4530 664 4585; x_wconf 90' lang='lat' dir='ltr'><strong>et</strong></span> <span class='ocrx_word' id='word_1_117' title='bbox 696 4527 824 4603; x_wconf 86' lang='lat' dir='ltr'><strong>epinicia</strong></span> <span class='ocrx_word' id='word_1_118' title='bbox 856 4527 1056 4586; x_wconf 85' lang='lat' dir='ltr'><strong>intercessisse</strong></span> <span class='ocrx_word' id='word_1_119' title='bbox 1086 4530 1116 4586; x_wconf 91' lang='lat' dir='ltr'><strong>et</strong></span> <span class='ocrx_word' id='word_1_120' title='bbox 1143 4525 1352 4586; x_wconf 81' lang='lat' dir='ltr'><strong>Aristoclidem</strong></span> <span class='ocrx_word' id='word_1_121' title='bbox 1384 4525 1456 4604; x_wconf 54' lang='lat' dir='ltr'><strong>iem,</strong></span> <span class='ocrx_word' id='word_1_122' title='bbox 1475 4527 1605 4586; x_wconf 83' lang='lat' dir='ltr'><strong>iuvenem</strong></span> 
     </span>
     <span class='ocr_line' id='line_1_18' title="bbox 336 4615 1606 4693; baseline -0.001 -19"><span class='ocrx_word' id='word_1_123' title='bbox 336 4615 450 4675; x_wconf 85' lang='lat' dir='ltr'><strong>Nemea</strong></span> <span class='ocrx_word' id='word_1_124' title='bbox 473 4615 578 4676; x_wconf 82' lang='lat' dir='ltr'><strong>vicisse</strong></span> <span class='ocrx_word' id='word_1_125' title='bbox 601 4617 779 4693; x_wconf 81' lang='lat' dir='ltr'><strong>neutiquam</strong></span> <span class='ocrx_word' id='word_1_126' title='bbox 802 4617 983 4676; x_wconf 87' lang='lat' dir='ltr'><strong>crediderim.</strong></span> <span class='ocrx_word' id='word_1_127' title='bbox 1024 4615 1167 4686; x_wconf 81' lang='lat' dir='ltr'><strong>Quemvis</strong></span> <span class='ocrx_word' id='word_1_128' title='bbox 1190 4616 1270 4675; x_wconf 89' lang='lat' dir='ltr'><strong>enim</strong></span> <span class='ocrx_word' id='word_1_129' title='bbox 1292 4615 1441 4692; x_wconf 78' lang='lat' dir='ltr'><strong>pancratii</strong></span> <span class='ocrx_word' id='word_1_130' title='bbox 1464 4619 1606 4676; x_wconf 79' lang='lat' dir='ltr'><strong>certamen</strong></span> 
     </span>
     <span class='ocr_line' id='line_1_19' title="bbox 336 4704 1607 4783; baseline 0 -21"><span class='ocrx_word' id='word_1_131' title='bbox 336 4704 520 4765; x_wconf 89' lang='lat' dir='ltr'><strong>laboriosum</strong></span> <span class='ocrx_word' id='word_1_132' title='bbox 548 4705 671 4764; x_wconf 87' lang='lat' dir='ltr'><strong>Pindari</strong></span> <span class='ocrx_word' id='word_1_133' title='bbox 701 4707 886 4783; x_wconf 89' lang='lat' dir='ltr'><strong>temporibus</strong></span> <span class='ocrx_word' id='word_1_134' title='bbox 919 4707 979 4765; x_wconf 86' lang='lat' dir='ltr'><strong>fere</strong></span> <span class='ocrx_word' id='word_1_135' title='bbox 1010 4705 1131 4765; x_wconf 86' lang='lat' dir='ltr'><strong>iuvenes</strong></span> <span class='ocrx_word' id='word_1_136' title='bbox 1163 4704 1304 4782; x_wconf 82' lang='lat' dir='ltr'><strong>obierint,</strong></span> <span class='ocrx_word' id='word_1_137' title='bbox 1337 4707 1438 4764; x_wconf 88' lang='lat' dir='ltr'><strong>temen</strong></span> <span class='ocrx_word' id='word_1_138' title='bbox 1465 4725 1504 4765; x_wconf 89' lang='lat' dir='ltr'><strong>ne</strong></span> <span class='ocrx_word' id='word_1_139' title='bbox 1535 4705 1607 4764; x_wconf 82' lang='lat' dir='ltr'><strong>viros</strong></span> 
     </span>
    </p>
   </div>
   <div class='ocr_carea' id='block_1_7' title="bbox 338 4793 1674 4872">
    <p class='ocr_par' dir='ltr' id='par_1_7' title="bbox 338 4793 1674 4872">
     <span class='ocr_line' id='line_1_20' title="bbox 338 4793 1674 4872; baseline 0.004 -22"><span class='ocrx_word' id='word_1_140' title='bbox 338 4793 458 4872; x_wconf 89' lang='lat' dir='ltr'><strong>quidem</strong></span> <span class='ocrx_word' id='word_1_141' title='bbox 482 4794 601 4855; x_wconf 84' lang='lat' dir='ltr'><strong>adultos</strong></span> <span class='ocrx_word' id='word_1_142' title='bbox 624 4795 814 4854; x_wconf 82' lang='lat' dir='ltr'><strong>uiatoribus</strong></span> <span class='ocrx_word' id='word_1_143' title='bbox 832 4795 922 4854; x_wconf 90' lang='lat' dir='ltr'><strong>huius</strong></span> <span class='ocrx_word' id='word_1_144' title='bbox 941 4794 1112 4854; x_wconf 83' lang='lat' dir='ltr'><strong>certaminis</strong></span> <span class='ocrx_word' id='word_1_145' title='bbox 1130 4812 1252 4870; x_wconf 89' lang='lat' dir='ltr'><strong>prorsus</strong></span> <span class='ocrx_word' id='word_1_146' title='bbox 1272 4793 1460 4853; x_wconf 77' lang='lat' dir='ltr'><strong>abhorruisse</strong></span> <span class='ocrx_word' id='word_1_147' title='bbox 1479 4793 1610 4872; x_wconf 82' lang='lat' dir='ltr'><strong>exempic</strong></span> <span class='ocrx_word' id='word_1_148' title='bbox 1673 4819 1674 4856; x_wconf 80' lang='lat'>1</span> 
     </span>
    </p>
   </div>
   <div class='ocr_carea' id='block_1_8' title="bbox 1666 4859 1674 4930">
    <p class='ocr_par' dir='ltr' id='par_1_8' title="bbox 1666 4859 1674 4930">
     <span class='ocr_line' id='line_1_21' title="bbox 1666 4859 1674 4930; baseline 0 0"><span class='ocrx_word' id='word_1_149' title='bbox 1666 4859 1674 4930; x_wconf 78' lang='lat' dir='ltr'><strong>i</strong></span> 
     </span>
    </p>
   </div>
   <div class='ocr_carea' id='block_1_9' title="bbox 0 0 1715 5434">
    <p class='ocr_par' dir='ltr' id='par_1_9' title="bbox 0 0 1715 5434">
     <span class='ocr_line' id='line_1_22' title="bbox 0 0 1715 5434; baseline 0 0"><span class='ocrx_word' id='word_1_150' title='bbox 0 0 1715 5434; x_wconf 95' lang='lat' dir='ltr'><strong> </strong></span> 
     </span>
    </p>
   </div>
  </div>
 </body>
</html>
