3417 5434
339 337 404 400 226
808 339 957 390 ειαοκιιι
976 339 1139 391 ceruicis.

395 499 576 584 Ἰσμήνειον
599 497 630 564 δ’
656 499 830 584 ὀνύμαξεν,
853 499 980 565 ἀλαθέα
1003 503 1167 585 μαντείων
1182 541 1194 548 -
1210 507 1338 565 θῶκον·
1398 497 1483 566 Ἀντ.
1501 499 1541 564 α’.
1578 517 1610 563 ιο

392 603 418 672 ὦ
441 608 558 683 παῖδες
575 603 765 692 Ἁρμονίας,

436 717 522 780 ἔνθα
544 717 603 779 καί
622 739 687 780 νυν
711 713 868 800 ἐπίνομον
891 699 1061 800 ήῗροιίδοιν

390 822 533 906 στρατὸν
556 820 723 907 δμαγυρέα
745 826 841 886 καλεῖ
862 825 1015 906 συνίμεν,

389 929 478 1014 όφρα
503 927 607 1013 Θέμιν
630 929 723 1016 ίεράν

433 1036 588 1101 Πυθῶνά
611 1035 723 1100 τεκαὶ
745 1035 931 1122 ὀρθοδίκαν

338 1159 371 1208 ιο
389 1152 451 1226 γᾶς
472 1142 625 1228 ὀμφαλὸν
647 1142 834 1225 κελαδήσετ’
862 1145 961 1231 άκ-ρηι
984 1145 1049 1208 σὺν
1071 1141 1205 1230 ἑσπέρᾳ,

389 1318 604 1386 ἑπταπύλοισι
629 1323 755 1406 Θήβαις

388 1428 487 1512 χάριν
509 1427 618 1510 ἀγῶνί
637 1453 672 1494 τε
695 1432 840 1514 Κίρρας,

388 1533 424 1599 ἐν
446 1545 492 1622 τῷ
520 1537 730 1619 Θρασυδαῖος
752 1539 914 1620 άμ-νασεν
937 1533 1048 1602 ἑστίαν

387 1644 501 1727 τρίτον
524 1645 577 1707 ἔπι
600 1641 767 1727 στέφανον
788 1642 961 1731 πατρςί-αν
984 1645 1110 1727 βαλών,

336 1764 369 1812 ισ
389 1747 425 1813 ἐν
448 1748 588 1833 ἀφνεαῖς
611 1748 787 1836 ἀρούραισι
810 1750 952 1815 Πυλάδα

387 1868 490 1921 νικῶν
512 1854 609 1934 ξένου
632 1857 792 1933 Λάκωνος
809 1855 952 1943 Ὀρέστα.

388 2018 412 2066 6.
424 2012 552 2082 λσμήνιον
562 2014 625 2068 BD
636 2045 666 2053 —
678 2015 802 2068 ἀλαθεία
813 2015 842 2068 D
852 2047 885 2054 -
896 2011 1034 2084 peccatore
1043 2015 1119 2071 BD:
1129 2012 1253 2086 μαντίων
1262 2015 1404 2070 Hermann
1413 2047 1450 2056 -
1459 2022 1483 2072 8.
1495 2016 1606 2086 δμήηνρ.

335 2084 374 2151 D,
389 2083 500 2155 ὁμηγερ.
515 2085 543 2138 Β
557 2117 591 2126 -
605 2082 720 2156 συνίμεν
738 2088 767 2141 Β
786 2088 815 2139 et
833 2085 935 2141 schol:
955 2085 1072 2156 συνέμεν
1086 2087 1116 2141 D
1130 2118 1163 2128 —
1180 2093 1220 2141 10.
1236 2086 1399 2156 κελαδήσετ’
1416 2089 1488 2143 coni.
1501 2089 1606 2158 Heyne:
1627 2113 1629 2118 ¹

334 2158 468 2225 κελαδητε
480 2156 570 2224 codd,
582 2157 759 2211 coniecturae
770 2160 901 2228 receptae
913 2157 992 2212 favet
1002 2158 1183 2228 paraphrasis
1193 2158 1341 2230 όμνήσητε,
1353 2162 1509 2230 κελαδητον
1517 2159 1606 2230 Bergk

333 2259 369 2266 —
383 2232 424 2282 13.
440 2227 565 2297 ἄμνασεν
579 2245 614 2282 ex
628 2227 741 2282 scholiis
755 2229 875 2297 Kayser:
892 2227 992 2298 ἔμνασε
1008 2229 1096 2299 codd,
1108 2229 1208 2300 έμνασέ
1223 2228 1252 2300 μ’
1265 2229 1407 2284 Hermann
1419 2263 1452 2271 -
1463 2231 1554 2286 ἑστιᾶν
1564 2275 1570 2286 .
1582 2274 1604 2285 ..

332 2307 466 2372 πατρῳᾱν
481 2299 552 2354 coni.
562 2299 771 2354 Rauchenstein
785 2299 971 2370 probabiliter
986 2333 1018 2341 -
1035 2301 1080 2356 ἔπι
1094 2301 1248 2358 Hermann:
1265 2301 1310 2356 ἐπὶ
1325 2302 1404 2358 codd.
1420 2333 1454 2344 -
1471 2309 1511 2357 lo.
1527 2313 1606 2358 νικᾶν

332 2439 400 2494 linis
414 2443 511 2495 amata
526 2445 555 2496 et
568 2442 670 2496 Ismeni
684 2442 776 2496 herois
790 2446 882 2497 mater
901 2443 944 2512 (fr.
959 2459 993 2498 as.
1013 2444 1094 2500 Paus.
1110 2465 1138 2498 rx
1153 2462 1186 2514 ιο,
1201 2449 1224 2514 e)
1243 2461 1304 2499 esre
1322 2445 1474 2500 ferebatur.
1504 2445 1604 2501 Schol:

333 2510 427 2566 Μελία
438 2511 574 2567 Ὠκεανοῦ
588 2513 725 2584 θυγάτηρ,
746 2513 774 2580 ἐξ
789 2508 822 2581 ἧς
835 2515 884 2568 καλ
896 2513 1061 2579 ’Λπόλλωνος
1077 2517 1200 2586 Τήνερος
1214 2516 1228 2570 δ
1243 2515 1349 2587 μάντις,
1367 2513 1397 2580 ὃς
1409 2515 1480 2586 παρ’
1495 2515 1606 2588 Ἰσμηνῴ

332 2588 369 2656 τῷ
383 2589 499 2657 ποταμῷ
513 2585 685 2654 ἐμαντεύετο,
694 2587 750 2639 ,καλ
764 2585 869 2639 αιἰτόθι
879 2585 1009 2656 μαντεῖόν
1021 2586 1104 2658 ἐστιν,
1120 2586 1270 2643 ὃκαλεῑται
1282 2587 1432 2658 Ἰσμήνιον·
1449 2589 1507 2644 ἔστι
1521 2589 1551 2643 δὲ
1561 2591 1606 2644 καλ

331 2655 407 2725 πηγή
418 2655 563 2726 όμάιννμος
571 2665 604 2727 τῇ
619 2657 719 2726 ήροιΐδι
729 2690 762 2697 -
771 2655 924 2727 τριπόδων·
940 2658 1040 2715 schol:
1054 2657 1195 2729 τριπόδων
1205 2658 1235 2713 a
1247 2655 1307 2714 εἷπε
1318 2661 1466 2729 θησαυρὸν
1479 2661 1511 2714 τὸ
1523 2659 1604 2731 Ἰσμή-

332 2746 395 2781 νιον
405 2726 494 2781 διὰτὸ
505 2726 610 2782 αὐτόθι
618 2729 736 2792 πολλοὺς
746 2731 918 2783 ἀνακεῖσθαι
927 2727 1072 2799 τρίποδας·
1084 2731 1111 2785 ολ
1120 2730 1173 2802 γὰρ
1186 2733 1356 2802 Θηβαγενεῖς
1367 2731 1605 2802 ἐτριποδηφόρουν

333 2797 429 2853 έκεῖσε.
448 2799 466 2868 ή
481 2797 512 2853 δὲ
522 2797 616 2853 Μελία
627 2797 756 2870 Ἰσμηνοῦ
769 2801 878 2870 ἀδελφή
894 2800 949 2854 ὑπὸ
960 2799 1126 2865 ’Λπόλλωνος
1138 2806 1282 2872 φθαρεῖσα
1292 2803 1340 2856 καλ
1349 2804 1510 2873 γεννήσασα
1523 2804 1604 2872 Τήνε-

332 2889 391 2938 ρον,
406 2867 505 2938 άφόίι
520 2871 551 2924 ἐν
562 2870 669 2943 Θήβαις
681 2872 836 2940 Τηνερικὸν
849 2870 957 2927 πεδίον.
982 2872 1059 2928 Cous.
1069 2873 1170 2928 Herod.
1181 2891 1244 2934 veo.
1267 2873 1389 2930 Pausa
1403 2891 1437 2944 ιο,
1453 2891 1473 2928 ε.
1500 2875 1605 2930 Similia

333 2941 368 2994 de
386 2941 546 3011 tripodibus
571 2941 671 3013 templi
689 2942 828 3012 Apollinis
848 2943 972 3014 Triopici
990 2944 1078 2999 tradit
1096 2939 1197 3000 Herod.
1216 2963 1227 2998 1
1246 2961 1291 2999 ιιι.
1330 2945 1460 3000 Ceterum
1478 2963 1543 3000 cum
1560 2947 1605 3001 tri—

352 3012 419 3066 odes
438 3012 506 3066 olim
523 3013 650 3082 praemia
669 3013 853 3068 certaminum
872 3015 1065 3084 gymnicorum
1084 3019 1169 3086 atque
1193 3017 1362 3086 musicorum
1385 3017 1519 3088 fuissent,
1543 3022 1606 3088 apte

331 3029 544 3153 dhrssydaeum
566 3088 652 3154 poeta
673 3085 742 3139 fecit
765 3085 802 3139 ad
824 3085 898 3140 hanc
916 3087 1093 3156 potissimum
1112 3089 1211 3143 aedem
1229 3087 1368 3158 Apollinis
1387 3089 1545 3158 gratiarum
1563 3107 1604 3143 ao-

332 3154 438 3209 tionem
452 3155 624 3210 deferentem
639 3188 671 3196 -
687 3163 712 3212 6.
727 3155 865 3227 μαντελυν
880 3162 988 3213 θῶκον·
1009 3159 1039 3212 in
1052 3159 1172 3214 Ismenio
1191 3159 1257 3214 lano
1277 3160 1360 3214 deum
1378 3159 1510 3216 similiter
1524 3164 1605 3230 atque

332 3225 480 3296 Olympiae
490 3244 524 3280 ex
533 3227 633 3281 hostiis
647 3227 779 3282 mactatis
789 3226 839 3298 (δι’
853 3229 867 3283 ἐ
887 3229 993 3300 πόρων)
1004 3231 1162 3286 consultum
1172 3247 1232 3286 esse
1243 3234 1383 3286 testantur
1392 3231 1495 3288 Herod.
1506 3252 1556 3286 vnr
1571 3251 1605 3287 ιιι

332 3299 362 3351 et
380 3297 463 3366 Soph.
484 3297 539 3352 ΟΒ.
559 3315 593 3354 ιι.
630 3300 720 3354 Acute
743 3303 838 3354 autem
861 3251 1006 3355 dissenius
1028 3301 1101 3356 hanc
1124 3302 1300 3357 vaticinandi
1323 3305 1412 3357 artem
1435 3305 1604 3375 etymologia

331 3368 453 3422 nominis
466 3366 596 3439 Ἰσμηνοῦ
617 3371 753 3425 ‘scientis‘
775 3372 932 3426 confirmari
951 3373 1117 3428 adnotat-
1134 3380 1157 3429 7.
1176 3369 1197 3428 ὦ
1215 3376 1315 3437 παῖδες
1330 3371 1480 3444 Ἁρμονίας,
1499 3375 1605 3430 Semele

332 3441 361 3493 et
378 3440 440 3509 Ιιιο,
461 3458 579 3509 quarum
597 3446 677 3511 parte
695 3443 805 3512 potiore
823 3443 908 3498 simul
926 3443 1073 3514 Alcmena,
1092 3445 1268 3514 Electryonis
1287 3445 1359 3515 filia,
1378 3445 1530 3501 indicatur.
1567 3447 1604 3500 Dc

335 3512 388 3566 νὺν
406 3511 482 3566 idem
500 3513 576 3580 quod
594 3521 647 3567 νῦν
665 3513 843 3584 significante
861 3534 887 3569 v.
905 3514 936 3570 Ο.
955 3535 986 3568 ιιι
1004 3533 1038 3572 ιι.
1058 3535 1095 3572 vn
1115 3533 1147 3572 ιι.
1166 3517 1196 3572 Ρ.
1211 3537 1243 3569 ιιι
1261 3534 1286 3572 οε
1306 3549 1338 3556 -
1360 3524 1383 3572 7.
1404 3515 1552 3588 ἐπίνομον·
1571 3519 1605 3572 ad

332 3583 494 3653 analogiam
507 3584 638 3638 vocabuli
653 3585 802 3656 ἐπιχώριον
816 3585 967 3640 formatum
981 3591 1010 3642 et
1020 3605 1037 3642 a
1046 3588 1158 3643 nomine
1173 3585 1257 3658 νομός
1272 3589 1371 3660 ‘regio’
1388 3589 1543 3644 deductum
1557 3593 1604 3644 est

331 3653 410 3708 Alios
434 3654 568 3724 ἐπίνομον
591 3657 709 3725 στρατδν
732 3657 931 3727 interpretatos
955 3675 1015 3713 esse
1038 3659 1088 3723 τὰς
1112 3657 1312 3738 ἐπινεμομέναρ
1332 3661 1380 3714 καλ
1400 3661 1606 3724 ἐποπτενοόσας

332 3726 439 3780 scholia
458 3727 576 3781 tradunt
589 3760 623 3768 —
638 3735 662 3782 8.
684 3731 775 3784 καλεῖ·
790 3726 937 3785 Ἀπόλλων
957 3730 1007 3785 alii
1021 3731 1125 3801 partim
1138 3731 1262 3801 Meliam,
1276 3732 1380 3801 partim
1395 3732 1605 3801 Thrasydaeum

331 3814 484 3852 convocare
503 3800 640 3867 statuunt,
660 3800 709 3853 sed
728 3800 903 3870 Thrasydaei
921 3819 1041 3872 persona
1066 3806 1141 3858 certe
1167 3803 1203 3858 ab
1229 3803 1283 3858 hoo
1307 3803 1369 3857 loco
1392 3803 1488 3858 aliena
1511 3809 1557 3860 est
1576 3837 1604 3844 —

332 3875 355 3922 9.
382 3868 477 3940 Θέμιν,
504 3887 577 3939 quae
601 3875 666 3940 post
685 3875 777 3925 Γαῖαν
803 3876 832 3926 et
857 3876 923 3928 anto
946 3873 1106 3943 Apollinem
1129 3875 1273 3929 oraculum
1296 3874 1465 3944 Delphicum
1483 3877 1605 3930 tenuisse

331 3941 486 4010 serebatur3
510 3961 535 3997 v.
555 3943 654 3998 Aesch.
673 3943 753 3998 Eum.
773 3961 784 3997 ι
808 3976 842 3984 -
863 3950 904 3999 10.
924 3956 975 4014 γᾶς
994 3944 1132 4016 ὀμφαλόν·
1157 3949 1249 4000 terrae
1267 3945 1432 4000 umbilicum
1450 3946 1605 4015 Pythonem

330 4012 460 4067 habitum
485 4029 545 4067 esse
570 4013 708 4068 Pindarus
734 4015 806 4069 dicit
830 4015 917 4070 etiam
942 4016 971 4071 P.
991 4035 1019 4070 ιν
1037 4035 1057 4071 ι.
1077 4037 1106 4071 τι
1123 4034 1136 4072 s
1156 4050 1187 4057 -
1208 4017 1281 4092 ἄκρᾳ
1300 4019 1351 4071 σὺν
1371 4016 1489 4088 ἑσπέρα·
1516 4021 1606 4089 prims

330 4086 422 4153 nocte,
441 4101 486 4139 cre
508 4083 612 4154 noculo,
633 4085 707 4154 quod
726 4085 905 4156 aptissimum
921 4090 1031 4158 tempus
1045 4105 1164 4158 pompae
1180 4089 1324 4144 ducendae
1340 4092 1368 4144 et
1382 4073 1528 4144 sacrificiis
1543 4091 1605 4160 igne

329 4155 467 4210 faciendis
487 4103 548 4211 init.
584 4155 662 4212 Cous.
681 4158 823 4227 sophai.
839 4176 878 4214 aee
897 4168 989 4222 κεῖνος
1007 4159 1061 4230 γὰρ
1081 4159 1169 4229 ἄκρας
1187 4157 1294 4228 νυκτός,
1313 4159 1387 4230 ἡνίχ’
1409 4159 1523 4228 ἕσπερον
1542 4184 1606 4217 νυκ-

329 4235 410 4296 τήρες
433 4225 526 4282 οὐκέτ’
547 4222 622 4299 ήθον
642 4260 674 4268 -
697 4235 737 4283 12.
761 4229 857 4300 χάριν,
881 4247 992 4285 carmen
1015 4231 1046 4285 in
1067 4231 1201 4286 honorem
1219 4231 1353 4301 Pythicae
1372 4231 1509 4286 victoriae
1528 4251 1547 4288 a
1565 4234 1606 4288 dis

330 4296 546 4368 hominibusque
570 4300 741 4354 cantandum
759 4332 793 4340 —
815 4307 856 4356 13,
877 4301 1001 4372 ἄμνασεν
1020 4302 1037 4358 i.
1053 4321 1076 4358 e.
1094 4301 1250 4374 ἀνέμνησεν
1269 4321 1333 4358 cum
1350 4301 1475 4372 Kaysero
1495 4305 1605 4360 restitui

331 4368 500 4425 scholiorum
523 4372 709 4441 paraphrasin
733 4370 871 4444 ἀνέμνησε
894 4373 1102 4448 τήνπατρῴαν
1125 4372 1217 4430 ἑστίαν
1237 4378 1355 4430 secutus.
1393 4374 1606 4445 Thrasydaeum

331 4441 414 4511 enim,
434 4459 497 4496 cum
515 4443 638 4511 vicisset,
656 4443 806 4512 Pythonici
824 4445 914 4498 filium
928 4463 946 4499 a
959 4463 1096 4515 praecone
1110 4446 1301 4500 renuntiatum
1315 4463 1376 4500 esse
1395 4446 1501 4501 similia
1515 4465 1605 4503 exem·

269 4526 272 4532 ’
329 4512 380 4582 pla
398 4514 511 4583 dooent;
530 4513 731 4570 cf.Prol.xc11,
755 4516 880 4570 Tertiam
897 4533 963 4571 vero
982 4534 1114 4573 coronam
1132 4517 1162 4571 in
1180 4518 1242 4573 foco
1261 4521 1379 4588 paterno
1397 4517 1447 4572 ille
1466 4519 1606 4590 deposuit,

330 4585 407 4653 quod
425 4588 510 4640 antea
528 4588 610 4655 pater
627 4586 672 4641 bis
691 4586 748 4641 iam
767 4587 882 4656 vicerat,
902 4589 937 4643 de
955 4606 1011 4658 qua
1030 4607 1060 4644 re
1078 4589 1108 4643 in
1126 4600 1290 4659 argumento
1310 4589 1441 4644 carminis
1462 4589 1607 4661 disputari

330 4687 363 4696 ·-
385 4663 425 4712 15.
446 4656 575 4711 Πυλάδα·
600 4657 736 4726 Pyladem
759 4659 874 4728 eiusque
897 4662 1007 4730 patrem
1027 4661 1187 4731 Strophium
1206 4661 1346 4715 Phoceum
1366 4678 1466 4730 agrum
1482 4663 1606 4718 tenuime

329 4728 410 4798 pueri
428 4729 569 4783 sciunt-
585 4734 625 4783 16.
645 4730 792 4799 genetivus
806 4730 940 4794 Λάκωνος
956 4731 1068 4800 Ὀρέστα
1083 4749 1101 4786 a
1113 4733 1226 4787 nomine
1246 4732 1327 4799 ξένου
1345 4733 1457 4802 pendet.
1479 4733 1607 4789 Orestem

329 4803 425 4854 autem
443 4803 472 4854 et
490 4801 728 4871 Agamemnonem
742 4807 778 4872 (v.
793 4807 830 4872 sa)
845 4821 896 4872 pro
915 4803 1073 4858 Laconibus
1091 4803 1230 4858 Pindarus
1250 4804 1416 4875 venditavit,
1435 4805 1511 4874 quod
1530 4807 1605 4877 Aga·
