3417 5434
443 326 478 378 Il.
506 326 556 376 DE
575 325 669 377 ARTE
687 325 848 376 METRICA
869 323 1026 379 PINDARI.
1311 325 1375 381 Llll

76 667 131 732 sic
152 667 253 732 etiam
273 667 303 732 si
321 668 432 753 plnres
452 619 602 750 deinceps
617 619 782 751 tripodise
803 617 1069 750 sese-excipiunt,
1089 670 1193 730 totam
1207 667 1375 751 periodum

78 773 325 858 aequabilitate
344 774 491 859 primarii
509 773 596 840 ictus
615 773 828 858 tripodiarum
848 774 889 838 ad
905 772 1110 866 rhythmicos
1121 795 1273 840 numeros
1288 797 1376 840 revo-

78 903 159 946 care
181 881 323 966 poteris,
346 887 386 946 ut
408 880 630 947 dochmiacam
653 880 821 964 periodum
842 879 959 945 Aescb.
984 879 1071 964 Sept.
1091 882 1155 946 219

199 1076 323 1162 μήποτ’
345 1077 425 1163 ἐμὸν
447 1075 519 1142 κατ’
540 1079 577 1141 αἰ
595 1075 600 1162 Ι
622 1087 690 1142 ῶνα
714 1079 805 1141 λίποι
829 1082 921 1142 θεῶν
941 1081 946 1156 Ι
967 1077 1027 1141 ἅδε
1048 1077 1232 1164 πανάγυρις
1252 1077 1257 1164 Ι

199 1183 279 1270 μηδ’
301 1183 447 1269 ἐπίδοιμι
470 1182 565 1249 τάνδ’
588 1189 592 1264 Ι
614 1182 939 1269 ἀστυδρομουμέναν.

173 1309 318 1376 Maxime
336 1314 446 1374 autem
464 1331 504 1374 ne
520 1309 607 1374 ferro
621 1309 761 1396 igneque
776 1309 934 1394 tripediae
948 1309 1186 1396 impugnandas
1201 1333 1374 1398 censerem,

76 1419 239 1484 Plautina
252 1439 306 1482 ars
321 1417 456 1482 metrica
469 1439 521 1480 me
536 1416 719 1481 commovit.
751 1415 764 1480 l
768 1440 783 1482 s
798 1416 886 1481 onim
900 1439 1106 1503 quamquam,
1121 1441 1204 1503 quae
1218 1423 1289 1483 tum
1304 1424 1374 1486 erat

77 1525 273 1611 rhythmica
291 1523 500 1606 consuetude,
518 1545 630 1588 versus
650 1523 705 1608 qni
719 1522 755 1588 in
769 1523 917 1609 dipodius
932 1523 984 1590 vel
997 1529 1103 1590 metra
1116 1525 1216 1591 dividi
1230 1531 1374 1612 possent,

77 1634 253 1716 dimetros‚
274 1635 494 1715 tetrametros,
515 1630 730 1714 hexametros,
753 1631 847 1696 unice
867 1630 1042 1716 edomaret,
1063 1637 1174 1698 tamen
1190 1633 1226 1697 in
1244 1632 1372 1698 creticis

77 1739 220 1805 canticis
248 1740 341 1803 iuxta
367 1741 575 1803 tetrametros
603 1737 750 1803 versibus
780 1761 818 1803 ex
847 1738 972 1805 duabus
999 1740 1150 1827 tripodiis
1174 1739 1371 1806 catalecticis

83 1845 281 1932 compositis
306 1845 355 1910 uti
377 1866 444 1910 non
466 1865 599 1931 prorsus
623 1849 814 1929 aspernatus
838 1849 901 1930 est,
925 1850 963 1911 ut
984 1847 1020 1912 in
1043 1845 1193 1912 Baccbid.
1212 1847 1291 1912 645:

387 1973 471 2017 neure
493 1953 616 2017 ornanti
638 1973 689 2017 cre
709 1957 713 2031 Ι
733 1952 799 2034 filio
821 1955 918 2036 emis,

388 2060 512 2142 queem
535 2079 586 2141 epo
610 2059 686 2137 bibo,
707 2059 712 2140 Ι
732 2061 857 2141 quirum
879 2061 934 2124 edo
956 2066 985 2124 et
1006 2081 1089 2139 amo,

387 2167 490 2250 reptos
512 2167 616 2248 copias
637 2171 641 2244 Ι
662 2185 832 2248 aureusque
855 2167 959 2232 obtuli.

170 2292 273 2358 Vides
298 2313 349 2357 mc
371 2289 434 2356 hac
457 2312 585 2374 quoquc
607 2291 643 2355 in
665 2295 756 2376 parte
781 2289 974 2356 difficillima
993 2313 1012 2356 a
1031 2292 1261 2358 circulatorum
1279 2317 1370 2379 prae

77 2401 191 2486 stigiis
209 2399 308 2486 longe
327 2397 500 2463 abhorrere
515 2401 548 2462 et
563 2419 645 2482 quae
660 2396 812 2462 sintriae
826 2396 934 2462 variae
958 2397 1167 2464 difficultates
1182 2402 1368 2466 removendi

77 2508 216 2574 candide
244 2505 378 2591 aperire.
424 2505 532 2589 Atque
557 2503 627 2568 fore
652 2504 812 2588 suspicor,
841 2504 897 2589 qni
922 2527 973 2570 me
996 2505 1077 2570 mihi
1099 2528 1167 2571 non
1189 2507 1271 2572 satis
1294 2530 1369 2574 con·

78 2622 168 2681 stare
203 2619 237 2679 et
264 2611 457 2678 adversariis
485 2611 558 2696 plus
589 2631 692 2696 aequo
721 2610 826 2677 latere
858 2613 933 2676 dare
965 2613 1210 2698 reprehendant.
1256 2614 1303 2678 At
1333 2615 1369 2681 in

78 2723 177 2789 rebus
201 2719 368 2787 historicis
391 2723 426 2784 et
447 2719 639 2803 praesertim
662 2719 697 2783 in
720 2740 876 2784 sonorum
898 2740 1172 2805 numerorumque
1192 2727 1261 2786 arte
1280 2723 1369 2788 volu-

78 2829 136 2894 bili
169 2851 212 2894 ne
245 2827 360 2913 rigidis
390 2825 530 2892 modulis
560 2825 657 2892 unius
686 2826 875 2911 systematis
903 2827 1014 2892 omnia
1041 2828 1228 2913 metiamur,
1255 2829 1367 2895 sedulo

78 2935 260 3002 cavendnm
283 2938 341 2999 cst.
378 2933 526 3017 Denique
550 2955 620 2999 esse
642 2933 679 2997 in
702 2933 820 3017 quibus
844 2933 945 2998 enimi
963 2933 1122 3018 pendeam
1140 2934 1241 3000 libere
1262 2935 1368 3022 fateri,

78 3049 110 3110 et
143 3041 416 3109 Academicorum
447 3061 615 3106 assensum
648 3039 871 3106 cohibentium
904 3044 937 3105 et
968 3040 1004 3104 in
1036 3044 1209 3125 utramque
1235 3046 1367 3126 partem

79 3149 319 3236 disputantium
350 3147 461 3234 potins
493 3169 591 3231 quam
621 3144 805 3212 Stoicorum
838 3147 1035 3233 pugnacium
1063 3151 1096 3212 et
1124 3147 1366 3215 obstinatorum

79 3263 189 3342 partes
215 3255 308 3340 sequi
330 3253 501 3340 prudentis
523 3253 665 3318 hominis
690 3275 760 3318 esse
783 3255 874 3319 duco.

383 3469 429 3534 De
452 3467 596 3552 strophIs
619 3467 653 3532 et
675 3468 872 3551 temporibus
894 3468 1055 3534 lnanlhns.

166 3597 217 3662 De
233 3595 371 3683 singulis
386 3595 532 3660 versibus
548 3590 753 3658 dimetiendis
767 3597 943 3678 postquam
954 3592 1201 3682 disputavimus,
1214 3600 1317 3662 restat
1327 3602 1365 3662 ut

77 3707 113 3770 de
132 3703 217 3770 totis
237 3702 381 3787 strophis
399 3700 577 3766 dividendis
593 3722 794 3786 quaeramus.
825 3703 935 3785 Atque
950 3723 1024 3768 cum
1037 3702 1111 3786 ipss
1123 3724 1233 3768 rerum
1246 3709 1366 3770 natura

76 3810 210 3896 probari
223 3810 372 3874 rideatur
388 3830 499 3873 omnes
512 3829 626 3873 versus
640 3808 795 3893 strophae
809 3808 844 3873 in
859 3830 959 3874 unum
974 3830 1092 3894 corpus
1107 3811 1269 3897 cogendos
1283 3834 1363 3898 esse,

77 3917 182 4004 magis
212 3917 311 3981 etiam
334 3915 465 3980 Pindari
489 3937 541 3980 ars
563 3937 624 3980 nos
648 3920 847 4001 commonet,
874 3921 975 3982 utne
998 3938 1112 3982 versus
1135 3917 1224 4003 ipsos
1247 3941 1306 4005 per
1328 3941 1363 3984 se

76 4029 270 4110 spectemus,
293 4023 349 4088 sed
368 4023 454 4088 inter
472 4045 506 4087 se
525 4022 696 4089 cohaerere
714 4022 789 4088 illos
810 4027 907 4108 atque
927 4023 1020 4109 qussi
1039 4024 1187 4090 membra
1205 4025 1363 4110 quaedam

77 4133 170 4198 unius
196 4130 344 4215 corporis
368 4151 438 4194 esse
462 4133 653 4195 statuamus.
691 4128 798 4204 Quid?
821 4132 909 4214 quod
932 4131 1028 4196 multi
1045 4153 1159 4197 versus
1176 4131 1213 4196 in
1230 4130 1363 4197 Pindari

77 4240 275 4305 carminibus
304 4240 492 4322 occurrunt,
520 4237 575 4320 qui
602 4258 668 4301 non
695 4236 730 4302 in
758 4260 791 4303 se
815 4236 960 4303 conclusi
983 4244 1017 4304 et
1038 4237 1175 4324 perfecti
1198 4238 1278 4324 sint,
1305 4241 1361 4304 aed

77 4371 148 4413 cum
176 4345 328 4411 versibus
358 4343 515 4429 proximis
544 4343 759 4410 continuitate
783 4367 992 4411 numerorum
1015 4345 1064 4410 ita
1086 4344 1295 4424 cohaereant,
1323 4351 1362 4412 ut

78 4454 249 4539 rhythmus
268 4452 305 4516 in
322 4451 385 4516 fine
404 4450 626 4535 praecedentis
641 4473 754 4516 versus
768 4451 941 4518 inchoatus
955 4451 1117 4538 principio
1132 4453 1361 4539 subsequentis

78 4583 185 4626 versus
205 4558 420 4644 compleatur,
439 4580 502 4642 qua
522 4558 559 4623 de
578 4580 613 4623 re
632 4580 730 4644 supra
748 4559 814 4624 iam
832 4583 862 4645 p.
876 4559 989 4625 XXIII
1010 4560 1221 4625 commentati
1240 4583 1359 4627 sumus.

78 4667 247 4734 Praeterea
273 4666 361 4732 idem
388 4687 597 4730 numerorum
625 4687 727 4752 genus
753 4689 811 4751 per
833 4670 938 4732 totum
961 4667 1130 4751 stropham
1153 4667 1202 4732 ita
1223 4689 1360 4754 regnare

78 4775 168 4862 solet,
198 4779 238 4839 ut
264 4795 377 4839 ornnes
400 4793 513 4837 versus
536 4775 569 4838 et
593 4771 758 4859 versiculi,
784 4795 936 4838 numeros
960 4774 987 4839 si
1011 4780 1154 4861 spectas,
1179 4774 1302 4840 similes
1325 4781 1360 4841 et
