3417 5434
648 407 781 457 amara
800 408 832 459 v.
1317 403 1377 466 171

82 573 285 634 clarissimus
314 575 473 652 iudicavit,
496 575 605 651 prioris
633 573 774 634 carminis
801 573 951 632 cardinem
975 574 1071 652 magis
1095 574 1175 633 cirea
1197 574 1262 632 fata
1285 574 1380 652 Argo-

83 667 266 722 nautarum
289 667 321 723 et
342 664 514 740 Demophili
537 667 648 724 sortem
671 683 764 740 quam
786 661 865 722 circa
884 662 1040 724 victoriam
1059 663 1206 724 Arcesilai
1223 663 1309 739 verti,
1329 661 1380 721 sed

82 752 155 811 inde
186 753 331 812 nondum
358 754 448 831 illud,
477 754 558 830 quod
584 753 620 812 de
648 753 778 813 carmine
806 752 912 828 quinto
935 755 1005 811 ante
1034 755 1178 829 quartum
1200 754 1280 812 facto
1311 771 1379 812 cou-

83 842 191 919 clusit,
220 843 430 919 consequitur.
465 843 562 903 Immo
584 843 721 919 pluribus
745 841 843 901 causis
866 841 898 900 in
920 842 1101 902 contrariam
1125 842 1303 902 sententiam
1327 860 1380 900 nos

82 931 286 991 deducimur.
324 932 461 991 Primum
485 932 565 992 enim
589 935 679 1009 posta
701 932 734 990 iu
756 931 887 991 carmine
908 931 940 992 P.
960 951 979 992 v
998 932 1091 992 situm
1113 932 1195 991 urbis
1219 934 1283 990 tam
1305 930 1380 990 vivi-

83 1021 131 1078 dis
162 1024 198 1080 et
229 1021 314 1081 veris
341 1021 491 1082 coloribus
517 1021 665 1100 depinxit,
692 1024 728 1080 ut
755 1041 824 1080 eum
845 1024 913 1080 tum
936 1021 998 1082 suis
1021 1020 1081 1081 iam
1106 1021 1200 1081 oculis
1222 1021 1327 1080 urbem
1350 1024 1381 1080 et

83 1129 203 1187 agrum
231 1110 433 1188 Cyrenaicum
461 1111 605 1171 lustrasse
635 1111 760 1186 sentias3
790 1109 856 1170 eius
885 1113 988 1170 autem
1017 1111 1060 1170 rei
1090 1131 1159 1171 cum
1189 1111 1220 1169 in
1250 1109 1380 1170 carmine

85 1201 117 1259 P.
138 1219 175 1258 rv
196 1201 292 1260 nulla
309 1220 431 1278 prorsus
449 1201 561 1260 indicia
579 1202 779 1278 compereant,
801 1200 859 1260 hoc
881 1220 999 1260 carmen
1022 1200 1175 1277 probabile
1199 1199 1234 1258 fit
1251 1201 1380 1278 poetam,

83 1289 280 1366 priusquam
293 1289 441 1368 Cyrenam
454 1291 560 1350 urbem
573 1291 705 1368 vidisset,
720 1289 928 1366 composuisse.
959 1290 1073 1349 Deinde
1089 1289 1203 1350 Carnes
1218 1289 1380 1366 quotannis

85 1379 227 1454 septimo
249 1380 297 1438 die
315 1380 427 1440 mensis
444 1380 671 1458 Metagitnionis
694 1382 763 1439 acta
785 1398 848 1438 esse
868 1399 904 1438 ex
921 1380 1182 1456 Plut.symp.iu11
1202 1391 1225 1457 1,
1246 1390 1270 1456 2,
1289 1378 1380 1454 paulo

86 1471 160 1526 ante
184 1467 336 1545 Olympia
354 1463 411 1550 (sic
429 1469 532 1547 Unger
549 1469 657 1529 Philol.
676 1481 719 1546 33,
739 1480 800 1547 231,
822 1473 917 1545 recte3
940 1489 1000 1529 non
1023 1469 1120 1529 multo
1142 1473 1212 1545 post
1231 1466 1381 1546 Olympia,

87 1557 204 1616 Nissen
231 1559 289 1617 Rh.
308 1560 384 1618 Mus.
407 1570 455 1637 40,
474 1551 540 1640 362)
571 1577 608 1618 ex
636 1559 744 1618 Herod
768 1577 824 1618 vni
848 1569 881 1618 72
907 1558 1048 1636 efficitur,
1078 1559 1157 1617 unde
1187 1578 1246 1617 uon
1276 1557 1380 1616 eodem

87 1667 149 1721 quo
180 1647 318 1707 victoria
345 1648 470 1724 Delphis
497 1650 586 1724 parta
613 1650 659 1708 est
686 1667 764 1707 auno
796 1667 916 1708 carmen
948 1649 980 1708 P.
1006 1667 1025 1706 v
1052 1647 1153 1725 scribi,
1189 1647 1299 1706 nedum
1329 1647 1379 1725 agi

88 1736 213 1815 potnit,
249 1737 301 1797 sed
331 1757 393 1798 uno
424 1736 598 1814 pluribusve
631 1738 716 1796 aunis
748 1737 921 1816 interiectis.
967 1737 1103 1814 Denique
1131 1736 1189 1796 duo
1217 1735 1275 1796 loci
1308 1738 1380 1796 sunt

88 1826 242 1887 carminis
271 1827 304 1886 P.
327 1847 348 1887 v
371 1839 405 1886 29
428 1830 460 1886 et
482 1839 529 1904 62,
557 1827 667 1903 quibus
693 1829 784 1903 poeta
811 1827 874 1903 ipse
903 1846 950 1886 res
979 1827 1010 1885 in
1040 1827 1169 1887 carmine
1201 1829 1309 1902 quarto
1332 1844 1378 1884 re·

88 1915 171 1974 latas
202 1917 353 1992 respicere
380 1916 526 1976 videatur.
573 1916 656 1987 Quae
688 1935 756 1976 cum
786 1916 830 1974 ita
862 1917 935 1992 siut,
967 1916 1106 1992 equidem
1137 1916 1240 1975 nullus
1272 1914 1377 1974 dubito

90 2007 268 2065 sententiae
291 2005 430 2066 accedere
452 2006 597 2082 leopoldi
619 2005 785 2082 Schmidtii,
804 2005 889 2066 Pinc.
908 2005 980 2065 Leb.
997 2027 1026 2082 p.
1046 2016 1106 2084 283,
1126 2008 1157 2064 et
1174 2005 1292 2064 Rehmii
1311 2004 1378 2081 mei,

91 2093 212 2154 Comm.
232 2095 337 2171 philol.
356 2096 471 2156 Monac.
490 2116 519 2171 p.
539 2106 603 2172 150,
627 2095 680 2171 qui
698 2094 731 2153 P.
750 2113 770 2154 v
789 2095 946 2171 aliquanto
971 2098 1040 2172 post
1065 2094 1157 2172 P.1v,
1181 2113 1249 2154 cum
1273 2094 1379 2172 auriga

93 2184 249 2242 :Doesilai
280 2185 445 2245 Carrhotus
477 2205 513 2243 ex
545 2185 671 2244 Graecia
701 2184 850 2262 rediisset,
886 2185 1030 2260 scriptum
1065 2187 1095 2243 et
1129 2186 1285 2243 cantatum
1317 2201 1379 2243 esse

93 2276 281 2333 statuerunt.
325 2273 479 2344 Quantum
502 2277 604 2333 autem
626 2274 769 2351 temporis
792 2274 871 2333 inter
893 2273 1050 2334 victoriam
1073 2273 1231 2350 Pythicam
1255 2276 1285 2332 et
1309 2272 1378 2332 Car-

94 2382 159 2439 nes,
185 2363 300 2440 quibus
321 2363 378 2424 hoc
401 2384 520 2423 cannen
543 2363 731 2441 cantabatur,
753 2364 952 2440 interlapsum
975 2364 1026 2441 sit,
1053 2363 1145 2423 huius
1166 2363 1211 2422 rei
1233 2363 1378 2422 indicium

93 2452 191 2511 latera
225 2454 347 2514 videtur
377 2453 408 2512 in
440 2452 497 2512 fine
530 2453 682 2531 carminis,
714 2473 774 2529 quo
807 2453 960 2513 Arcesilao
992 2453 1150 2513 victoriam
1180 2449 1378 2530 Olympicam,

97 2560 192 2616 qnam
212 2562 282 2602 eum
301 2542 348 2602 Ol.
368 2553 402 2600 80
421 2545 614 2602 consecutum
632 2561 695 2602 esse
718 2542 807 2602 schol.
832 2542 871 2602 ad
894 2543 925 2602 P.
945 2561 976 2603 1v
995 2543 1081 2604 inser.
1102 2545 1266 2619 testantur,
1289 2545 1381 2618 poeta

97 2635 278 2708 auguratur.
311 2633 426 2692 Verum
448 2633 522 2691 certi
544 2632 620 2691 nihil
643 2631 711 2691 inde
735 2631 812 2691 effici
835 2635 944 2710 potest,
968 2633 1040 2708 quia
1063 2635 1093 2691 et
1117 2651 1208 2708 quam
1226 2631 1257 2690 iu
1277 2629 1379 2707 Olym-

97 2718 220 2793 piadem
249 2722 375 2797 Pythias
404 2721 556 2780 tricesima
584 2721 682 2798 prima
711 2720 850 2781 inciderit
879 2721 937 2781 viri
966 2722 1046 2780 docti
1074 2721 1209 2799 litigant,
1238 2722 1268 2779 et
1291 2720 1379 2780 facile

99 2807 162 2866 fieri
193 2811 309 2889 potuit,
340 2815 377 2869 ut
404 2810 574 2871 Arcesilaus
604 2811 664 2869 iam
689 2809 735 2870 Ol.
756 2822 788 2869 79
813 2811 977 2870 certamina
1000 2809 1158 2887 Olympica
1188 2809 1297 2888 obiret,
1328 2809 1379 2868 sed

101 2917 159 2956 non
183 2900 241 2960 hac
265 2901 318 2960 sed
339 2901 476 2977 proxima
499 2899 677 2976 Olympiade
700 2901 833 2976 palmam
856 2900 999 2959 victoriae
1023 2901 1122 2960 ferret.

189 2990 350 3066 Multiplex
380 2993 592 3068 argumentum
625 2988 765 3050 carminis
795 3010 830 3048 ex
860 2989 952 3049 variis
981 2989 1069 3049 rebus
1099 2988 1298 3066 compositum
1326 2991 1380 3067 est,

103 3095 178 3150 quae
207 3084 244 3137 ut
272 3079 358 3138 tenui
384 3079 434 3138 filo
463 3099 531 3139 cum
559 3079 682 3139 consilio
711 3082 818 3156 poetae
847 3079 1006 3139 victoriam
1033 3079 1179 3138 Arcesilai
1211 3077 1380 3137 celebrandi

102 3167 270 3245 cohaerent,
293 3169 339 3228 ita
361 3169 453 3246 paulo
477 3169 590 3228 arctius
613 3188 682 3228 oum
704 3170 837 3244 ternpore
862 3172 892 3227 et
914 3169 988 3246 loco,
1011 3168 1121 3245 quibus
1140 3187 1258 3228 carmen
1278 3171 1379 3227 canta-

102 3254 204 3335 batur,
233 3258 410 3318 coniunctae
437 3262 515 3317 sunt.
561 3259 596 3317 In
627 3257 778 3334 prooemio
806 3257 902 3336 igitur
929 3257 1051 3317 divitias
1079 3277 1147 3317 cum
1171 3258 1283 3317 virtute
1312 3276 1379 3317 cou-

104 3342 220 3406 innotas
243 3350 334 3424 poeta
356 3348 475 3425 laudat,
503 3347 613 3424 quibus
635 3346 819 3424 Arcesilam,
850 3347 900 3406 cui
922 3346 1063 3407 beneficio
1088 3347 1220 3407 Castoris
1244 3348 1274 3405 et
1296 3347 1380 3424 regia

102 3439 234 3507 potestas
263 3439 334 3512 post
362 3435 465 3496 civiles
495 3436 599 3495 turbas
629 3436 771 3496 restituta
800 3437 840 3495 sit
868 3439 899 3495 et
921 3437 1080 3514 magnilica
1103 3436 1229 3496 victoria
1252 3435 1380 3512 Pythice

105 3522 267 3602 obvenerit,
301 3546 380 3585 nunc
412 3546 480 3585 cum
512 3526 639 3585 maxime
673 3526 800 3585 eminere
837 3527 1030 3603 praedicatur
1062 3518 1188 3608 (1-22).
1239 3525 1379 3601 Inprimis

106 3611 282 3674 Carrhotum
306 3615 444 3693 aurigam
467 3635 522 3675 sua
544 3616 633 3674 laude
658 3616 825 3674 ornandum
848 3635 920 3694 esse,
945 3616 997 3692 qui
1020 3637 1055 3674 ex
1077 3635 1187 3693 magno
1211 3615 1380 3692 naufragio,

107 3721 162 3775 quo
194 3704 397 3783 qnadraginta
429 3725 534 3764 currus
566 3705 690 3781 Delphis
720 3709 907 3783 corruerant,
939 3705 1056 3783 integer
1083 3708 1113 3764 et
1135 3705 1232 3765 victor
1258 3705 1381 3763 domum

106 3792 224 3852 redierit
262 3785 406 3874 (as-53).
462 3793 574 3864 Quodsi
612 3794 769 3854 victoriam
806 3794 858 3853 ille
895 3815 948 3870 per
984 3795 1115 3854 laborem
1153 3793 1380 3870 comparaverit,

107 3879 135 3936 id
165 3901 183 3939 a
214 3883 304 3942 rebus
341 3883 439 3960 Batti,
476 3883 638 3943 conditoris
670 3883 754 3942 urbis
786 3882 986 3960 Cyrenarum,
1023 3904 1082 3943 non
1120 3882 1289 3959 abhorrere,
1328 3881 1379 3958 qui

108 3971 239 4043 quamvis
267 3973 419 4031 aerumnis
446 3993 506 4033 non
533 3973 676 4051 caruerit,
703 3977 804 4031 tamen
833 3973 950 4051 insigne
981 3974 1071 4033 decus
1101 3992 1172 4032 suae
1203 3971 1300 4050 gentis
1331 3991 1378 4029 ex-

109 4059 227 4138 stiterit,
261 4061 294 4120 in
323 4061 476 4121 condenda
505 4063 578 4122 urbe
610 4062 731 4121 numine
764 4063 915 4138 Apollinis
949 4062 1071 4122 adiutus
1106 4053 1258 4142 (54—69),
1294 4061 1379 4119 euius

110 4147 236 4209 eiusdem
265 4151 314 4208 dei
345 4151 466 4211 oraculo
497 4151 589 4211 etiam
618 4151 757 4211 Herculis
788 4153 843 4210 filii
876 4153 914 4211 ad
946 4152 1149 4228 occupandam
1182 4149 1378 4210 Lacedaemo-

109 4255 169 4297 nem
197 4239 345 4316 compulsi
374 4240 442 4302 sint.
488 4242 534 4299 Ex
563 4261 635 4319 agro
658 4241 894 4301 Lacedaemonio
925 4241 1054 4317 Aegidas
1090 4240 1219 4316 primum
1250 4239 1378 4299 Theram

109 4325 246 4407 insulam,
274 4329 380 4390 deinde
408 4329 440 4388 iu
463 4329 589 4406 Libyam
612 4330 740 4409 venisse,
764 4330 880 4390 Carnea
907 4349 992 4389 sacra
1020 4349 1055 4388 ex
1082 4329 1241 4405 metropoli
1269 4329 1299 4386 in
1330 4349 1381 4388 co:

110 4415 198 4477 lenias
227 4419 356 4478 ferentes
388 4411 538 4499 (ba-2803
571 4419 702 4496 Cyrenas
730 4421 833 4478 autem
861 4439 929 4480 cum
957 4423 1047 4478 antea
1074 4419 1276 4478 Antenoridae
1306 4419 1377 4477 Tro-

110 4503 164 4564 iani
193 4506 404 4586 obtinuissent,
428 4509 554 4568 Battum
578 4510 666 4585 quasi
695 4510 791 4568 denuo
822 4509 988 4569 condidisse
1016 4512 1047 4567 et
1073 4507 1229 4586 magnifice
1260 4508 1378 4567 auxisse

113 4585 247 4678 (ea-93).
294 4597 431 4674 Denique
454 4617 473 4656 a
496 4598 648 4658 conditore
671 4599 754 4657 urbis
778 4598 988 4674 veteribusque
1015 4598 1149 4676 regibuS,
1178 4617 1307 4674 quorum
1336 4617 1379 4656 se-

113 4687 208 4756 pulcra
230 4707 341 4763 pompa
367 4687 651 4762 praetervehebatur
676 4681 842 4768 (et-101),
869 4687 906 4747 ad
931 4687 1078 4746 Arcesilai
1104 4687 1233 4746 virbrtes
1262 4687 1379 4763 praedi-

114 4776 212 4834 candas
235 4780 326 4852 poeta
352 4775 430 4834 redit
458 4780 489 4835 et
513 4796 567 4852 pro
593 4776 657 4837 eius
682 4779 787 4836 futura
813 4779 911 4837 salute
936 4777 1122 4853 victoriaque
1147 4774 1304 4852 Olympica
1327 4777 1379 4853 pia

114 4867 176 4923 vota
196 4865 270 4924 facit
292 4855 473 4946 (lor—124).
