<?xml version="1.0" encoding="UTF-8"?>
<!DOCTYPE html PUBLIC "-//W3C//DTD XHTML 1.0 Transitional//EN"
    "http://www.w3.org/TR/xhtml1/DTD/xhtml1-transitional.dtd">
<html xmlns="http://www.w3.org/1999/xhtml" xml:lang="en" lang="en">
 <head>
  <title>
</title>
<meta http-equiv="Content-Type" content="text/html;charset=utf-8" />
  <meta name='ocr-system' content='tesseract 3.04.00' />
  <meta name='ocr-capabilities' content='ocr_page ocr_carea ocr_par ocr_line ocrx_word'/>
</head>
<body>
  <div class='ocr_page' id='page_1' title='image "./pindaricarminap01chrigoog_0156.png"; bbox 0 0 3417 5434; ppageno 0'>
   <div class='ocr_carea' id='block_1_1' title="bbox 828 308 1159 358">
    <p class='ocr_par' dir='ltr' id='par_1_1' title="bbox 828 308 1159 358">
     <span class='ocr_line' id='line_1_1' title="bbox 828 308 1159 358; baseline -0.003 0"><span class='ocrx_word' id='word_1_1' title='bbox 828 309 975 358; x_wconf 79' lang='lat' dir='ltr'>PlNDARI</span> <span class='ocrx_word' id='word_1_2' title='bbox 994 308 1159 358; x_wconf 80' lang='lat' dir='ltr'>EPINICIA.</span> 
     </span>
    </p>
   </div>
   <div class='ocr_carea' id='block_1_2' title="bbox 425 465 1543 1410">
    <p class='ocr_par' dir='ltr' id='par_1_2' title="bbox 512 465 1465 660">
     <span class='ocr_line' id='line_1_2' title="bbox 512 465 1465 558; baseline -0.003 -23"><span class='ocrx_word' id='word_1_3' title='bbox 512 469 672 558; x_wconf 78' lang='grc' dir='ltr'><strong><em>Ὀλυμπίᾳ</em></strong></span> <span class='ocrx_word' id='word_1_4' title='bbox 694 466 755 553; x_wconf 75' lang='grc' dir='ltr'>μὲν</span> <span class='ocrx_word' id='word_1_5' title='bbox 778 470 841 553; x_wconf 84' lang='grc' dir='ltr'><em>γὰρ</em></span> <span class='ocrx_word' id='word_1_6' title='bbox 865 469 965 545; x_wconf 87' lang='grc' dir='ltr'><em>αὐτὸς</em></span> <span class='ocrx_word' id='word_1_7' title='bbox 1315 466 1401 533; x_wconf 89' lang='grc' dir='ltr'><em>Ἀντ.</em></span> <span class='ocrx_word' id='word_1_8' title='bbox 1424 465 1465 549; x_wconf 81' lang='grc' dir='ltr'>γ’.</span> 
     </span>
     <span class='ocr_line' id='line_1_3' title="bbox 517 573 1445 660; baseline -0.004 -18"><span class='ocrx_word' id='word_1_9' title='bbox 517 577 614 660; x_wconf 88' lang='grc' dir='ltr'><em>γέρας</em></span> <span class='ocrx_word' id='word_1_10' title='bbox 637 578 763 659; x_wconf 80' lang='grc' dir='ltr'><em>ἔδεκτο,</em></span> <span class='ocrx_word' id='word_1_11' title='bbox 788 581 933 641; x_wconf 86' lang='grc' dir='ltr'><em>Πυθῶνι</em></span> <span class='ocrx_word' id='word_1_12' title='bbox 957 575 987 640; x_wconf 94' lang='grc' dir='ltr'><em>δ’</em></span> <span class='ocrx_word' id='word_1_13' title='bbox 1015 576 1201 660; x_wconf 78' lang='grc' dir='ltr'><strong><em>ὁμόκλαρον</em></strong></span> <span class='ocrx_word' id='word_1_14' title='bbox 1226 575 1258 651; x_wconf 86' lang='grc' dir='ltr'>ές</span> <span class='ocrx_word' id='word_1_15' title='bbox 1281 573 1445 659; x_wconf 87' lang='grc' dir='ltr'><em>ἀδελφεὸν</em></span> 
     </span>
    </p>

    <p class='ocr_par' dir='ltr' id='par_1_3' title="bbox 438 682 1543 769">
     <span class='ocr_line' id='line_1_4' title="bbox 438 682 1543 769; baseline -0.003 -22"><span class='ocrx_word' id='word_1_16' title='bbox 438 702 471 748; x_wconf 81' lang='lat'>55</span> <span class='ocrx_word' id='word_1_17' title='bbox 514 683 647 769; x_wconf 82' lang='grc' dir='ltr'><em>Ἰσθμοῖ</em></span> <span class='ocrx_word' id='word_1_18' title='bbox 668 708 701 748; x_wconf 84' lang='grc' dir='ltr'>τε</span> <span class='ocrx_word' id='word_1_19' title='bbox 725 682 835 748; x_wconf 80' lang='grc' dir='ltr'><em>κοιναὶ</em></span> <span class='ocrx_word' id='word_1_20' title='bbox 859 685 998 769; x_wconf 85' lang='grc' dir='ltr'><em>Χάριτες</em></span> <span class='ocrx_word' id='word_1_21' title='bbox 1020 684 1127 748; x_wconf 88' lang='grc' dir='ltr'><em>ἀνθεα</em></span> <span class='ocrx_word' id='word_1_22' title='bbox 1150 686 1285 767; x_wconf 83' lang='grc' dir='ltr'><em>τεθρία-</em></span> <span class='ocrx_word' id='word_1_23' title='bbox 1509 699 1543 744; x_wconf 85' lang='lat'>90</span> 
     </span>
    </p>

    <p class='ocr_par' dir='ltr' id='par_1_4' title="bbox 569 791 953 874">
     <span class='ocr_line' id='line_1_5' title="bbox 569 791 953 874; baseline -0.003 -19"><span class='ocrx_word' id='word_1_24' title='bbox 569 813 642 856; x_wconf 83' lang='grc' dir='ltr'>πων</span> <span class='ocrx_word' id='word_1_25' title='bbox 665 791 953 874; x_wconf 76' lang='grc' dir='ltr'><em>δυωδεκαδρόμων</em></span> 
     </span>
    </p>

    <p class='ocr_par' dir='ltr' id='par_1_5' title="bbox 425 893 1541 1302">
     <span class='ocr_line' id='line_1_6' title="bbox 425 893 1070 986; baseline 0.005 -29"><span class='ocrx_word' id='word_1_26' title='bbox 425 908 480 973; x_wconf 83' lang='lat'><strong>(51)</strong></span> <span class='ocrx_word' id='word_1_27' title='bbox 517 899 650 980; x_wconf 87' lang='grc' dir='ltr'><em>ἀγαγον.</em></span> <span class='ocrx_word' id='word_1_28' title='bbox 697 899 734 961; x_wconf 85' lang='grc' dir='ltr'>τὸ</span> <span class='ocrx_word' id='word_1_29' title='bbox 758 893 794 961; x_wconf 73' lang='grc' dir='ltr'>δέ</span> <span class='ocrx_word' id='word_1_30' title='bbox 817 910 930 981; x_wconf 81' lang='grc' dir='ltr'><strong><em>τυχεῖν</em></strong></span> <span class='ocrx_word' id='word_1_31' title='bbox 1063 975 1070 986; x_wconf 92' lang='lat'>.</span> 
     </span>
     <span class='ocr_line' id='line_1_7' title="bbox 514 1004 1541 1089; baseline -0.003 -21"><span class='ocrx_word' id='word_1_32' title='bbox 514 1005 719 1089; x_wconf 82' lang='grc' dir='ltr'><em>πειρώμενον</em></span> <span class='ocrx_word' id='word_1_33' title='bbox 742 1004 887 1086; x_wconf 81' lang='grc' dir='ltr'><em>ἀγωνίας</em></span> <span class='ocrx_word' id='word_1_34' title='bbox 910 1005 1071 1088; x_wconf 81' lang='grc' dir='ltr'><strong><em>παραλύει</em></strong></span> <span class='ocrx_word' id='word_1_35' title='bbox 1096 1005 1301 1087; x_wconf 79' lang='grc' dir='ltr'><em>δυσφρονᾶν.</em></span> <span class='ocrx_word' id='word_1_36' title='bbox 1509 1019 1541 1066; x_wconf 84' lang='lat'>95</span> 
     </span>
     <span class='ocr_line' id='line_1_8' title="bbox 516 1109 1226 1197; baseline -0.003 -21"><span class='ocrx_word' id='word_1_37' title='bbox 516 1112 533 1176; x_wconf 90' lang='grc' dir='ltr'>ὁ</span> <span class='ocrx_word' id='word_1_38' title='bbox 558 1113 624 1195; x_wconf 89' lang='grc' dir='ltr'>μάν</span> <span class='ocrx_word' id='word_1_39' title='bbox 647 1117 789 1186; x_wconf 83' lang='grc' dir='ltr'><em>πλοῦτος</em></span> <span class='ocrx_word' id='word_1_40' title='bbox 814 1111 945 1197; x_wconf 79' lang='grc' dir='ltr'><strong><em>ἀρεταῖς</em></strong></span> <span class='ocrx_word' id='word_1_41' title='bbox 968 1109 1226 1194; x_wconf 81' lang='grc' dir='ltr'>δεδαιδαλμένος</span> 
     </span>
     <span class='ocr_line' id='line_1_9' title="bbox 516 1215 927 1302; baseline -0.002 -19"><span class='ocrx_word' id='word_1_42' title='bbox 516 1218 609 1302; x_wconf 80' lang='grc' dir='ltr'><strong><em>φέρει</em></strong></span> <span class='ocrx_word' id='word_1_43' title='bbox 633 1231 701 1282; x_wconf 84' lang='grc' dir='ltr'>τῶν</span> <span class='ocrx_word' id='word_1_44' title='bbox 724 1242 757 1282; x_wconf 85' lang='grc' dir='ltr'>τε</span> <span class='ocrx_word' id='word_1_45' title='bbox 781 1215 927 1282; x_wconf 83' lang='grc' dir='ltr'><em>καὶτῶν</em></span> 
     </span>
    </p>

    <p class='ocr_par' dir='ltr' id='par_1_6' title="bbox 436 1321 1542 1410">
     <span class='ocr_line' id='line_1_10' title="bbox 436 1321 1542 1410; baseline -0.005 -20"><span class='ocrx_word' id='word_1_46' title='bbox 436 1343 469 1390; x_wconf 82' lang='lat' dir='ltr'>oo</span> <span class='ocrx_word' id='word_1_47' title='bbox 515 1329 646 1410; x_wconf 72' lang='grc' dir='ltr'><em>καιρόν,</em></span> <span class='ocrx_word' id='word_1_48' title='bbox 670 1329 813 1408; x_wconf 78' lang='grc' dir='ltr'><em>βαθεῖαν</em></span> <span class='ocrx_word' id='word_1_49' title='bbox 837 1323 969 1407; x_wconf 82' lang='grc' dir='ltr'><em>ὑπέχων</em></span> <span class='ocrx_word' id='word_1_50' title='bbox 991 1323 1155 1407; x_wconf 89' lang='grc' dir='ltr'><em>μέριμναν</em></span> <span class='ocrx_word' id='word_1_51' title='bbox 1177 1321 1376 1409; x_wconf 84' lang='grc' dir='ltr'><em>ἀγροτέραν,</em></span> <span class='ocrx_word' id='word_1_52' title='bbox 1496 1340 1542 1386; x_wconf 76' lang='lat' dir='ltr'>too</span> 
     </span>
    </p>
   </div>
   <div class='ocr_carea' id='block_1_3' title="bbox 426 1499 1541 2013">
    <p class='ocr_par' dir='ltr' id='par_1_7' title="bbox 426 1499 1541 2013">
     <span class='ocr_line' id='line_1_11' title="bbox 426 1499 1468 1588; baseline 0.002 -26"><span class='ocrx_word' id='word_1_53' title='bbox 426 1513 480 1578; x_wconf 82' lang='lat'>(55)</span> <span class='ocrx_word' id='word_1_54' title='bbox 518 1503 621 1588; x_wconf 78' lang='grc' dir='ltr'><em>ἀστὴρ</em></span> <span class='ocrx_word' id='word_1_55' title='bbox 646 1503 811 1587; x_wconf 79' lang='grc' dir='ltr'><em>ἀρίζηλος,</em></span> <span class='ocrx_word' id='word_1_56' title='bbox 836 1501 1044 1586; x_wconf 86' lang='grc' dir='ltr'><em>ε’τυμώτατον</em></span> <span class='ocrx_word' id='word_1_57' title='bbox 1332 1499 1400 1564; x_wconf 77' lang='grc' dir='ltr'>Ἐκ.</span> <span class='ocrx_word' id='word_1_58' title='bbox 1424 1500 1468 1582; x_wconf 85' lang='grc' dir='ltr'>γ’.</span> 
     </span>
     <span class='ocr_line' id='line_1_12' title="bbox 517 1607 833 1695; baseline -0.006 -21"><span class='ocrx_word' id='word_1_59' title='bbox 517 1608 616 1695; x_wconf 83' lang='grc' dir='ltr'><em>ἀνδρὶ</em></span> <span class='ocrx_word' id='word_1_60' title='bbox 639 1607 775 1693; x_wconf 79' lang='grc' dir='ltr'><em>φέγγος·</em></span> <span class='ocrx_word' id='word_1_61' title='bbox 800 1615 833 1672; x_wconf 77' lang='grc' dir='ltr'><em>εἴ</em></span> 
     </span>
     <span class='ocr_line' id='line_1_13' title="bbox 568 1709 1214 1800; baseline -0.003 -20"><span class='ocrx_word' id='word_1_62' title='bbox 568 1715 608 1799; x_wconf 91' lang='grc' dir='ltr'>γέ</span> <span class='ocrx_word' id='word_1_63' title='bbox 629 1740 684 1780; x_wconf 90' lang='grc' dir='ltr'>νιν</span> <span class='ocrx_word' id='word_1_64' title='bbox 708 1719 792 1800; x_wconf 84' lang='grc' dir='ltr'><em>ἔχων</em></span> <span class='ocrx_word' id='word_1_65' title='bbox 816 1738 866 1790; x_wconf 91' lang='grc' dir='ltr'>τις</span> <span class='ocrx_word' id='word_1_66' title='bbox 888 1709 996 1778; x_wconf 85' lang='grc' dir='ltr'><em>οἷ-δεν</em></span> <span class='ocrx_word' id='word_1_67' title='bbox 1019 1715 1056 1778; x_wconf 91' lang='grc' dir='ltr'>τὸ</span> <span class='ocrx_word' id='word_1_68' title='bbox 1079 1714 1214 1798; x_wconf 78' lang='grc' dir='ltr'>μέλλον,</span> 
     </span>
     <span class='ocr_line' id='line_1_14' title="bbox 516 1817 1075 1905; baseline -0.007 -16"><span class='ocrx_word' id='word_1_69' title='bbox 516 1825 566 1889; x_wconf 85' lang='grc' dir='ltr'>ὅτι</span> <span class='ocrx_word' id='word_1_70' title='bbox 589 1826 768 1887; x_wconf 78' lang='grc' dir='ltr'><em>θανόντων</em></span> <span class='ocrx_word' id='word_1_71' title='bbox 791 1818 851 1905; x_wconf 74' lang='grc' dir='ltr'>μέν</span> <span class='ocrx_word' id='word_1_72' title='bbox 876 1819 990 1886; x_wconf 83' lang='grc' dir='ltr'><em>ἐνθάδ’</em></span> <span class='ocrx_word' id='word_1_73' title='bbox 1018 1817 1075 1885; x_wconf 86' lang='grc' dir='ltr'>αὖ-</span> 
     </span>
     <span class='ocr_line' id='line_1_15' title="bbox 569 1926 1541 2013; baseline -0.002 -20"><span class='ocrx_word' id='word_1_74' title='bbox 569 1955 618 2006; x_wconf 83' lang='grc' dir='ltr'>τις</span> <span class='ocrx_word' id='word_1_75' title='bbox 642 1929 829 2013; x_wconf 76' lang='grc' dir='ltr'><em>ἀπάλαμνοι</em></span> <span class='ocrx_word' id='word_1_76' title='bbox 848 1926 969 2012; x_wconf 86' lang='grc' dir='ltr'><em>φρένες</em></span> <span class='ocrx_word' id='word_1_77' title='bbox 1495 1945 1541 1991; x_wconf 82' lang='grc' dir='ltr'>1(ιό</span> 
     </span>
    </p>
   </div>
   <div class='ocr_carea' id='block_1_4' title="bbox 354 2119 1667 2464">
    <p class='ocr_par' dir='ltr' id='par_1_8' title="bbox 354 2119 1667 2464">
     <span class='ocr_line' id='line_1_16' title="bbox 426 2119 1667 2193; baseline -0.002 -18"><span class='ocrx_word' id='word_1_78' title='bbox 426 2128 467 2178; x_wconf 83' lang='lat'>55.</span> <span class='ocrx_word' id='word_1_79' title='bbox 484 2121 606 2176; x_wconf 81' lang='grc' dir='ltr'><em>δυόδεκα</em></span> <span class='ocrx_word' id='word_1_80' title='bbox 622 2121 732 2193; x_wconf 87' lang='grc' dir='ltr'><em>δρόμων</em></span> <span class='ocrx_word' id='word_1_81' title='bbox 748 2122 775 2175; x_wconf 90' lang='grc' dir='ltr'><strong><em>Β</em></strong></span> <span class='ocrx_word' id='word_1_82' title='bbox 790 2153 822 2160; x_wconf 86' lang='grc'>-</span> <span class='ocrx_word' id='word_1_83' title='bbox 839 2126 880 2174; x_wconf 79' lang='lat' dir='ltr'>tv.</span> <span class='ocrx_word' id='word_1_84' title='bbox 900 2124 1001 2189; x_wconf 82' lang='grc' dir='ltr'><em>παραλ.</em></span> <span class='ocrx_word' id='word_1_85' title='bbox 1018 2123 1118 2189; x_wconf 88' lang='grc' dir='ltr'><em>δυσφρ,</em></span> <span class='ocrx_word' id='word_1_86' title='bbox 1133 2120 1230 2175; x_wconf 79' lang='lat' dir='ltr'>Trichr</span> <span class='ocrx_word' id='word_1_87' title='bbox 1245 2122 1346 2190; x_wconf 90' lang='grc' dir='ltr'><em>δυσφρ.</em></span> <span class='ocrx_word' id='word_1_88' title='bbox 1362 2125 1465 2188; x_wconf 83' lang='grc' dir='ltr'><em>καραλ.</em></span> <span class='ocrx_word' id='word_1_89' title='bbox 1481 2119 1620 2174; x_wconf 84' lang='lat' dir='ltr'><em>ABCDE</em></span> <span class='ocrx_word' id='word_1_90' title='bbox 1666 2144 1667 2179; x_wconf 70' lang='lat'><em>3</em></span> 
     </span>
     <span class='ocr_line' id='line_1_17' title="bbox 355 2190 1667 2264; baseline -0.004 -16"><span class='ocrx_word' id='word_1_91' title='bbox 355 2227 388 2233; x_wconf 95' lang='lat'><em>-</em></span> <span class='ocrx_word' id='word_1_92' title='bbox 408 2197 571 2264; x_wconf 85' lang='grc' dir='ltr'><em>δυσφρονᾶν</em></span> <span class='ocrx_word' id='word_1_93' title='bbox 586 2193 656 2248; x_wconf 88' lang='lat' dir='ltr'>coni.</span> <span class='ocrx_word' id='word_1_94' title='bbox 673 2193 794 2246; x_wconf 84' lang='lat' dir='ltr'>Dindors</span> <span class='ocrx_word' id='word_1_95' title='bbox 801 2217 807 2247; x_wconf 93' lang='lat'>:</span> <span class='ocrx_word' id='word_1_96' title='bbox 823 2193 1024 2259; x_wconf 82' lang='grc' dir='ltr'><em>δυσφροσύναν</em></span> <span class='ocrx_word' id='word_1_97' title='bbox 1034 2192 1164 2257; x_wconf 70' lang='grc' dir='ltr'><em>ΑΒΜ),</em></span> <span class='ocrx_word' id='word_1_98' title='bbox 1184 2190 1352 2260; x_wconf 87' lang='grc' dir='ltr'><em>δυσφρόνων</em></span> <span class='ocrx_word' id='word_1_99' title='bbox 1361 2191 1456 2261; x_wconf 76' lang='grc' dir='ltr'><em>ΤτὶυΙ.,</em></span> <span class='ocrx_word' id='word_1_100' title='bbox 1470 2193 1618 2260; x_wconf 79' lang='grc' dir='ltr'><em>ἀφροσυνᾶν</em></span> <span class='ocrx_word' id='word_1_101' title='bbox 1666 2196 1667 2243; x_wconf 73' lang='lat' dir='ltr'>i</span> 
     </span>
     <span class='ocr_line' id='line_1_18' title="bbox 355 2258 1667 2332; baseline -0.005 -14"><span class='ocrx_word' id='word_1_102' title='bbox 355 2265 440 2320; x_wconf 92' lang='lat' dir='ltr'>schol.</span> <span class='ocrx_word' id='word_1_103' title='bbox 461 2297 494 2305; x_wconf 88' lang='lat'><em>-</em></span> <span class='ocrx_word' id='word_1_104' title='bbox 514 2269 555 2319; x_wconf 82' lang='lat'>58.</span> <span class='ocrx_word' id='word_1_105' title='bbox 576 2265 762 2332; x_wconf 85' lang='grc' dir='ltr'><em>δαιδαλμένος</em></span> <span class='ocrx_word' id='word_1_106' title='bbox 776 2264 805 2317; x_wconf 88' lang='lat' dir='ltr'><em>D</em></span> <span class='ocrx_word' id='word_1_107' title='bbox 823 2296 857 2303; x_wconf 92' lang='lat'>-</span> <span class='ocrx_word' id='word_1_108' title='bbox 878 2269 919 2318; x_wconf 83' lang='lat'>59.</span> <span class='ocrx_word' id='word_1_109' title='bbox 939 2282 980 2318; x_wconf 77' lang='lat' dir='ltr'>re:</span> <span class='ocrx_word' id='word_1_110' title='bbox 1002 2266 1033 2316; x_wconf 83' lang='grc' dir='ltr'>δε</span> <span class='ocrx_word' id='word_1_111' title='bbox 1049 2266 1076 2317; x_wconf 83' lang='lat' dir='ltr'><strong><em>A</em></strong></span> <span class='ocrx_word' id='word_1_112' title='bbox 1095 2296 1129 2303; x_wconf 92' lang='lat'>-</span> <span class='ocrx_word' id='word_1_113' title='bbox 1149 2269 1191 2318; x_wconf 80' lang='lat'>62.</span> <span class='ocrx_word' id='word_1_114' title='bbox 1212 2263 1286 2332; x_wconf 78' lang='grc' dir='ltr'><em>εἴγε</em></span> <span class='ocrx_word' id='word_1_115' title='bbox 1304 2263 1432 2331; x_wconf 80' lang='lat' dir='ltr'>Boeckh3</span> <span class='ocrx_word' id='word_1_116' title='bbox 1452 2265 1477 2317; x_wconf 84' lang='grc' dir='ltr'><em>ελ</em></span> <span class='ocrx_word' id='word_1_117' title='bbox 1494 2263 1522 2317; x_wconf 79' lang='grc' dir='ltr'><em>δὲ</em></span> <span class='ocrx_word' id='word_1_118' title='bbox 1540 2261 1617 2325; x_wconf 86' lang='lat' dir='ltr'>codd,</span> <span class='ocrx_word' id='word_1_119' title='bbox 1666 2258 1667 2325; x_wconf 69' lang='lat' dir='ltr'>j</span> 
     </span>
     <span class='ocr_line' id='line_1_19' title="bbox 355 2331 1667 2406; baseline -0.004 -17"><span class='ocrx_word' id='word_1_120' title='bbox 355 2333 417 2390; x_wconf 74' lang='grc' dir='ltr'><em>εὖτε</em></span> <span class='ocrx_word' id='word_1_121' title='bbox 437 2337 588 2404; x_wconf 75' lang='lat' dir='ltr'>Hermann,</span> <span class='ocrx_word' id='word_1_122' title='bbox 609 2335 638 2391; x_wconf 76' lang='grc' dir='ltr'><em>εὖ</em></span> <span class='ocrx_word' id='word_1_123' title='bbox 658 2338 689 2390; x_wconf 85' lang='grc' dir='ltr'>δέ</span> <span class='ocrx_word' id='word_1_124' title='bbox 709 2357 754 2390; x_wconf 90' lang='grc' dir='ltr'>νιν</span> <span class='ocrx_word' id='word_1_125' title='bbox 774 2334 845 2406; x_wconf 73' lang='grc' dir='ltr'><em>έχων</em></span> <span class='ocrx_word' id='word_1_126' title='bbox 863 2356 905 2397; x_wconf 87' lang='grc' dir='ltr'>τις</span> <span class='ocrx_word' id='word_1_127' title='bbox 920 2335 990 2389; x_wconf 83' lang='grc' dir='ltr'><em>οἴσει</em></span> <span class='ocrx_word' id='word_1_128' title='bbox 1004 2335 1174 2388; x_wconf 77' lang='lat' dir='ltr'>Hervverden</span> <span class='ocrx_word' id='word_1_129' title='bbox 1194 2367 1227 2373; x_wconf 88' lang='lat'>-</span> <span class='ocrx_word' id='word_1_130' title='bbox 1247 2341 1289 2388; x_wconf 83' lang='grc'>63.</span> <span class='ocrx_word' id='word_1_131' title='bbox 1309 2331 1389 2397; x_wconf 79' lang='grc' dir='ltr'><em>αὖτις</em></span> <span class='ocrx_word' id='word_1_132' title='bbox 1403 2335 1473 2389; x_wconf 91' lang='lat' dir='ltr'>coni.</span> <span class='ocrx_word' id='word_1_133' title='bbox 1488 2334 1618 2387; x_wconf 80' lang='lat' dir='ltr'>Rauchen-</span> <span class='ocrx_word' id='word_1_134' title='bbox 1666 2336 1667 2367; x_wconf 69' lang='lat'><em>³</em></span> 
     </span>
     <span class='ocr_line' id='line_1_20' title="bbox 354 2405 1667 2464; baseline -0.003 -4"><span class='ocrx_word' id='word_1_135' title='bbox 354 2408 439 2462; x_wconf 86' lang='lat' dir='ltr'>stein:</span> <span class='ocrx_word' id='word_1_136' title='bbox 459 2405 553 2462; x_wconf 75' lang='grc' dir='ltr'><em>αὐτίκ’</em></span> <span class='ocrx_word' id='word_1_137' title='bbox 575 2409 654 2464; x_wconf 84' lang='lat' dir='ltr'>codd.</span> <span class='ocrx_word' id='word_1_138' title='bbox 676 2411 705 2462; x_wconf 87' lang='lat' dir='ltr'>et</span> <span class='ocrx_word' id='word_1_139' title='bbox 724 2405 810 2461; x_wconf 87' lang='lat' dir='ltr'>schol.</span> <span class='ocrx_word' id='word_1_140' title='bbox 832 2439 864 2444; x_wconf 91' lang='lat'>—-</span> <span class='ocrx_word' id='word_1_141' title='bbox 1666 2426 1667 2431; x_wconf 48' lang='lat'>¹</span> 
     </span>
    </p>
   </div>
   <div class='ocr_carea' id='block_1_5' title="bbox 353 2532 1667 4830">
    <p class='ocr_par' dir='ltr' id='par_1_9' title="bbox 354 2532 1667 3260">
     <span class='ocr_line' id='line_1_21' title="bbox 429 2532 1667 2619; baseline -0.003 -17"><span class='ocrx_word' id='word_1_142' title='bbox 429 2555 471 2606; x_wconf 78' lang='lat'>54.</span> <span class='ocrx_word' id='word_1_143' title='bbox 491 2550 617 2604; x_wconf 87' lang='lat' dir='ltr'>victoriis</span> <span class='ocrx_word' id='word_1_144' title='bbox 636 2550 771 2619; x_wconf 73' lang='lat' dir='ltr'>Pythicae</span> <span class='ocrx_word' id='word_1_145' title='bbox 786 2551 816 2604; x_wconf 91' lang='lat' dir='ltr'>et</span> <span class='ocrx_word' id='word_1_146' title='bbox 829 2548 989 2616; x_wconf 86' lang='lat' dir='ltr'>Isthmieae‚</span> <span class='ocrx_word' id='word_1_147' title='bbox 1008 2565 1126 2616; x_wconf 87' lang='lat' dir='ltr'>quarum</span> <span class='ocrx_word' id='word_1_148' title='bbox 1145 2549 1262 2601; x_wconf 84' lang='lat' dir='ltr'>fratrem</span> <span class='ocrx_word' id='word_1_149' title='bbox 1275 2548 1462 2601; x_wconf 77' lang='lat' dir='ltr'><strong>Xenocratem</strong></span> <span class='ocrx_word' id='word_1_150' title='bbox 1479 2551 1618 2601; x_wconf 74' lang='lat' dir='ltr'>consortem</span> <span class='ocrx_word' id='word_1_151' title='bbox 1666 2532 1667 2567; x_wconf 55' lang='lat' dir='ltr'>ss</span> 
     </span>
     <span class='ocr_line' id='line_1_22' title="bbox 354 2606 1667 2690; baseline -0.004 -17"><span class='ocrx_word' id='word_1_152' title='bbox 354 2620 445 2675; x_wconf 87' lang='lat' dir='ltr'>Thero</span> <span class='ocrx_word' id='word_1_153' title='bbox 460 2621 569 2690; x_wconf 92' lang='lat' dir='ltr'>habuit,</span> <span class='ocrx_word' id='word_1_154' title='bbox 585 2621 710 2675; x_wconf 89' lang='lat' dir='ltr'>carmina</span> <span class='ocrx_word' id='word_1_155' title='bbox 725 2621 754 2675; x_wconf 90' lang='lat' dir='ltr'>P.</span> <span class='ocrx_word' id='word_1_156' title='bbox 765 2641 793 2676; x_wconf 89' lang='lat' dir='ltr'>vr</span> <span class='ocrx_word' id='word_1_157' title='bbox 807 2623 836 2674; x_wconf 89' lang='lat' dir='ltr'>et</span> <span class='ocrx_word' id='word_1_158' title='bbox 850 2621 869 2673; x_wconf 88' lang='lat'>1.</span> <span class='ocrx_word' id='word_1_159' title='bbox 881 2639 900 2671; x_wconf 83' lang='grc' dir='ltr'>ιι</span> <span class='ocrx_word' id='word_1_160' title='bbox 916 2623 1080 2674; x_wconf 83' lang='lat' dir='ltr'>consecrate</span> <span class='ocrx_word' id='word_1_161' title='bbox 1094 2621 1160 2672; x_wconf 90' lang='lat' dir='ltr'>sunt</span> <span class='ocrx_word' id='word_1_162' title='bbox 1175 2651 1207 2658; x_wconf 82' lang='lat'><em>-</em></span> <span class='ocrx_word' id='word_1_163' title='bbox 1223 2624 1266 2674; x_wconf 80' lang='lat'>55.</span> <span class='ocrx_word' id='word_1_164' title='bbox 1285 2616 1520 2688; x_wconf 65' lang='grc' dir='ltr'><em>δυωδεκαδρόμων</em></span> <span class='ocrx_word' id='word_1_165' title='bbox 1534 2616 1617 2672; x_wconf 80' lang='lat' dir='ltr'>schot:</span> <span class='ocrx_word' id='word_1_166' title='bbox 1666 2606 1667 2673; x_wconf 73' lang='lat' dir='ltr'>i</span> 
     </span>
     <span class='ocr_line' id='line_1_23' title="bbox 355 2689 1667 2762; baseline -0.005 -17"><span class='ocrx_word' id='word_1_167' title='bbox 355 2691 397 2746; x_wconf 85' lang='grc' dir='ltr'>δτι</span> <span class='ocrx_word' id='word_1_168' title='bbox 411 2695 522 2747; x_wconf 83' lang='grc' dir='ltr'><em>δώδεκα</em></span> <span class='ocrx_word' id='word_1_169' title='bbox 538 2691 657 2762; x_wconf 89' lang='grc' dir='ltr'><em>δρόμους</em></span> <span class='ocrx_word' id='word_1_170' title='bbox 673 2693 783 2762; x_wconf 77' lang='grc' dir='ltr'><em>ἔτρεχον</em></span> <span class='ocrx_word' id='word_1_171' title='bbox 797 2696 832 2746; x_wconf 88' lang='grc' dir='ltr'><em>τά</em></span> <span class='ocrx_word' id='word_1_172' title='bbox 846 2690 938 2745; x_wconf 85' lang='grc' dir='ltr'><em>τέλεια</em></span> <span class='ocrx_word' id='word_1_173' title='bbox 953 2690 1073 2761; x_wconf 80' lang='grc' dir='ltr'><em>ἅρματα,</em></span> <span class='ocrx_word' id='word_1_174' title='bbox 1086 2689 1211 2745; x_wconf 85' lang='grc' dir='ltr'><em>τουτέστι</em></span> <span class='ocrx_word' id='word_1_175' title='bbox 1225 2690 1265 2762; x_wconf 83' lang='grc' dir='ltr'>ιβ’</span> <span class='ocrx_word' id='word_1_176' title='bbox 1281 2699 1458 2759; x_wconf 77' lang='grc' dir='ltr'><em>καμπτῆρας·</em></span> <span class='ocrx_word' id='word_1_177' title='bbox 1473 2690 1508 2744; x_wconf 81' lang='lat' dir='ltr'>cf.</span> <span class='ocrx_word' id='word_1_178' title='bbox 1519 2690 1547 2744; x_wconf 92' lang='grc'>0,</span> <span class='ocrx_word' id='word_1_179' title='bbox 1556 2705 1617 2740; x_wconf 72' lang='lat' dir='ltr'>ruas.</span> <span class='ocrx_word' id='word_1_180' title='bbox 1666 2700 1667 2755; x_wconf 64' lang='grc' dir='ltr'><em>γ</em></span> 
     </span>
     <span class='ocr_line' id='line_1_24' title="bbox 355 2760 1667 2834; baseline -0.005 -17"><span class='ocrx_word' id='word_1_181' title='bbox 355 2783 382 2816; x_wconf 85' lang='lat' dir='ltr'>vr</span> <span class='ocrx_word' id='word_1_182' title='bbox 401 2764 476 2817; x_wconf 79' lang='lat' dir='ltr'>vaP</span> <span class='ocrx_word' id='word_1_183' title='bbox 504 2783 521 2816; x_wconf 87' lang='lat' dir='ltr'>v</span> <span class='ocrx_word' id='word_1_184' title='bbox 541 2781 578 2830; x_wconf 69' lang='lat' dir='ltr'>sc,</span> <span class='ocrx_word' id='word_1_185' title='bbox 604 2766 638 2817; x_wconf 86' lang='lat' dir='ltr'>de</span> <span class='ocrx_word' id='word_1_186' title='bbox 658 2764 791 2834; x_wconf 82' lang='lat' dir='ltr'>ambigua</span> <span class='ocrx_word' id='word_1_187' title='bbox 811 2763 985 2831; x_wconf 73' lang='lat' dir='ltr'>quaestione,</span> <span class='ocrx_word' id='word_1_188' title='bbox 1004 2765 1098 2815; x_wconf 89' lang='lat' dir='ltr'>utrum</span> <span class='ocrx_word' id='word_1_189' title='bbox 1117 2761 1265 2816; x_wconf 78' lang='lat' dir='ltr'>duodecim</span> <span class='ocrx_word' id='word_1_190' title='bbox 1285 2761 1423 2814; x_wconf 86' lang='lat' dir='ltr'>curricula</span> <span class='ocrx_word' id='word_1_191' title='bbox 1442 2760 1619 2831; x_wconf 77' lang='lat' dir='ltr'>simpliciam</span> <span class='ocrx_word' id='word_1_192' title='bbox 1666 2762 1667 2825; x_wconf 59' lang='grc' dir='ltr'><em>γ</em></span> 
     </span>
     <span class='ocr_line' id='line_1_25' title="bbox 356 2830 1667 2900; baseline -0.005 -14"><span class='ocrx_word' id='word_1_193' title='bbox 356 2835 393 2886; x_wconf 93' lang='lat' dir='ltr'>du</span> <span class='ocrx_word' id='word_1_194' title='bbox 414 2834 443 2888; x_wconf 90' lang='lat' dir='ltr'>la</span> <span class='ocrx_word' id='word_1_195' title='bbox 476 2835 593 2900; x_wconf 83' lang='lat' dir='ltr'>firerint,</span> <span class='ocrx_word' id='word_1_196' title='bbox 617 2835 662 2888; x_wconf 88' lang='lat' dir='ltr'>vel</span> <span class='ocrx_word' id='word_1_197' title='bbox 685 2839 778 2888; x_wconf 89' lang='lat' dir='ltr'>utrum</span> <span class='ocrx_word' id='word_1_198' title='bbox 802 2834 953 2887; x_wconf 75' lang='lat' dir='ltr'>duodecies</span> <span class='ocrx_word' id='word_1_199' title='bbox 977 2851 1013 2887; x_wconf 87' lang='lat' dir='ltr'>an</span> <span class='ocrx_word' id='word_1_200' title='bbox 1041 2833 1130 2886; x_wconf 80' lang='lat' dir='ltr'>sexies</span> <span class='ocrx_word' id='word_1_201' title='bbox 1155 2834 1230 2886; x_wconf 87' lang='lat' dir='ltr'>circa</span> <span class='ocrx_word' id='word_1_202' title='bbox 1248 2834 1353 2887; x_wconf 84' lang='lat' dir='ltr'>metam</span> <span class='ocrx_word' id='word_1_203' title='bbox 1372 2833 1549 2899; x_wconf 79' lang='lat' dir='ltr'>cucurrerint,</span> <span class='ocrx_word' id='word_1_204' title='bbox 1565 2830 1618 2883; x_wconf 85' lang='lat' dir='ltr'>vide</span> <span class='ocrx_word' id='word_1_205' title='bbox 1666 2840 1667 2895; x_wconf 59' lang='grc' dir='ltr'><em>γ</em></span> 
     </span>
     <span class='ocr_line' id='line_1_26' title="bbox 357 2853 1667 2976; baseline -0.006 -18"><span class='ocrx_word' id='word_1_206' title='bbox 357 2853 486 2974; x_wconf 72' lang='grc' dir='ltr'><em>Ρολλοολτ,</em></span> <span class='ocrx_word' id='word_1_207' title='bbox 511 2905 744 2976; x_wconf 89' lang='lat' dir='ltr'>Hippodromica,</span> <span class='ocrx_word' id='word_1_208' title='bbox 768 2905 842 2974; x_wconf 86' lang='lat' dir='ltr'>Lips.</span> <span class='ocrx_word' id='word_1_209' title='bbox 864 2909 933 2958; x_wconf 86' lang='grc'><strong>1890</strong></span> <span class='ocrx_word' id='word_1_210' title='bbox 951 2924 978 2975; x_wconf 90' lang='lat' dir='ltr'>p.</span> <span class='ocrx_word' id='word_1_211' title='bbox 999 2922 1037 2959; x_wconf 77' lang='lat' dir='ltr'>ros</span> <span class='ocrx_word' id='word_1_212' title='bbox 1062 2937 1094 2944; x_wconf 94' lang='lat'><em>-</em></span> <span class='ocrx_word' id='word_1_213' title='bbox 1118 2911 1161 2959; x_wconf 78' lang='lat'>57.</span> <span class='ocrx_word' id='word_1_214' title='bbox 1182 2908 1358 2974; x_wconf 80' lang='grc' dir='ltr'><em>δυσφρονᾶν,</em></span> <span class='ocrx_word' id='word_1_215' title='bbox 1382 2905 1460 2972; x_wconf 89' lang='lat' dir='ltr'>quod</span> <span class='ocrx_word' id='word_1_216' title='bbox 1478 2901 1618 2956; x_wconf 83' lang='lat' dir='ltr'>Dindorius</span> <span class='ocrx_word' id='word_1_217' title='bbox 1666 2912 1667 2971; x_wconf 53' lang='grc' dir='ltr'><em>ι</em></span> 
     </span>
     <span class='ocr_line' id='line_1_27' title="bbox 355 2974 1667 3047; baseline -0.004 -17"><span class='ocrx_word' id='word_1_218' title='bbox 355 2977 488 3046; x_wconf 82' lang='lat' dir='ltr'>restituit,</span> <span class='ocrx_word' id='word_1_219' title='bbox 508 2977 546 3030; x_wconf 87' lang='lat' dir='ltr'>ad</span> <span class='ocrx_word' id='word_1_220' title='bbox 565 2977 726 3047; x_wconf 78' lang='lat' dir='ltr'>analogiam</span> <span class='ocrx_word' id='word_1_221' title='bbox 745 2976 945 3031; x_wconf 86' lang='lat' dir='ltr'>vocabulorum</span> <span class='ocrx_word' id='word_1_222' title='bbox 965 2974 1103 3044; x_wconf 77' lang='grc' dir='ltr'><em>εὐφρόνη,</em></span> <span class='ocrx_word' id='word_1_223' title='bbox 1123 2975 1282 3045; x_wconf 85' lang='grc' dir='ltr'><em>δυσφρόνη,</em></span> <span class='ocrx_word' id='word_1_224' title='bbox 1300 2974 1413 3045; x_wconf 83' lang='grc' dir='ltr'><em>ἀφρόνη</em></span> <span class='ocrx_word' id='word_1_225' title='bbox 1428 2975 1573 3028; x_wconf 87' lang='lat' dir='ltr'>formatum</span> <span class='ocrx_word' id='word_1_226' title='bbox 1585 2974 1619 3024; x_wconf 86' lang='lat' dir='ltr'>est</span> <span class='ocrx_word' id='word_1_227' title='bbox 1666 3010 1667 3025; x_wconf 45' lang='grc' dir='ltr'><em>ι</em></span> 
     </span>
     <span class='ocr_line' id='line_1_28' title="bbox 355 3043 1667 3118; baseline 0.002 -17"><span class='ocrx_word' id='word_1_228' title='bbox 355 3080 388 3087; x_wconf 93' lang='grc'><strong>-</strong></span> <span class='ocrx_word' id='word_1_229' title='bbox 412 3053 454 3102; x_wconf 86' lang='grc'>60.</span> <span class='ocrx_word' id='word_1_230' title='bbox 484 3046 651 3118; x_wconf 87' lang='grc' dir='ltr'><em>ἀγροτέραν·</em></span> <span class='ocrx_word' id='word_1_231' title='bbox 680 3048 853 3117; x_wconf 77' lang='grc' dir='ltr'><em>θηρευτικὴν</em></span> <span class='ocrx_word' id='word_1_232' title='bbox 882 3047 990 3101; x_wconf 85' lang='lat' dir='ltr'>scholia</span> <span class='ocrx_word' id='word_1_233' title='bbox 1018 3048 1250 3117; x_wconf 85' lang='lat' dir='ltr'>interpretantur,</span> <span class='ocrx_word' id='word_1_234' title='bbox 1276 3050 1306 3100; x_wconf 89' lang='lat' dir='ltr'>et</span> <span class='ocrx_word' id='word_1_235' title='bbox 1327 3046 1463 3115; x_wconf 74' lang='lat' dir='ltr'>analogia</span> <span class='ocrx_word' id='word_1_236' title='bbox 1484 3043 1618 3114; x_wconf 74' lang='grc' dir='ltr'><em>Ἀρτέμιδος</em></span> <span class='ocrx_word' id='word_1_237' title='bbox 1666 3046 1667 3073; x_wconf 60' lang='lat'>³</span> 
     </span>
     <span class='ocr_line' id='line_1_29' title="bbox 356 3116 1667 3188; baseline -0.005 -16"><span class='ocrx_word' id='word_1_238' title='bbox 356 3118 509 3188; x_wconf 85' lang='grc' dir='ltr'><em>ἀγροτέρας</em></span> <span class='ocrx_word' id='word_1_239' title='bbox 528 3119 694 3188; x_wconf 82' lang='lat' dir='ltr'>interpretes</span> <span class='ocrx_word' id='word_1_240' title='bbox 710 3120 889 3186; x_wconf 70' lang='lat' dir='ltr'>confirmant,</span> <span class='ocrx_word' id='word_1_241' title='bbox 908 3117 972 3171; x_wconf 83' lang='lat' dir='ltr'>aliis</span> <span class='ocrx_word' id='word_1_242' title='bbox 987 3118 1065 3187; x_wconf 87' lang='lat' dir='ltr'>locis,</span> <span class='ocrx_word' id='word_1_243' title='bbox 1084 3122 1117 3171; x_wconf 92' lang='lat' dir='ltr'>ut</span> <span class='ocrx_word' id='word_1_244' title='bbox 1134 3118 1163 3172; x_wconf 91' lang='lat' dir='ltr'>P.</span> <span class='ocrx_word' id='word_1_245' title='bbox 1178 3137 1210 3170; x_wconf 89' lang='lat' dir='ltr'>nr</span> <span class='ocrx_word' id='word_1_246' title='bbox 1224 3136 1244 3172; x_wconf 85' lang='grc' dir='ltr'>ι.</span> <span class='ocrx_word' id='word_1_247' title='bbox 1264 3118 1299 3174; x_wconf 90' lang='lat' dir='ltr'>N.</span> <span class='ocrx_word' id='word_1_248' title='bbox 1314 3137 1345 3172; x_wconf 87' lang='lat'>111</span> <span class='ocrx_word' id='word_1_249' title='bbox 1359 3135 1394 3187; x_wconf 80' lang='grc' dir='ltr'><em>ιε,</em></span> <span class='ocrx_word' id='word_1_250' title='bbox 1413 3117 1532 3171; x_wconf 82' lang='lat' dir='ltr'>fortasse</span> <span class='ocrx_word' id='word_1_251' title='bbox 1544 3116 1617 3170; x_wconf 82' lang='lat' dir='ltr'>etiam</span> <span class='ocrx_word' id='word_1_252' title='bbox 1666 3132 1667 3179; x_wconf 62' lang='grc' dir='ltr'><em>γ</em></span> 
     </span>
     <span class='ocr_line' id='line_1_30' title="bbox 358 3189 1667 3260; baseline 0 -17"><span class='ocrx_word' id='word_1_253' title='bbox 358 3190 387 3243; x_wconf 92' lang='grc' dir='ltr'>Ρ.</span> <span class='ocrx_word' id='word_1_254' title='bbox 409 3209 436 3242; x_wconf 85' lang='lat' dir='ltr'>rx</span> <span class='ocrx_word' id='word_1_255' title='bbox 456 3209 467 3243; x_wconf 83' lang='lat' dir='ltr'>s</span> <span class='ocrx_word' id='word_1_256' title='bbox 487 3189 613 3260; x_wconf 83' lang='lat' dir='ltr'>vulgaris</span> <span class='ocrx_word' id='word_1_257' title='bbox 634 3190 803 3260; x_wconf 85' lang='lat' dir='ltr'>significatio</span> <span class='ocrx_word' id='word_1_258' title='bbox 823 3191 920 3258; x_wconf 65' lang='lat' dir='ltr'>‘ferae</span> <span class='ocrx_word' id='word_1_259' title='bbox 940 3208 957 3243; x_wconf 87' lang='lat' dir='ltr'>a</span> <span class='ocrx_word' id='word_1_260' title='bbox 991 3189 1071 3243; x_wconf 87' lang='lat' dir='ltr'>estis’</span> <span class='ocrx_word' id='word_1_261' title='bbox 1091 3189 1157 3244; x_wconf 91' lang='lat' dir='ltr'>huic</span> <span class='ocrx_word' id='word_1_262' title='bbox 1175 3189 1282 3242; x_wconf 89' lang='lat' dir='ltr'>nomini</span> <span class='ocrx_word' id='word_1_263' title='bbox 1302 3194 1352 3244; x_wconf 88' lang='lat' dir='ltr'>est.</span> <span class='ocrx_word' id='word_1_264' title='bbox 1666 3200 1667 3209; x_wconf 62' lang='lat'>¹</span> 
     </span>
    </p>

    <p class='ocr_par' dir='ltr' id='par_1_10' title="bbox 353 3256 1667 4830">
     <span class='ocr_line' id='line_1_31' title="bbox 429 3256 1667 3332; baseline -0.002 -18"><span class='ocrx_word' id='word_1_265' title='bbox 429 3267 470 3316; x_wconf 78' lang='lat'>62.</span> <span class='ocrx_word' id='word_1_266' title='bbox 496 3261 632 3316; x_wconf 87' lang='lat' dir='ltr'>Theronis</span> <span class='ocrx_word' id='word_1_267' title='bbox 655 3261 776 3331; x_wconf 88' lang='lat' dir='ltr'>epinieio</span> <span class='ocrx_word' id='word_1_268' title='bbox 800 3261 945 3332; x_wconf 75' lang='lat' dir='ltr'>aptissime</span> <span class='ocrx_word' id='word_1_269' title='bbox 990 3261 1104 3314; x_wconf 87' lang='lat' dir='ltr'>indarus</span> <span class='ocrx_word' id='word_1_270' title='bbox 1132 3261 1232 3314; x_wconf 89' lang='lat' dir='ltr'>inserit</span> <span class='ocrx_word' id='word_1_271' title='bbox 1262 3260 1370 3331; x_wconf 84' lang='lat' dir='ltr'>placita</span> <span class='ocrx_word' id='word_1_272' title='bbox 1391 3260 1569 3330; x_wconf 84' lang='lat' dir='ltr'>Orphicorunr</span> <span class='ocrx_word' id='word_1_273' title='bbox 1590 3256 1616 3307; x_wconf 82' lang='lat' dir='ltr'>de</span> <span class='ocrx_word' id='word_1_274' title='bbox 1666 3284 1667 3321; x_wconf 63' lang='lat' dir='ltr'>i</span> 
     </span>
     <span class='ocr_line' id='line_1_32' title="bbox 356 3328 1667 3403; baseline -0.005 -18"><span class='ocrx_word' id='word_1_275' title='bbox 356 3332 454 3400; x_wconf 89' lang='lat' dir='ltr'>poenis</span> <span class='ocrx_word' id='word_1_276' title='bbox 478 3336 507 3386; x_wconf 91' lang='lat' dir='ltr'>et</span> <span class='ocrx_word' id='word_1_277' title='bbox 530 3333 662 3403; x_wconf 85' lang='lat' dir='ltr'>praemiis</span> <span class='ocrx_word' id='word_1_278' title='bbox 687 3333 881 3386; x_wconf 88' lang='lat' dir='ltr'>defunctorum</span> <span class='ocrx_word' id='word_1_279' title='bbox 905 3336 934 3385; x_wconf 91' lang='lat' dir='ltr'>et</span> <span class='ocrx_word' id='word_1_280' title='bbox 957 3332 1195 3400; x_wconf 82' lang='lat' dir='ltr'>Pythagoreorum</span> <span class='ocrx_word' id='word_1_281' title='bbox 1225 3331 1333 3385; x_wconf 87' lang='lat' dir='ltr'>somnia</span> <span class='ocrx_word' id='word_1_282' title='bbox 1363 3333 1398 3386; x_wconf 92' lang='lat' dir='ltr'>de</span> <span class='ocrx_word' id='word_1_283' title='bbox 1426 3328 1617 3402; x_wconf 82' lang='lat' dir='ltr'>palingenesia;</span> <span class='ocrx_word' id='word_1_284' title='bbox 1666 3330 1667 3373; x_wconf 72' lang='grc' dir='ltr'>ἶ</span> 
     </span>
     <span class='ocr_line' id='line_1_33' title="bbox 355 3399 1617 3472; baseline -0.002 -17"><span class='ocrx_word' id='word_1_285' title='bbox 355 3403 425 3457; x_wconf 90' lang='lat' dir='ltr'>haec</span> <span class='ocrx_word' id='word_1_286' title='bbox 446 3404 601 3458; x_wconf 88' lang='lat' dir='ltr'>enimcum</span> <span class='ocrx_word' id='word_1_287' title='bbox 621 3405 650 3457; x_wconf 89' lang='lat' dir='ltr'>in</span> <span class='ocrx_word' id='word_1_288' title='bbox 670 3404 754 3458; x_wconf 87' lang='lat' dir='ltr'>ltalia</span> <span class='ocrx_word' id='word_1_289' title='bbox 773 3407 802 3456; x_wconf 92' lang='lat' dir='ltr'>et</span> <span class='ocrx_word' id='word_1_290' title='bbox 821 3403 919 3457; x_wconf 86' lang='lat' dir='ltr'>Sicilia</span> <span class='ocrx_word' id='word_1_291' title='bbox 939 3403 1107 3472; x_wconf 80' lang='lat' dir='ltr'>pervulgata</span> <span class='ocrx_word' id='word_1_292' title='bbox 1130 3407 1225 3456; x_wconf 87' lang='lat' dir='ltr'>essent</span> <span class='ocrx_word' id='word_1_293' title='bbox 1244 3404 1290 3472; x_wconf 86' lang='lat' dir='ltr'>(cf.</span> <span class='ocrx_word' id='word_1_294' title='bbox 1309 3403 1380 3456; x_wconf 82' lang='lat' dir='ltr'>Ervv.</span> <span class='ocrx_word' id='word_1_295' title='bbox 1401 3403 1508 3470; x_wconf 88' lang='lat' dir='ltr'>Rohde,</span> <span class='ocrx_word' id='word_1_296' title='bbox 1525 3399 1617 3469; x_wconf 81' lang='lat' dir='ltr'>Psyche</span> 
     </span>
     <span class='ocr_line' id='line_1_34' title="bbox 354 3472 1616 3546; baseline -0.005 -18"><span class='ocrx_word' id='word_1_297' title='bbox 354 3493 380 3543; x_wconf 91' lang='lat' dir='ltr'>p.</span> <span class='ocrx_word' id='word_1_298' title='bbox 397 3491 436 3528; x_wconf 80' lang='lat' dir='ltr'>sos</span> <span class='ocrx_word' id='word_1_299' title='bbox 451 3479 506 3544; x_wconf 83' lang='lat' dir='ltr'>ss),</span> <span class='ocrx_word' id='word_1_300' title='bbox 521 3476 643 3529; x_wconf 78' lang='lat' dir='ltr'>&#39;Pher-oni</span> <span class='ocrx_word' id='word_1_301' title='bbox 658 3479 686 3528; x_wconf 93' lang='lat' dir='ltr'>et</span> <span class='ocrx_word' id='word_1_302' title='bbox 700 3474 778 3546; x_wconf 77' lang='lat' dir='ltr'>genti</span> <span class='ocrx_word' id='word_1_303' title='bbox 793 3475 1029 3542; x_wconf 87' lang='lat' dir='ltr'>Emmenidarum,</span> <span class='ocrx_word' id='word_1_304' title='bbox 1044 3491 1100 3543; x_wconf 87' lang='lat' dir='ltr'>qua</span> <span class='ocrx_word' id='word_1_305' title='bbox 1116 3474 1225 3544; x_wconf 87' lang='lat' dir='ltr'>pietate</span> <span class='ocrx_word' id='word_1_306' title='bbox 1239 3492 1306 3544; x_wconf 81' lang='lat' dir='ltr'>erga</span> <span class='ocrx_word' id='word_1_307' title='bbox 1320 3474 1388 3528; x_wconf 90' lang='lat' dir='ltr'>deos</span> <span class='ocrx_word' id='word_1_308' title='bbox 1403 3477 1493 3540; x_wconf 87' lang='lat' dir='ltr'>erant,</span> <span class='ocrx_word' id='word_1_309' title='bbox 1507 3472 1616 3543; x_wconf 85' lang='lat' dir='ltr'>apprime</span> 
     </span>
     <span class='ocr_line' id='line_1_35' title="bbox 355 3545 1615 3616; baseline -0.004 -18"><span class='ocrx_word' id='word_1_310' title='bbox 355 3548 438 3616; x_wconf 83' lang='lat' dir='ltr'>grata</span> <span class='ocrx_word' id='word_1_311' title='bbox 457 3549 486 3599; x_wconf 90' lang='lat' dir='ltr'>et</span> <span class='ocrx_word' id='word_1_312' title='bbox 505 3551 621 3616; x_wconf 88' lang='lat' dir='ltr'>accepta</span> <span class='ocrx_word' id='word_1_313' title='bbox 640 3549 728 3601; x_wconf 88' lang='lat' dir='ltr'>erant.</span> <span class='ocrx_word' id='word_1_314' title='bbox 766 3545 877 3601; x_wconf 86' lang='lat' dir='ltr'>Similia</span> <span class='ocrx_word' id='word_1_315' title='bbox 901 3547 936 3600; x_wconf 90' lang='lat' dir='ltr'>de</span> <span class='ocrx_word' id='word_1_316' title='bbox 958 3545 1003 3598; x_wconf 93' lang='lat' dir='ltr'>his</span> <span class='ocrx_word' id='word_1_317' title='bbox 1026 3546 1109 3599; x_wconf 89' lang='lat' dir='ltr'>rebus</span> <span class='ocrx_word' id='word_1_318' title='bbox 1133 3549 1277 3616; x_wconf 83' lang='lat' dir='ltr'>exponunt</span> <span class='ocrx_word' id='word_1_319' title='bbox 1300 3545 1615 3599; x_wconf 72' lang='lat' dir='ltr'>Pindarusfr.1a-1s.</span> 
     </span>
     <span class='ocr_line' id='line_1_36' title="bbox 354 3615 1615 3686; baseline -0.005 -16"><span class='ocrx_word' id='word_1_320' title='bbox 354 3617 436 3671; x_wconf 88' lang='lat' dir='ltr'>Plato</span> <span class='ocrx_word' id='word_1_321' title='bbox 464 3617 499 3670; x_wconf 90' lang='lat' dir='ltr'>de</span> <span class='ocrx_word' id='word_1_322' title='bbox 530 3635 587 3686; x_wconf 87' lang='lat' dir='ltr'>rep.</span> <span class='ocrx_word' id='word_1_323' title='bbox 608 3635 753 3685; x_wconf 76' lang='lat' dir='ltr'>xerses,</span> <span class='ocrx_word' id='word_1_324' title='bbox 782 3619 899 3673; x_wconf 90' lang='lat' dir='ltr'>Phaedr.</span> <span class='ocrx_word' id='word_1_325' title='bbox 920 3635 966 3671; x_wconf 77' lang='grc' dir='ltr'><em>νιν.</em></span> <span class='ocrx_word' id='word_1_326' title='bbox 1003 3617 1048 3671; x_wconf 89' lang='lat' dir='ltr'>Ps.</span> <span class='ocrx_word' id='word_1_327' title='bbox 1071 3617 1144 3673; x_wconf 87' lang='lat' dir='ltr'>Plat.</span> <span class='ocrx_word' id='word_1_328' title='bbox 1167 3617 1283 3671; x_wconf 86' lang='lat' dir='ltr'>Axioch.</span> <span class='ocrx_word' id='word_1_329' title='bbox 1303 3634 1350 3670; x_wconf 81' lang='lat' dir='ltr'>avr.</span> <span class='ocrx_word' id='word_1_330' title='bbox 1392 3615 1533 3684; x_wconf 82' lang='lat' dir='ltr'>Vergilius</span> <span class='ocrx_word' id='word_1_331' title='bbox 1560 3617 1615 3668; x_wconf 80' lang='lat' dir='ltr'>Aen.</span> 
     </span>
     <span class='ocr_line' id='line_1_37' title="bbox 354 3684 1617 3758; baseline -0.005 -16"><span class='ocrx_word' id='word_1_332' title='bbox 354 3708 382 3742; x_wconf 90' lang='lat' dir='ltr'>vr</span> <span class='ocrx_word' id='word_1_333' title='bbox 397 3705 434 3744; x_wconf 78' lang='lat' dir='ltr'>us</span> <span class='ocrx_word' id='word_1_334' title='bbox 450 3707 485 3742; x_wconf 90' lang='lat' dir='ltr'>ss.</span> <span class='ocrx_word' id='word_1_335' title='bbox 514 3689 613 3742; x_wconf 86' lang='lat' dir='ltr'>Totam</span> <span class='ocrx_word' id='word_1_336' title='bbox 629 3691 702 3743; x_wconf 87' lang='lat' dir='ltr'>hanc</span> <span class='ocrx_word' id='word_1_337' title='bbox 720 3689 877 3744; x_wconf 84' lang='lat' dir='ltr'>doctrinam</span> <span class='ocrx_word' id='word_1_338' title='bbox 895 3689 1034 3742; x_wconf 89' lang='lat' dir='ltr'>uberrime</span> <span class='ocrx_word' id='word_1_339' title='bbox 1052 3705 1142 3757; x_wconf 89' lang='lat' dir='ltr'>nuper</span> <span class='ocrx_word' id='word_1_340' title='bbox 1155 3688 1340 3758; x_wconf 81' lang='lat' dir='ltr'>pertractavit</span> <span class='ocrx_word' id='word_1_341' title='bbox 1354 3687 1505 3755; x_wconf 87' lang='lat' dir='ltr'>Dieterich,</span> <span class='ocrx_word' id='word_1_342' title='bbox 1523 3684 1617 3752; x_wconf 73' lang='lat' dir='ltr'>Nekyis</span> 
     </span>
     <span class='ocr_line' id='line_1_38' title="bbox 355 3752 1617 3832; baseline -0.006 -18"><span class='ocrx_word' id='word_1_343' title='bbox 355 3777 393 3814; x_wconf 79' lang='lat' dir='ltr'>llo</span> <span class='ocrx_word' id='word_1_344' title='bbox 403 3777 438 3815; x_wconf 80' lang='lat' dir='ltr'>ss.</span> <span class='ocrx_word' id='word_1_345' title='bbox 454 3793 487 3800; x_wconf 95' lang='lat'>—-</span> <span class='ocrx_word' id='word_1_346' title='bbox 503 3767 544 3815; x_wconf 75' lang='lat'>62.</span> <span class='ocrx_word' id='word_1_347' title='bbox 560 3763 643 3830; x_wconf 80' lang='grc' dir='ltr'><em>ἀνδρὶ</em></span> <span class='ocrx_word' id='word_1_348' title='bbox 657 3760 771 3831; x_wconf 84' lang='grc' dir='ltr'><em>φέγγος·</em></span> <span class='ocrx_word' id='word_1_349' title='bbox 787 3762 821 3815; x_wconf 85' lang='lat' dir='ltr'>cf.</span> <span class='ocrx_word' id='word_1_350' title='bbox 833 3760 975 3830; x_wconf 79' lang='lat' dir='ltr'>Aristoph.</span> <span class='ocrx_word' id='word_1_351' title='bbox 991 3761 1063 3813; x_wconf 83' lang='lat' dir='ltr'>Plut.</span> <span class='ocrx_word' id='word_1_352' title='bbox 1079 3777 1118 3814; x_wconf 73' lang='lat' dir='ltr'>eru</span> <span class='ocrx_word' id='word_1_353' title='bbox 1133 3759 1203 3829; x_wconf 86' lang='grc' dir='ltr'><em>μέγα</em></span> <span class='ocrx_word' id='word_1_354' title='bbox 1218 3761 1341 3832; x_wconf 82' lang='grc' dir='ltr'><em>βροτοῖσι</em></span> <span class='ocrx_word' id='word_1_355' title='bbox 1354 3757 1458 3829; x_wconf 79' lang='grc' dir='ltr'><em>φέγγος</em></span> <span class='ocrx_word' id='word_1_356' title='bbox 1473 3752 1617 3825; x_wconf 72' lang='grc' dir='ltr'><em>Ἀσκληπιόν</em></span> 
     </span>
     <span class='ocr_line' id='line_1_39' title="bbox 355 3827 1617 3902; baseline -0.007 -16"><span class='ocrx_word' id='word_1_357' title='bbox 355 3865 388 3872; x_wconf 97' lang='grc'>-</span> <span class='ocrx_word' id='word_1_358' title='bbox 412 3832 441 3886; x_wconf 80' lang='grc' dir='ltr'><em>ελ</em></span> <span class='ocrx_word' id='word_1_359' title='bbox 460 3832 491 3902; x_wconf 89' lang='grc' dir='ltr'>γέ</span> <span class='ocrx_word' id='word_1_360' title='bbox 514 3851 571 3886; x_wconf 88' lang='grc' dir='ltr'><em>νιν·</em></span> <span class='ocrx_word' id='word_1_361' title='bbox 596 3833 663 3902; x_wconf 89' lang='lat' dir='ltr'>loci,</span> <span class='ocrx_word' id='word_1_362' title='bbox 692 3832 805 3900; x_wconf 87' lang='lat' dir='ltr'>qualem</span> <span class='ocrx_word' id='word_1_363' title='bbox 828 3831 985 3885; x_wconf 88' lang='lat' dir='ltr'>Boeckhius</span> <span class='ocrx_word' id='word_1_364' title='bbox 1004 3831 1140 3898; x_wconf 87' lang='lat' dir='ltr'>restituit,</span> <span class='ocrx_word' id='word_1_365' title='bbox 1168 3831 1308 3886; x_wconf 85' lang='lat' dir='ltr'>sententia</span> <span class='ocrx_word' id='word_1_366' title='bbox 1333 3831 1404 3884; x_wconf 85' lang='lat' dir='ltr'>haec</span> <span class='ocrx_word' id='word_1_367' title='bbox 1432 3833 1487 3884; x_wconf 91' lang='lat' dir='ltr'>est:</span> <span class='ocrx_word' id='word_1_368' title='bbox 1516 3827 1617 3882; x_wconf 80' lang='lat' dir='ltr'>divitiae</span> 
     </span>
     <span class='ocr_line' id='line_1_40' title="bbox 355 3900 1617 3972; baseline -0.004 -16"><span class='ocrx_word' id='word_1_369' title='bbox 355 3903 507 3957; x_wconf 89' lang='lat' dir='ltr'>virtutibus</span> <span class='ocrx_word' id='word_1_370' title='bbox 528 3907 643 3958; x_wconf 86' lang='lat' dir='ltr'>ornatae</span> <span class='ocrx_word' id='word_1_371' title='bbox 662 3903 711 3956; x_wconf 85' lang='lat' dir='ltr'>lux</span> <span class='ocrx_word' id='word_1_372' title='bbox 729 3903 869 3972; x_wconf 87' lang='lat' dir='ltr'>quaedam</span> <span class='ocrx_word' id='word_1_373' title='bbox 888 3902 995 3956; x_wconf 88' lang='lat' dir='ltr'>homini</span> <span class='ocrx_word' id='word_1_374' title='bbox 1013 3906 1086 3970; x_wconf 91' lang='lat' dir='ltr'>sunt,</span> <span class='ocrx_word' id='word_1_375' title='bbox 1102 3903 1126 3954; x_wconf 92' lang='lat' dir='ltr'>si</span> <span class='ocrx_word' id='word_1_376' title='bbox 1140 3902 1262 3971; x_wconf 90' lang='lat' dir='ltr'>quidem,</span> <span class='ocrx_word' id='word_1_377' title='bbox 1278 3920 1341 3955; x_wconf 88' lang='lat' dir='ltr'>cum</span> <span class='ocrx_word' id='word_1_378' title='bbox 1356 3900 1434 3957; x_wconf 88' lang='lat' dir='ltr'>dives</span> <span class='ocrx_word' id='word_1_379' title='bbox 1450 3901 1488 3955; x_wconf 87' lang='lat' dir='ltr'>sit</span> <span class='ocrx_word' id='word_1_380' title='bbox 1502 3906 1617 3970; x_wconf 81' lang='grc' dir='ltr'><em>(πλοῦτον</em></span> 
     </span>
     <span class='ocr_line' id='line_1_41' title="bbox 355 3971 1618 4046; baseline -0.007 -18"><span class='ocrx_word' id='word_1_381' title='bbox 355 3975 438 4046; x_wconf 80' lang='grc' dir='ltr'><em>ἔχων,</em></span> <span class='ocrx_word' id='word_1_382' title='bbox 461 3993 516 4030; x_wconf 92' lang='lat' dir='ltr'>non</span> <span class='ocrx_word' id='word_1_383' title='bbox 535 3979 656 4029; x_wconf 83' lang='grc' dir='ltr'><em>πλοῦτον</em></span> <span class='ocrx_word' id='word_1_384' title='bbox 675 3977 787 4043; x_wconf 79' lang='grc' dir='ltr'><em>ἀρεταῖς</em></span> <span class='ocrx_word' id='word_1_385' title='bbox 806 3971 1027 4043; x_wconf 85' lang='grc' dir='ltr'><em>δεδαιδαλμένον</em></span> <span class='ocrx_word' id='word_1_386' title='bbox 1047 3972 1126 4043; x_wconf 78' lang='grc' dir='ltr'><em>ἔχων)</em></span> <span class='ocrx_word' id='word_1_387' title='bbox 1149 3991 1192 4027; x_wconf 87' lang='lat' dir='ltr'>res</span> <span class='ocrx_word' id='word_1_388' title='bbox 1215 3977 1281 4043; x_wconf 88' lang='lat' dir='ltr'>post</span> <span class='ocrx_word' id='word_1_389' title='bbox 1304 3977 1422 4027; x_wconf 89' lang='lat' dir='ltr'>mortem</span> <span class='ocrx_word' id='word_1_390' title='bbox 1446 3973 1553 4025; x_wconf 86' lang='lat' dir='ltr'>suturas</span> <span class='ocrx_word' id='word_1_391' title='bbox 1573 3985 1618 4023; x_wconf 87' lang='lat' dir='ltr'>nou</span> 
     </span>
     <span class='ocr_line' id='line_1_42' title="bbox 354 4042 1618 4117; baseline -0.002 -18"><span class='ocrx_word' id='word_1_392' title='bbox 354 4047 481 4117; x_wconf 77' lang='lat' dir='ltr'>ignorat3</span> <span class='ocrx_word' id='word_1_393' title='bbox 496 4046 525 4101; x_wconf 94' lang='lat' dir='ltr'>hi</span> <span class='ocrx_word' id='word_1_394' title='bbox 536 4047 620 4114; x_wconf 88' lang='lat' dir='ltr'>enim,</span> <span class='ocrx_word' id='word_1_395' title='bbox 634 4063 697 4100; x_wconf 91' lang='lat' dir='ltr'>cum</span> <span class='ocrx_word' id='word_1_396' title='bbox 711 4063 783 4114; x_wconf 86' lang='lat' dir='ltr'>quae</span> <span class='ocrx_word' id='word_1_397' title='bbox 798 4061 905 4114; x_wconf 91' lang='lat' dir='ltr'>poenae</span> <span class='ocrx_word' id='word_1_398' title='bbox 919 4044 1014 4114; x_wconf 90' lang='lat' dir='ltr'>impiis</span> <span class='ocrx_word' id='word_1_399' title='bbox 1028 4048 1094 4114; x_wconf 90' lang='lat' dir='ltr'>post</span> <span class='ocrx_word' id='word_1_400' title='bbox 1107 4048 1226 4098; x_wconf 90' lang='lat' dir='ltr'>mortem</span> <span class='ocrx_word' id='word_1_401' title='bbox 1239 4045 1411 4100; x_wconf 84' lang='lat' dir='ltr'>constitutae</span> <span class='ocrx_word' id='word_1_402' title='bbox 1426 4043 1484 4097; x_wconf 88' lang='lat' dir='ltr'>sint</span> <span class='ocrx_word' id='word_1_403' title='bbox 1497 4042 1618 4114; x_wconf 76' lang='lat' dir='ltr'>reputent</span> 
     </span>
     <span class='ocr_line' id='line_1_43' title="bbox 355 4110 1618 4187; baseline -0.006 -15"><span class='ocrx_word' id='word_1_404' title='bbox 355 4135 373 4172; x_wconf 84' lang='lat' dir='ltr'>a</span> <span class='ocrx_word' id='word_1_405' title='bbox 392 4120 496 4173; x_wconf 88' lang='lat' dir='ltr'>scelere</span> <span class='ocrx_word' id='word_1_406' title='bbox 515 4121 544 4171; x_wconf 90' lang='lat' dir='ltr'>et</span> <span class='ocrx_word' id='word_1_407' title='bbox 563 4117 695 4187; x_wconf 90' lang='lat' dir='ltr'>superbia</span> <span class='ocrx_word' id='word_1_408' title='bbox 714 4118 901 4183; x_wconf 83' lang='lat' dir='ltr'>deterrentur;</span> <span class='ocrx_word' id='word_1_409' title='bbox 931 4116 1030 4170; x_wconf 83' lang='lat' dir='ltr'>ceteris</span> <span class='ocrx_word' id='word_1_410' title='bbox 1055 4119 1162 4184; x_wconf 88' lang='lat' dir='ltr'>autem,</span> <span class='ocrx_word' id='word_1_411' title='bbox 1186 4133 1250 4170; x_wconf 90' lang='lat' dir='ltr'>cum</span> <span class='ocrx_word' id='word_1_412' title='bbox 1272 4117 1310 4170; x_wconf 87' lang='lat' dir='ltr'>ad</span> <span class='ocrx_word' id='word_1_413' title='bbox 1332 4115 1421 4185; x_wconf 89' lang='lat' dir='ltr'>impia</span> <span class='ocrx_word' id='word_1_414' title='bbox 1444 4115 1561 4169; x_wconf 86' lang='lat' dir='ltr'>consilia</span> <span class='ocrx_word' id='word_1_415' title='bbox 1580 4110 1618 4165; x_wconf 82' lang='lat' dir='ltr'>ad·</span> 
     </span>
     <span class='ocr_line' id='line_1_44' title="bbox 357 4185 1667 4257; baseline -0.005 -15"><span class='ocrx_word' id='word_1_416' title='bbox 357 4189 545 4244; x_wconf 86' lang='lat' dir='ltr'>ministranda</span> <span class='ocrx_word' id='word_1_417' title='bbox 561 4188 670 4242; x_wconf 89' lang='lat' dir='ltr'>divitiis</span> <span class='ocrx_word' id='word_1_418' title='bbox 685 4189 847 4256; x_wconf 83' lang='lat' dir='ltr'>abutantur,</span> <span class='ocrx_word' id='word_1_419' title='bbox 863 4189 947 4241; x_wconf 91' lang='lat' dir='ltr'>decus</span> <span class='ocrx_word' id='word_1_420' title='bbox 963 4205 997 4241; x_wconf 83' lang='lat' dir='ltr'>ex</span> <span class='ocrx_word' id='word_1_421' title='bbox 1011 4186 1119 4241; x_wconf 88' lang='lat' dir='ltr'>divitiis</span> <span class='ocrx_word' id='word_1_422' title='bbox 1134 4191 1251 4257; x_wconf 81' lang='lat' dir='ltr'>paratur</span> <span class='ocrx_word' id='word_1_423' title='bbox 1263 4187 1375 4240; x_wconf 90' lang='lat' dir='ltr'>nullum</span> <span class='ocrx_word' id='word_1_424' title='bbox 1390 4219 1423 4226; x_wconf 89' lang='lat'>-</span> <span class='ocrx_word' id='word_1_425' title='bbox 1443 4193 1478 4241; x_wconf 82' lang='grc'>63</span> <span class='ocrx_word' id='word_1_426' title='bbox 1493 4205 1528 4241; x_wconf 89' lang='lat' dir='ltr'>ss.</span> <span class='ocrx_word' id='word_1_427' title='bbox 1547 4185 1619 4241; x_wconf 85' lang='lat' dir='ltr'>etiam</span> <span class='ocrx_word' id='word_1_428' title='bbox 1666 4250 1667 4253; x_wconf 8' lang='grc' dir='ltr'><strong>Ἴ</strong></span> 
     </span>
     <span class='ocr_line' id='line_1_45' title="bbox 356 4254 1618 4330; baseline -0.006 -17"><span class='ocrx_word' id='word_1_429' title='bbox 356 4265 470 4330; x_wconf 88' lang='lat' dir='ltr'>recepta</span> <span class='ocrx_word' id='word_1_430' title='bbox 488 4260 720 4315; x_wconf 87' lang='lat' dir='ltr'>Rauchensteinii</span> <span class='ocrx_word' id='word_1_431' title='bbox 738 4260 884 4330; x_wconf 88' lang='lat' dir='ltr'>praeclara</span> <span class='ocrx_word' id='word_1_432' title='bbox 908 4259 1104 4313; x_wconf 86' lang='lat' dir='ltr'>emendatione</span> <span class='ocrx_word' id='word_1_433' title='bbox 1123 4256 1202 4322; x_wconf 74' lang='grc' dir='ltr'><em>αὖτις</em></span> <span class='ocrx_word' id='word_1_434' title='bbox 1219 4277 1270 4328; x_wconf 92' lang='lat' dir='ltr'>pro</span> <span class='ocrx_word' id='word_1_435' title='bbox 1289 4257 1383 4312; x_wconf 73' lang='grc' dir='ltr'><em>αὐτίκ’</em></span> <span class='ocrx_word' id='word_1_436' title='bbox 1403 4260 1494 4312; x_wconf 86' lang='lat' dir='ltr'>restat</span> <span class='ocrx_word' id='word_1_437' title='bbox 1512 4254 1618 4312; x_wconf 89' lang='lat' dir='ltr'>obscuri·</span> 
     </span>
     <span class='ocr_line' id='line_1_46' title="bbox 354 4327 1618 4403; baseline -0.002 -19"><span class='ocrx_word' id='word_1_438' title='bbox 354 4338 398 4385; x_wconf 85' lang='lat' dir='ltr'>tas</span> <span class='ocrx_word' id='word_1_439' title='bbox 424 4333 564 4400; x_wconf 86' lang='lat' dir='ltr'>quaedam</span> <span class='ocrx_word' id='word_1_440' title='bbox 587 4332 655 4400; x_wconf 90' lang='lat' dir='ltr'>loci,</span> <span class='ocrx_word' id='word_1_441' title='bbox 680 4332 813 4400; x_wconf 89' lang='lat' dir='ltr'>quoniam</span> <span class='ocrx_word' id='word_1_442' title='bbox 839 4348 911 4400; x_wconf 90' lang='lat' dir='ltr'>quae</span> <span class='ocrx_word' id='word_1_443' title='bbox 936 4331 1057 4385; x_wconf 89' lang='lat' dir='ltr'>secundo</span> <span class='ocrx_word' id='word_1_444' title='bbox 1076 4330 1139 4384; x_wconf 89' lang='lat' dir='ltr'>loeo</span> <span class='ocrx_word' id='word_1_445' title='bbox 1157 4331 1235 4384; x_wconf 89' lang='lat' dir='ltr'>dieta</span> <span class='ocrx_word' id='word_1_446' title='bbox 1254 4333 1320 4383; x_wconf 90' lang='lat' dir='ltr'>sunt</span> <span class='ocrx_word' id='word_1_447' title='bbox 1337 4329 1373 4382; x_wconf 84' lang='grc' dir='ltr'>τὰ</span> <span class='ocrx_word' id='word_1_448' title='bbox 1391 4329 1420 4382; x_wconf 80' lang='grc' dir='ltr'><em>δ’</em></span> <span class='ocrx_word' id='word_1_449' title='bbox 1443 4327 1618 4403; x_wconf 61' lang='grc' dir='ltr'><em>...ἀνάγκμ</em></span> 
     </span>
     <span class='ocr_line' id='line_1_47' title="bbox 353 4400 1617 4472; baseline -0.003 -18"><span class='ocrx_word' id='word_1_450' title='bbox 353 4404 444 4472; x_wconf 89' lang='lat' dir='ltr'>priore</span> <span class='ocrx_word' id='word_1_451' title='bbox 466 4404 528 4457; x_wconf 93' lang='lat' dir='ltr'>loco</span> <span class='ocrx_word' id='word_1_452' title='bbox 551 4403 672 4457; x_wconf 88' lang='lat' dir='ltr'>dicenda</span> <span class='ocrx_word' id='word_1_453' title='bbox 698 4403 818 4456; x_wconf 88' lang='lat' dir='ltr'>fuerunt.</span> <span class='ocrx_word' id='word_1_454' title='bbox 856 4403 954 4470; x_wconf 90' lang='lat' dir='ltr'>Neque</span> <span class='ocrx_word' id='word_1_455' title='bbox 979 4407 1076 4455; x_wconf 85' lang='lat' dir='ltr'>tamen</span> <span class='ocrx_word' id='word_1_456' title='bbox 1101 4400 1223 4455; x_wconf 86' lang='lat' dir='ltr'>inversio</span> <span class='ocrx_word' id='word_1_457' title='bbox 1249 4401 1356 4454; x_wconf 87' lang='lat' dir='ltr'>ordinis</span> <span class='ocrx_word' id='word_1_458' title='bbox 1383 4401 1455 4454; x_wconf 89' lang='lat' dir='ltr'>adeo</span> <span class='ocrx_word' id='word_1_459' title='bbox 1484 4401 1617 4454; x_wconf 74' lang='lat' dir='ltr'>offensioni</span> 
     </span>
     <span class='ocr_line' id='line_1_48' title="bbox 354 4468 1616 4542; baseline -0.004 -16"><span class='ocrx_word' id='word_1_460' title='bbox 354 4477 408 4542; x_wconf 86' lang='lat' dir='ltr'>est,</span> <span class='ocrx_word' id='word_1_461' title='bbox 433 4477 465 4527; x_wconf 90' lang='lat' dir='ltr'>ut</span> <span class='ocrx_word' id='word_1_462' title='bbox 487 4477 538 4527; x_wconf 90' lang='lat' dir='ltr'>aut</span> <span class='ocrx_word' id='word_1_463' title='bbox 556 4474 721 4528; x_wconf 81' lang='lat' dir='ltr'>adverbium</span> <span class='ocrx_word' id='word_1_464' title='bbox 750 4473 861 4528; x_wconf 76' lang='grc' dir='ltr'><em>ἐνθάθε</em></span> <span class='ocrx_word' id='word_1_465' title='bbox 885 4491 903 4526; x_wconf 89' lang='lat' dir='ltr'>a</span> <span class='ocrx_word' id='word_1_466' title='bbox 922 4491 972 4527; x_wconf 90' lang='lat' dir='ltr'>suo</span> <span class='ocrx_word' id='word_1_467' title='bbox 999 4474 1085 4526; x_wconf 91' lang='lat' dir='ltr'>verbo</span> <span class='ocrx_word' id='word_1_468' title='bbox 1114 4472 1209 4526; x_wconf 77' lang='grc' dir='ltr'><em>ἔτισαν</em></span> <span class='ocrx_word' id='word_1_469' title='bbox 1237 4471 1405 4525; x_wconf 84' lang='lat' dir='ltr'>divellamus</span> <span class='ocrx_word' id='word_1_470' title='bbox 1434 4475 1463 4526; x_wconf 88' lang='lat' dir='ltr'>et</span> <span class='ocrx_word' id='word_1_471' title='bbox 1492 4490 1554 4525; x_wconf 90' lang='lat' dir='ltr'>cum</span> <span class='ocrx_word' id='word_1_472' title='bbox 1578 4468 1616 4523; x_wconf 89' lang='lat' dir='ltr'>ad·</span> 
     </span>
     <span class='ocr_line' id='line_1_49' title="bbox 354 4536 1667 4616; baseline -0.005 -18"><span class='ocrx_word' id='word_1_473' title='bbox 354 4545 456 4599; x_wconf 86' lang='lat' dir='ltr'>iectivo</span> <span class='ocrx_word' id='word_1_474' title='bbox 475 4544 637 4614; x_wconf 78' lang='grc' dir='ltr'><em>ἀπάλαμνοι</em></span> <span class='ocrx_word' id='word_1_475' title='bbox 656 4557 691 4614; x_wconf 78' lang='lat' dir='ltr'>(v.</span> <span class='ocrx_word' id='word_1_476' title='bbox 708 4544 794 4600; x_wconf 83' lang='lat' dir='ltr'>schol.</span> <span class='ocrx_word' id='word_1_477' title='bbox 810 4549 846 4616; x_wconf 81' lang='grc' dir='ltr'>τῷ</span> <span class='ocrx_word' id='word_1_478' title='bbox 867 4543 898 4598; x_wconf 74' lang='grc' dir='ltr'>δέ</span> <span class='ocrx_word' id='word_1_479' title='bbox 917 4543 1079 4614; x_wconf 77' lang='grc' dir='ltr'><em>ἀπάλαμνοι</em></span> <span class='ocrx_word' id='word_1_480' title='bbox 1100 4543 1202 4613; x_wconf 83' lang='grc' dir='ltr'><em>φρένες</em></span> <span class='ocrx_word' id='word_1_481' title='bbox 1216 4543 1374 4598; x_wconf 75' lang='grc' dir='ltr'><em>συνακτέον</em></span> <span class='ocrx_word' id='word_1_482' title='bbox 1392 4543 1424 4596; x_wconf 85' lang='grc' dir='ltr'>τὸ</span> <span class='ocrx_word' id='word_1_483' title='bbox 1445 4544 1569 4610; x_wconf 81' lang='grc' dir='ltr'><em>ἐνθάδε),</em></span> <span class='ocrx_word' id='word_1_484' title='bbox 1582 4536 1617 4594; x_wconf 76' lang='lat' dir='ltr'>vel</span> <span class='ocrx_word' id='word_1_485' title='bbox 1666 4604 1667 4607; x_wconf 8' lang='grc' dir='ltr'><strong>Ἴ</strong></span> 
     </span>
     <span class='ocr_line' id='line_1_50' title="bbox 354 4613 1618 4687; baseline -0.006 -18"><span class='ocrx_word' id='word_1_486' title='bbox 354 4632 417 4669; x_wconf 87' lang='lat' dir='ltr'>cnm</span> <span class='ocrx_word' id='word_1_487' title='bbox 445 4616 595 4686; x_wconf 89' lang='lat' dir='ltr'>participio</span> <span class='ocrx_word' id='word_1_488' title='bbox 622 4616 773 4671; x_wconf 84' lang='grc' dir='ltr'><em>θανόντων</em></span> <span class='ocrx_word' id='word_1_489' title='bbox 800 4615 909 4684; x_wconf 81' lang='lat' dir='ltr'>(Itohde</span> <span class='ocrx_word' id='word_1_490' title='bbox 937 4615 1044 4684; x_wconf 86' lang='lat' dir='ltr'>Psyche</span> <span class='ocrx_word' id='word_1_491' title='bbox 1071 4636 1098 4687; x_wconf 90' lang='lat' dir='ltr'>p.</span> <span class='ocrx_word' id='word_1_492' title='bbox 1122 4619 1173 4684; x_wconf 84' lang='lat' dir='ltr'>sor)</span> <span class='ocrx_word' id='word_1_493' title='bbox 1201 4615 1417 4684; x_wconf 80' lang='lat' dir='ltr'>coniungamus,</span> <span class='ocrx_word' id='word_1_494' title='bbox 1447 4618 1498 4667; x_wconf 85' lang='lat' dir='ltr'>ant</span> <span class='ocrx_word' id='word_1_495' title='bbox 1524 4613 1618 4668; x_wconf 85' lang='lat' dir='ltr'>animas</span> 
     </span>
     <span class='ocr_line' id='line_1_51' title="bbox 353 4684 1667 4756; baseline 0.002 -18"><span class='ocrx_word' id='word_1_496' title='bbox 353 4687 382 4738; x_wconf 90' lang='lat' dir='ltr'>in</span> <span class='ocrx_word' id='word_1_497' title='bbox 411 4690 513 4741; x_wconf 88' lang='lat' dir='ltr'>terram</span> <span class='ocrx_word' id='word_1_498' title='bbox 538 4687 669 4742; x_wconf 87' lang='lat' dir='ltr'>remissas</span> <span class='ocrx_word' id='word_1_499' title='bbox 688 4687 844 4741; x_wconf 82' lang='lat' dir='ltr'>facinorum</span> <span class='ocrx_word' id='word_1_500' title='bbox 866 4686 895 4740; x_wconf 89' lang='lat' dir='ltr'>in</span> <span class='ocrx_word' id='word_1_501' title='bbox 919 4687 989 4741; x_wconf 91' lang='lat' dir='ltr'>Oreo</span> <span class='ocrx_word' id='word_1_502' title='bbox 1016 4688 1224 4742; x_wconf 89' lang='lat' dir='ltr'>commissorum</span> <span class='ocrx_word' id='word_1_503' title='bbox 1247 4702 1354 4756; x_wconf 87' lang='lat' dir='ltr'>poenas</span> <span class='ocrx_word' id='word_1_504' title='bbox 1377 4684 1455 4740; x_wconf 89' lang='lat' dir='ltr'>luere</span> <span class='ocrx_word' id='word_1_505' title='bbox 1480 4686 1619 4746; x_wconf 74' lang='lat' dir='ltr'>credamus</span> <span class='ocrx_word' id='word_1_506' title='bbox 1666 4714 1667 4723; x_wconf 77' lang='lat'>.</span> 
     </span>
     <span class='ocr_line' id='line_1_52' title="bbox 354 4753 1618 4830; baseline -0.006 -18"><span class='ocrx_word' id='word_1_507' title='bbox 354 4760 404 4812; x_wconf 89' lang='lat' dir='ltr'>aut</span> <span class='ocrx_word' id='word_1_508' title='bbox 423 4759 542 4828; x_wconf 89' lang='lat' dir='ltr'>denique</span> <span class='ocrx_word' id='word_1_509' title='bbox 561 4760 744 4830; x_wconf 83' lang='grc' dir='ltr'><em>ἀπαλάμνους</em></span> <span class='ocrx_word' id='word_1_510' title='bbox 763 4756 869 4828; x_wconf 89' lang='grc' dir='ltr'><em>φρένας</em></span> <span class='ocrx_word' id='word_1_511' title='bbox 888 4758 996 4813; x_wconf 85' lang='lat' dir='ltr'>animas</span> <span class='ocrx_word' id='word_1_512' title='bbox 1015 4777 1072 4813; x_wconf 89' lang='lat' dir='ltr'>non</span> <span class='ocrx_word' id='word_1_513' title='bbox 1090 4757 1207 4830; x_wconf 83' lang='lat' dir='ltr'>flagitiis</span> <span class='ocrx_word' id='word_1_514' title='bbox 1222 4757 1355 4828; x_wconf 86' lang='lat' dir='ltr'>pollutas,</span> <span class='ocrx_word' id='word_1_515' title='bbox 1375 4757 1424 4812; x_wconf 88' lang='lat' dir='ltr'>sed</span> <span class='ocrx_word' id='word_1_516' title='bbox 1438 4753 1618 4828; x_wconf 81' lang='lat' dir='ltr'>perversitatis</span> 
     </span>
    </p>
   </div>
   <div class='ocr_carea' id='block_1_6' title="bbox 0 0 1714 5430">
    <p class='ocr_par' dir='ltr' id='par_1_11' title="bbox 0 0 1714 5430">
     <span class='ocr_line' id='line_1_53' title="bbox 0 0 1714 5430; baseline 0 0"><span class='ocrx_word' id='word_1_517' title='bbox 0 0 1714 5430; x_wconf 95' lang='lat' dir='ltr'> </span> 
     </span>
    </p>
   </div>
  </div>
 </body>
</html>
