3417 5434
817 1111 977 1163 NEMEON.
996 1108 1040 1163 E'.

595 1273 846 1359 ΠΤΘΕΑι
887 1274 1254 1359 ΑΙΓΙΝΗΤΗι

776 1468 1077 1522 nummulamis.

809 3221 1050 3304 Argumentum.

382 3351 512 3427 Pytheos
531 3351 693 3427 Lamponis
711 3351 791 3411 filius
805 3352 953 3431 Aeginete
972 3372 988 3411 e
1006 3351 1192 3412 nobilissima
1209 3354 1298 3430 gente
1317 3350 1565 3427 Psalychidarum
1687 3333 1688 3344 ἶ

292 3432 335 3521 (v.
350 3440 373 3498 I.
388 3459 419 3499 ιι
435 3432 492 3523 63),
507 3440 592 3499 cuiue
607 3440 764 3501 victoriam
780 3442 960 3501 Nemeaeam
978 3442 1034 3501 hoc
1052 3460 1170 3501 carmen
1194 3440 1337 3517 illustrat,
1360 3440 1493 3518 gentilis,
1515 3440 1566 3499 sed

293 3550 353 3590 non
384 3528 463 3588 filius
493 3529 655 3606 Lamponis
685 3530 748 3590 eius
779 3530 850 3608 fuit,
882 3530 935 3607 qui
964 3550 1083 3609 pugnae
1113 3529 1283 3589 Plataeensi
1313 3528 1454 3588 interfuit
1476 3533 1507 3588 et
1528 3528 1566 3587 ab

293 3618 445 3679 Herodoto
468 3637 501 3677 un
526 3630 557 3678 78
581 3638 660 3679 unus
689 3639 725 3679 ex
752 3620 937 3696 principibus
960 3619 1175 3698 Aeginetarum
1203 3619 1295 3679 fuisse
1322 3618 1447 3677 dicitur:
1474 3615 1507 3677 ἐν
1534 3614 1565 3676 δὲ

292 3710 456 3786 Πλαταιῇσι
487 3704 519 3767 ἕν
548 3712 587 3791 τῷ
618 3706 802 3791 στρατοπέδῳ
829 3717 888 3768 τῶν
911 3705 1095 3788 Αἰγινητέων
1123 3700 1162 3787 ἦν
1185 3707 1322 3786 Λάμπων
1345 3704 1460 3767 Πυθέω
1483 3706 1564 3785 Αἰγι-

291 3793 404 3875 νητέων
436 3796 471 3857 τὰ
503 3806 616 3875 πρῶτα·
649 3797 740 3857 Illum
773 3797 853 3858 enim
886 3798 1018 3875 Pytheae
1047 3798 1144 3857 filium
1171 3797 1247 3855 dixit
1274 3797 1461 3874 Herodotus,
1488 3797 1565 3855 hunc

291 3889 427 3948 nostrum
460 3885 591 3947 Cleonici
622 3887 771 3947 Pindarus
803 3878 840 3968 (Ι.
869 3907 888 3946 v
917 3898 960 3947 56.
991 3906 1024 3947 vu
1053 3879 1109 3968 16).
1166 3886 1273 3946 Frater
1303 3886 1402 3946 minor
1433 3886 1565 3963 Pytheee

290 3974 455 4053 Phylacida
492 3975 566 4054 fuit,
606 3976 690 4035 cuius
723 3976 880 4037 Isthmicos
912 3976 1053 4037 victorias
1085 3978 1160 4035 duas
1191 3975 1339 4035 Pindarus
1377 3975 1401 4035 Ι.
1430 3995 1450 4034 ι
1478 3979 1508 4035 et
1533 3993 1564 4034 ιι

291 4065 483 4142 praedicauit.
539 4065 698 4125 Praeterea
731 4067 899 4126 avunculus
935 4057 1080 4148 (μάτρως)
1117 4064 1182 4125 6ἱ66
1212 4065 1418 4141 Euthymenes
1450 4063 1565 4143 gymni-

291 4155 333 4215 cis
361 4154 440 4213 ludis
468 4174 590 4230 operam
618 4155 741 4215 dederet
769 4147 820 4237 (N.
838 4176 859 4215 ι
877 4167 920 4216 41.
943 4156 966 4215 Ι.
986 4174 1018 4213 ιι
1037 4147 1099 4236 62),
1128 4158 1158 4214 et
1186 4154 1235 4214 aui
1258 4154 1386 4214 materni
1410 4154 1565 4214 Themistii

292 4244 423 4322 insignia
446 4243 575 4303 duarum
598 4244 791 4304 victoriarum
814 4245 1054 4321 Epidaurearum
1073 4244 1103 4302 in
1122 4243 1271 4304 vestibulo
1294 4243 1358 4303 fani
1376 4242 1485 4303 Aeacei
1503 4262 1564 4302 sus-

291 4351 384 4409 pensa
408 4338 494 4392 erant
512 4326 563 4414 (N.
583 4353 603 4393 ι
622 4325 669 4416 63)
690 4362 732 4375 -—
752 4334 796 4394 De
820 4338 952 4411 tempore
976 4333 1116 4393 carminis
1139 4334 1195 4392 hoc
1219 4333 1338 4410 quidem
1361 4336 1487 4411 constat,
1509 4333 1565 4409 Py-

291 4423 379 4482 theas
408 4422 566 4482 victoriam
593 4424 786 4501 Nemeaeum,
814 4443 883 4483 cum
910 4424 942 4481 in
965 4422 1147 4483 carminibus
1169 4421 1191 4480 1.
1211 4442 1232 4481 ι
1251 4433 1293 4481 19.
1315 4441 1348 4480 ιι
1367 4433 1392 4481 4.
1412 4433 1444 4481 61
1465 4442 1501 4481 ea
1521 4441 1564 4480 re-

293 4512 440 4588 spiciatur
462 4514 493 4570 et
516 4531 634 4571 carmen
656 4513 712 4572 hoe
735 4513 919 4574 Nemeaeum
941 4516 1097 4589 tamquam
1114 4511 1212 4588 prima
1230 4511 1337 4571 libatio
1356 4511 1462 4571 domus
1480 4511 1565 4570 Lam—

291 4602 378 4678 ponis
407 4600 508 4659 oblata
539 4620 601 4661 esse
630 4602 748 4661 dicatur
771 4594 808 4681 (Ι.
827 4620 860 4662 ιι
879 4592 924 4683 2),
949 4604 1019 4661 ente
1041 4600 1200 4660 Isthmicos
1223 4600 1364 4660 victorias
1387 4600 1566 4677 Phylacidae

291 4692 477 4767 reportatam
496 4709 566 4750 6666.
604 4691 709 4769 Neque
728 4691 871 4771 exiguum
894 4690 1037 4768 temporis
1055 4690 1247 4749 intervallum
1266 4690 1346 4749 inter
1362 4690 1401 4748 N.
1419 4710 1440 4748 ι
1457 4689 1528 4749 etl.
1546 4708 1567 4748 ι

292 4779 493 4841 intercessisse
512 4779 641 4860 videtur,
665 4781 807 4857 quoniam
826 4780 989 4861 Phylacide
1007 4780 1102 4839 freter
1120 4780 1157 4838 ad
1176 4780 1304 4839 alterum
1323 4779 1399 4838 illud
1417 4782 1566 4838 certamen
