3417 5434
321 270 437 326 XXXVI
826 271 1103 323 PROLEGOMENA.

320 458 390 500 ram
405 435 439 499 in
453 435 516 498 fine
532 434 678 499 colorum
696 433 945 520 diligentissime
963 431 1176 498 observantis.
1210 431 1274 497 Sed
1286 433 1348 496 hac
1362 433 1400 496 de
1415 431 1610 517 quaestione

321 547 358 606 ut
381 545 467 607 recte
491 541 679 626 iudicemuS,
702 540 800 624 paulo
824 540 923 605 altius
945 563 997 604 res
1020 539 1195 623 repetenda
1218 543 1277 604 est.

411 646 564 713 colorum
588 646 713 730 divisio,
737 650 774 710 ut
797 647 877 731 ipsis
901 646 1089 711 nominibus
1112 651 1221 731 μελῶν
1244 651 1277 710 et
1300 647 1464 734 μελῳδίας
1487 645 1612 710 indica·

321 763 392 821 tum
407 759 465 840 est,
484 754 588 820 multo
606 754 727 819 arctius
742 775 816 818 cum
830 753 1059 837 modulatione,
1079 775 1176 837 quam
1191 775 1264 818 cum
1283 753 1438 838 rhythmo
1453 750 1610 818 carminis

192 915 196 922 .
321 865 482 947 cohaeret,
500 861 679 926 modulatio
694 866 804 926 autern
817 861 890 945 ipsa
904 865 941 925 ut
953 861 1109 944 rhythmo
1126 882 1193 924 non
1206 865 1310 945 vacat,
1327 859 1376 925 ita
1393 882 1460 925 non
1479 880 1611 944 semper

320 969 435 1035 iisdem
468 973 565 1052 atque
597 969 652 1033 ille
685 968 805 1032 finibus
842 966 1029 1033 includitur.
1078 966 1238 1050 Rhythmi
1271 967 1358 1032 enim
1391 971 1502 1051 partes
1535 965 1610 1030 solo

320 1076 506 1159 intervallo,
539 1097 603 1159 quo
627 1097 710 1138 unus
735 1074 819 1140 ictus
846 1075 1021 1160 primarius
1050 1075 1091 1139 ab
1119 1075 1222 1139 altero
1253 1075 1368 1160 distat,
1399 1074 1611 1156 definiuntur,

320 1183 553 1249 modulationis
586 1187 695 1246 autern
727 1181 795 1246 sive
828 1181 975 1247 colorum
1007 1183 1089 1246 fines
1120 1181 1219 1246 etiam
1247 1204 1267 1245 a
1294 1181 1366 1246 soni
1398 1178 1609 1246 conclusione

321 1291 488 1356 modulata
507 1291 655 1374 pendent.
693 1289 798 1352 Huius
819 1294 928 1354 autem
947 1289 1091 1353 rationes
1111 1311 1206 1373 saepe
1225 1311 1299 1354 cum
1315 1289 1433 1373 pedum
1447 1286 1609 1372 rhythmi-

321 1420 434 1463 corum
456 1399 576 1462 finibus
598 1400 755 1482 pugnant.
799 1394 851 1460 Sic
875 1396 1028 1481 dactylici
1052 1395 1174 1459 ordinis
1197 1419 1254 1480 pes
1277 1395 1444 1482 legitimus
1466 1395 1502 1457 in
1526 1395 1609 1457 duas

320 1506 433 1570 breves
458 1505 538 1591 exit3
561 1508 595 1568 at
619 1502 734 1567 musici
758 1501 822 1566 coli
845 1503 880 1566 in
903 1503 982 1567 duas
1006 1503 1120 1567 breves
1140 1503 1305 1567 conclusio
1324 1503 1454 1588 ingrata
1472 1501 1608 1566 auribus

321 1613 448 1697 accidit,
471 1635 545 1677 cum
564 1609 771 1679 conclusione
790 1609 823 1673 in
843 1608 975 1696 longam
995 1614 1028 1673 et
1045 1608 1114 1672 ictu
1132 1631 1319 1694 percussam
1339 1608 1498 1693 syllabam
1518 1608 1609 1672 facta

321 1741 420 1784 sonus
445 1720 549 1784 alacer
569 1722 602 1782 et
620 1716 783 1782 masculus
803 1717 919 1781 evadit.
956 1716 1035 1781 Inde
1053 1737 1120 1780 non
1143 1716 1323 1802 miraberis,
1345 1716 1374 1781 si
1392 1715 1554 1780 Pindarus
1572 1715 1609 1780 in
1704 1720 1705 1801 l

320 1826 467 1891 versibus
492 1847 530 1890 ex
550 1825 674 1889 duabus
693 1823 843 1906 tripodiis
864 1823 1032 1908 dactylicis
1052 1823 1288 1906 constantibus,
1311 1822 1423 1908 quales
1443 1827 1521 1887 sunt
1541 1828 1608 1886 tres
1704 1814 1705 1833 ²

320 1932 355 1996 in
384 1933 518 2019 stropha
547 1933 626 1996 odae
650 1931 766 2012 P.x11,
798 1953 960 2014 nusquam
987 1935 1063 2014 post
1090 1928 1225 1994 tertium
1251 1931 1366 2014 pedem
1393 1929 1513 2014 prioris
1543 1929 1607 1993 coli
1704 1940 1705 1949 ²

321 2040 454 2104 verbum
479 2039 594 2120 finivit,
618 2038 675 2102 sed
698 2036 803 2101 decies
827 2042 904 2121 post
926 2037 1065 2121 primam
1088 2036 1221 2122 longam
1244 2036 1334 2100 tertii
1358 2035 1448 2119 pedis

322 2500 446 2568 Similis
465 2501 549 2567 ratio
574 2499 811 2585 epitriticorum
836 2521 989 2563 versuum
1012 2504 1077 2583 cst,
1106 2498 1162 2582 qui
1184 2521 1258 2564 raro
1281 2503 1357 2583 post
1378 2499 1509 2563 finitum
1532 2501 1612 2564 ulti·
1704 2518 1705 2551 1

320 2633 410 2674 mum
431 2610 546 2694 pedem
569 2606 687 2693 prioris
713 2607 774 2671 coli
803 2605 993 2691 rhythmici,
1020 2605 1223 2688 frequentius
1250 2611 1326 2690 post
1353 2606 1485 2670 tertiam
1512 2607 1611 2689 sylla-

320 2717 396 2781 bam
420 2716 527 2781 ultimi
552 2714 676 2799 epitriti
699 2713 818 2797 prioris
837 2713 902 2779 coli
921 2717 978 2777 aut
995 2717 1072 2797 post
1089 2712 1229 2798 primam
1246 2713 1380 2798 longam
1398 2713 1495 2797 primi
1515 2714 1609 2797 pedis

321 2823 454 2888 alterius
478 2821 541 2888 coli
564 2822 760 2886 inciduntur.
801 2819 936 2885 Talibus
959 2820 1062 2905 igitur
1084 2821 1119 2883 in
1142 2819 1289 2884 versibus
1314 2821 1400 2904 quod
1423 2821 1515 2885 sedes
1537 2843 1610 2885 cae
1704 2810 1705 2841 ³

321 2953 414 2996 surae
439 2931 584 3014 fluctuat,
609 2927 742 2992 minime
765 2926 893 2990 crimini
916 2932 1032 3011 poetae
1055 2948 1229 2992 numeroso
1252 2927 1335 2991 verti
1355 2927 1457 2991 debet.
1497 2926 1607 3013 Magis

321 3038 482 3103 offendere
506 3041 615 3122 potest
639 3035 724 3120 quod
743 3035 842 3099 etiarn
860 3035 895 3099 in
914 3034 1071 3119 versibus,
1094 3055 1233 3118 quorum
1253 3033 1438 3118 rhythmica
1456 3034 1607 3099 decursio

320 3144 520 3228 procatalexi
551 3141 816 3226 interrumpitur,
848 3164 914 3207 non
947 3164 1074 3225 semper
1104 3141 1139 3205 in
1172 3140 1309 3205 catalexi
1341 3141 1477 3205 verbum
1508 3148 1609 3226 poeta

320 3251 436 3336 finivit,
459 3257 496 3316 ut
519 3251 660 3335 primurn
682 3271 811 3314 versum
831 3250 957 3333 primae
976 3251 1055 3314 odae
1075 3248 1263 3333 Olympieae
1287 3246 1457 3332 quinquies
1475 3247 1608 3331 quidem

319 3358 353 3422 in
376 3358 576 3443 procatalexi
598 3357 713 3424 incidit

683 3461 1239 3544 olL-uosoc-,Aomotssss

321 3588 377 3652 sed
400 3593 450 3653 ter
472 3593 549 3673 post
571 3589 711 3674 primam
735 3587 786 3653 vel
809 3589 985 3652 secundam
1007 3587 1168 3672 syllabam
1191 3587 1326 3651 alterius
1350 3587 1413 3652 coli

676 3697 1052 3777 &mesot-go
1088 3716 1246 3763 ,vulf--

677 3823 999 3871 ol’..uo;vl..ss
1033 3822 1248 3882 υ,..υυ1.’...

318 3928 427 4013 Atque
455 3928 490 3992 in
518 3927 670 3993 carminis
698 3925 738 3991 N.
758 3945 783 3990 Π
810 3948 907 3991 versu
935 3931 1052 4010 quarto
1081 3932 1149 3991 tam
1178 3925 1331 4010 frequens
1363 3949 1498 3991 caesura
1530 3932 1607 4012 post

319 4036 457 4118 primam
483 4035 644 4120 syllabam
667 4033 832 4120 sequentis
857 4018 919 4098 coli
948 4038 1012 4117 est,
1043 4038 1079 4097 ut
1105 4033 1223 4098 merito
1250 4033 1399 4120 ambigas
1427 4038 1540 4098 utrum
1567 4057 1606 4099 ex
1704 4046 1705 4087 3

319 4142 485 4227 glyconeis
508 4142 660 4227 periodus
685 4145 813 4207 constet

556 4251 563 4289 Ἰ
641 4275 1122 4317 Monokaminon.
1147 4272 1372 4317 ἳ,ῡ-υυι.’.-

320 4396 362 4438 an
384 4374 418 4438 in
442 4373 584 4440 ionicum
608 4379 749 4439 tractum
773 4373 904 4460 singula
926 4373 999 4437 cola
1021 4377 1138 4438 exeant

532 4503 872 4564 wu.².uu-ul.[...,
925 4502 1391 4550 ῡ,ῑ.υυ-υ[.’--ῦὲ.υυ..-

319 4606 358 4671 In
390 4606 432 4670 iis
464 4629 540 4671 vero
572 4607 734 4691 versibus,
771 4608 827 4692 qui
858 4607 893 4671 in
925 4607 1081 4672 creticum
1112 4607 1228 4692 pedem
1259 4611 1336 4692 post
1371 4607 1606 4692 procatalerim
1704 4672 1705 4675 ,

319 4718 438 4780 exeunt
460 4719 517 4778 aut
540 4737 559 4778 a
581 4714 721 4779 iambico
745 4714 796 4778 vel
819 4714 986 4778 trochaico
1008 4716 1132 4800 proodo
1155 4718 1360 4778 monometro
1384 4715 1606 4800 exordiuntur,

1704 4866 1706 4913 l
