3417 5434
311 289 363 345 XX
812 291 1089 344 PROLEGOMENA.

310 455 374 519 nisi
398 455 485 520 vices
508 453 674 540 legitimae
699 454 762 518 alio
786 454 884 518 modo
907 454 1169 537 restituerentur,
1192 453 1255 517 hoc
1278 458 1387 518 autem
1405 475 1472 517 non
1491 474 1601 536 pausa

311 562 482 627 interiecta
509 562 593 645 fieri,
621 561 676 626 sed
704 562 803 646 longa
828 561 877 625 ita
898 565 1078 645 protracta,
1105 565 1143 624 ut
1167 560 1267 624 arsim
1289 560 1450 644 simulque
1473 559 1599 623 thesim

311 670 452 754 expleat,
474 669 510 732 in
533 669 639 754 capite
663 669 701 732 de
725 667 868 732 numeris
892 689 1060 753 exponam.

400 775 490 840 Haec
514 776 577 840 duo
602 797 721 860 genera
743 797 896 840 versuum
921 779 956 838 ut
978 774 1165 840 nominibus
1188 775 1442 860 distinguamus,
1466 774 1597 859 priores

311 889 418 949 rectos
444 879 614 970 (ὀρθούς),
638 882 758 946 1111111
778 881 928 966 obliquos
948 882 1136 968 (δοχμίους,
1159 878 1311 968 ὑπτίους)
1336 882 1487 966 dicimus,
1509 903 1598 964 quae

312 989 442 1074 quidem
469 989 603 1054 nomina
630 1010 827 1072 quamquam
854 989 921 1052 iam
947 986 984 1052 in
1010 988 1109 1053 simili
1137 1009 1198 1052 usu
1227 987 1312 1072 apud
1340 993 1463 1052 veteres
1488 1009 1598 1072 gram-
1699 1030 1700 1085 y

311 1097 448 1162 maticos
470 1096 575 1181 fuere,
597 1100 708 1160 tamen
731 1096 771 1160 ab
795 1095 850 1178 iis,
874 1117 947 1158 cum
970 1094 1054 1160 hanc
1076 1099 1204 1179 partem
1223 1095 1303 1159 artis
1322 1094 1475 1159 metricae
1492 1095 1596 1158 nimis
1699 1090 1700 1161 i

310 1204 535 1290 neglegerent,
567 1202 607 1267 ad
638 1203 719 1268 haec
749 1224 869 1288 genera
894 1224 1047 1267 versuum
1074 1201 1304 1288 distinguenda
1329 1202 1474 1267 nondum
1501 1224 1598 1266 usur·

310 1315 388 1396 pata
412 1316 496 1376 sunt.
532 1309 617 1374 Tota
640 1315 750 1374 autem
772 1309 853 1374 haec
876 1332 927 1373 res
952 1332 1026 1374 cum
1048 1315 1167 1374 natura
1192 1309 1220 1374 si
1242 1310 1350 1374 minus
1375 1309 1534 1394 omnium,
1558 1315 1597 1372 at

311 1423 422 1482 tamen
453 1418 681 1503 plerorumque
714 1439 866 1482 versuum
893 1416 1054 1483 cohaeret.
1100 1417 1194 1492 Quod
1222 1417 1309 1482 enim
1336 1438 1435 1500 supra
1462 1437 1596 1480 versum

311 1524 516 1589 definivimus
540 1523 686 1588 ordinem
708 1523 931 1607 rhythmicum
958 1523 1120 1589 continuis
1146 1523 1290 1588 numeris
1314 1524 1535 1588 decurrentem
1559 1528 1597 1586 et
1699 1562 1700 1589 l

311 1653 413 1714 pausa
435 1631 579 1715 finitum,
603 1629 666 1694 hoc
691 1631 836 1695 omnium
859 1653 1010 1696 versuum
1033 1653 1203 1696 commune
1227 1635 1290 1714 est,
1313 1629 1458 1716 plerique
1481 1633 1595 1693 autem

312 1742 428 1823 poetae
461 1742 495 1802 et
525 1737 665 1802 artifices
699 1737 837 1803 alterum
865 1738 1001 1823 addunt,
1033 1761 1162 1802 versum
1194 1761 1234 1802 11
1260 1737 1408 1822 pluribus
1436 1737 1594 1801 membris

312 1850 461 1909 constare
485 1849 518 1908 et
542 1866 613 1908 1111
637 1865 707 1909 1111
730 1839 842 1908 versus
867 1845 946 1929 vim,
974 1851 1012 1909 ut
1039 1845 1134 1930 plura
1155 1844 1235 1909 11111
1259 1844 1495 1910 111111111111
1519 1844 1596 1908 1111

312 1950 353 2014 ad
381 1951 540 2014 unitatem
568 1950 664 2015 unius
693 1951 838 2036 corporis
867 1952 1053 2038 coniungat.
1099 1953 1208 2035 Atque
1236 1951 1400 2016 notissimi
1426 1957 1459 2016 et
1482 1951 1599 2015 crebro

312 2079 373 2123 usu
394 2058 486 2142 quasi
505 2057 622 2122 sanciti
641 2079 767 2141 versus,
791 2063 828 2122 ut
847 2057 1028 2123 hexametri
1046 2058 1213 2143 dactylici,
1236 2058 1419 2123 tetrametri
1438 2057 1600 2123 trochaici

312 2170 345 2230 11
368 2164 581 2250 anapaestici,
604 2164 799 2248 pentametri
822 2164 973 2252 elegiaci,
995 2165 1214 2250 Asclepiadei,
1237 2162 1383 2250 Sotadei,
1410 2164 1598 2248 Gelliambi,

312 2293 423 2336 omnes
447 2294 486 2336 ex
508 2270 595 2335 binis
619 2270 699 2335 colis
728 2277 894 2357 constant,
921 2277 959 2336 ut
988 2277 1104 2357 sponte
1128 2294 1163 2336 se
1187 2273 1302 2336 offerat
1326 2271 1487 2355 quaestio,
1514 2294 1596 2335 num

311 2379 470 2444 Pindams
495 2377 576 2442 ahos
600 2399 698 2460 quam
722 2378 777 2462 qui
801 2401 841 2442 11
859 2380 986 2444 duobus
1004 2379 1193 2464 pluribusve
1212 2379 1293 2444 colis
1312 2384 1463 2444 constent
1481 2401 1596 2442 versus

311 2486 506 2572 probaverit.
554 2482 617 2548 Sed
644 2483 683 2549 de
711 2484 762 2548 his
795 2486 893 2551 rebus
921 2486 1029 2572 aptius
1057 2486 1157 2571 infra,
1189 2487 1217 2551 si
1243 2487 1284 2550 ad
1307 2487 1533 2570 quaestionem
1555 2486 1596 2549 de

284 2658 288 2664 ,
311 2593 535 2688 magnitudine
558 2613 671 2656 versus
694 2597 727 2656 et
751 2593 789 2656 de
814 2593 894 2657 colis
917 2615 1069 2658 versuum
1092 2594 1289 2678 venerimus,
1312 2594 1517 2658 disseremus.

401 2701 456 2764 De
481 2703 681 2764 structura
703 2721 889 2764 versuum.
926 2698 1059 2766 Iudiciis
1083 2701 1201 2784 quibus
1224 2723 1337 2766 versus
1360 2700 1596 2765 finescircum-
1699 2788 1700 2793 ἵ

313 2807 499 2873 scribantur
531 2804 687 2889 expositis
720 2806 758 2870 de
789 2807 896 2891 specie
924 2829 1036 2871 versus
1063 2807 1136 2893 ipsa
1162 2807 1257 2872 uobis
1286 2807 1508 2872 disserendum
1536 2813 1597 2891 est,

312 2919 349 2978 ut
378 2913 487 3000 quales
517 2913 644 2978 ordines
673 2913 851 2995 rhythmici
882 2914 1014 2978 nomine
1047 2936 1159 2979 versus
1186 2937 1261 2980 1111
1288 2914 1379 3000 digni
1407 2915 1474 2981 sint
1501 2915 1596 2978 intel·

311 3022 467 3107 legamus.
515 3021 622 3103 Atque
651 3025 727 3084 sunt
756 3020 888 3104 quidam
915 3021 1044 3087 ordines
1067 3021 1259 3107 rhythmici,
1286 3022 1402 3106 quibus
1426 3022 1499 3108 ipsa
1521 3043 1597 3086 con-

312 3128 496 3193 firmatione
520 3127 642 3191 ordinis
666 3128 761 3214 signa
783 3128 863 3191 iusti
886 3132 919 3193 et
941 3129 1077 3214 perfecti
1101 3151 1214 3194 versus
1236 3130 1395 3214 impressa
1419 3129 1493 3192 sint.
1541 3127 1594 3194 Sic

312 3257 423 3299 versus
446 3233 482 3298 P.
502 3252 540 3297 111
564 3239 619 3298 str.
639 3235 660 3300 5
683 3239 716 3298 et
740 3237 827 3320 ep.3

313 3471 387 3513 cum
419 3448 525 3512 media
552 3471 627 3533 pars
657 3447 817 3530 dactylica
845 3449 1008 3533 utrimque
1036 3449 1178 3534 epitritis
1206 3449 1405 3514 circumdata
1433 3451 1491 3535 sit,
1520 3451 1595 3534 ipsa

313 3555 532 3621 concinnitate
561 3555 808 3640 compositionis
836 3556 999 3639 perfectus
1023 3555 1114 3619 etin
1137 3579 1171 3620 se
1194 3557 1353 3621 rotundus
1377 3579 1447 3621 esse
1469 3557 1595 3622 intelle-

313 3663 410 3748 gitur.
456 3662 546 3727 ldem
569 3662 656 3728 valet
678 3663 716 3727 de
741 3685 836 3727 versu
859 3663 884 3727 I.
903 3665 992 3728 115

314 3896 404 3960 ouius
433 3917 545 3959 versus
573 3896 678 3960 medis
700 3918 777 3982 pars
801 3919 840 3960 11
864 3897 970 3961 tribus
994 3895 1074 3961 colis
1097 3897 1296 3982 logaoedicis
1320 3897 1482 3961 similibus
1508 3918 1595 3962 corn-

311 4003 421 4088 posita
448 4003 595 4088 quamvis
623 4024 689 4067 non
716 4003 849 4086 paribus
877 4003 1013 4088 pedibus
1038 4003 1202 4089 utrimque
1226 4003 1456 4088 circumdetur,
1483 4009 1594 4069 tamen

313 4110 434 4195 optime
468 4133 487 4174 a
519 4109 611 4195 gravi
643 4109 715 4174 basi
746 4110 922 4194 spondaico
948 4109 1114 4175 inducitur
1140 4115 1174 4174 et
1200 4111 1236 4174 in
1264 4111 1394 4176 sedatos
1422 4111 1593 4177 trochaeos

311 4239 483 4282 numerose
506 4217 655 4282 excurrit.

401 4323 506 4388 Multo
536 4324 664 4409 saepius
692 4347 803 4390 versus
832 4324 902 4390 solo
933 4325 1022 4389 exitu
1051 4325 1204 4389 definitur
1229 4329 1262 4390 et
1286 4326 1326 4390 ad
1349 4326 1473 4391 iustum
1495 4327 1594 4393 finem

313 4431 488 4496 deducitur.
536 4433 643 4518 Atque
671 4432 734 4496 hoo
760 4432 902 4516 primum
930 4433 982 4517 fit,
1009 4432 1038 4496 si
1065 4437 1141 4516 post
1169 4432 1248 4496 duas
1273 4433 1421 4517 pluresve
1445 4434 1593 4518 dipodius

312 4538 453 4622 tripodis
475 4537 584 4624 posita
607 4543 670 4623 est,
693 4538 783 4605 velut

479 4673 1222 4716 ²o-oooo-o‡o-o;oou.‡o-ou
1281 4643 1433 4734 (0.16),

478 4780 562 4822 ²·-
616 4782 956 4822 somvicum!
1010 4750 1191 4842 (N.1v5),
