3417 5434
481 332 531 384 III.
556 332 606 382 DE
624 331 733 383 LUDlS
754 331 799 382 ET
821 330 996 382 EPINlCllS.
1271 326 1383 380 LXXIX

90 499 261 560 auctorem
285 500 416 560 secutus
441 495 529 559 omni
553 499 699 579 tempore
722 515 898 580 puerorum
923 491 1102 559 certamina
1120 491 1263 557 virorum
1284 497 1385 556 certa-

90 602 239 668 minibus
268 601 483 667 antecessisse
510 605 654 686 putaret,
687 601 828 686 quinque
861 601 929 666 dies
961 599 1111 664 ludorum
1142 598 1384 684 Olympicorum

90 709 339 774 distribuendos
364 708 541 774 censuerit:

180 817 372 902 primodie:
391 815 551 882 sacrificia
565 813 764 903 (βουθυσία)
784 821 817 880 et
835 837 986 881 recensus
1001 816 1196 880 certantium
1215 814 1384 879 hominum

90 930 122 988 et
145 946 320 1008 equorum,

180 1031 328 1096 secundo
351 1031 415 1095 die:
439 1030 617 1095 certamina
638 1052 825 1116 puerorum,

180 1139 285 1204 tertio
309 1139 374 1204 die:
405 1139 549 1204 virorum
581 1137 727 1222 ὃόλιχος,
760 1137 908 1220 στάδιον,
940 1138 1093 1221 δίαυλος,
1126 1137 1229 1221 πάλη,
1261 1138 1385 1221 πυγμή,

92 1247 314 1334 παγκράτιον,
337 1257 447 1331 κῶμος
469 1256 537 1310 τῶν
559 1246 777 1329 νιαήσαντοιν,

183 1359 306 1438 quarto
340 1353 404 1419 die:
439 1353 656 1439 ἱπποδρομία,
688 1351 894 1435 πένταθλον,
927 1353 1073 1419 ὁπλιτῶν
1105 1356 1242 1441 δρόμος,
1276 1364 1386 1436 κῶμος

93 1473 159 1526 τῶν
183 1461 410 1546 νικησάντων,

183 1571 304 1654 quinto
327 1569 394 1633 die:
419 1567 578 1634 sacrificia
601 1567 762 1632 victorum
785 1574 828 1633 et.
840 1566 1025 1654 legatorum
1049 1568 1172 1651 epulae.

295 1765 349 1831 Dc
377 1787 534 1832 numero
562 1770 600 1830 et
628 1764 841 1830 sortitione
871 1765 1191 1830 concertantium.

184 1891 229 1957 In
261 1891 427 1957 difficilem
458 1891 524 1954 iam
557 1890 782 1975 quaestionem
816 1889 854 1953 de
887 1889 1058 1954 sortitione
1091 1894 1124 1954 et
1154 1910 1289 1953 numero
1321 1910 1387 1954 cer-

96 1999 242 2064 tantium
267 1998 455 2064 delabimur.
500 1995 647 2062 Primum
673 1996 776 2083 igitur
804 1996 950 2061 omniurn
977 1996 1040 2061 hoc
1069 1996 1105 2061 in
1131 1996 1305 2083 propatulo
1328 2000 1388 2080 est,

97 2129 161 2171 non
194 2105 344 2171 omnium
377 2103 591 2171 certaminum
624 2105 758 2169 eandem
791 2104 826 2168 in
860 2103 922 2167 hac
956 2125 990 2167 re
1025 2103 1247 2168 conditionem
1273 2102 1387 2200 ⁸fuisse.

97 2212 250 2298 Namque
275 2213 315 2278 ad
337 2213 474 2296 luctam,
501 2209 700 2296 pugilatum,
724 2232 870 2296 pugnam
893 2213 1065 2295 armatam,
1093 2209 1299 2296 pancratium
1321 2230 1388 2272 non

97 2321 208 2406 plures
238 2343 337 2405 quarn
360 2320 456 2384 binos
479 2319 514 2383 in
538 2340 668 2382 arenam
693 2316 884 2381 descendere
907 2316 1053 2401 potuisse
1075 2321 1180 2403 patet,
1208 2319 1264 2382 sed
1291 2338 1388 2382 cursu

98 2433 130 2493 et
156 2429 254 2513 equis
281 2448 408 2492 necnon
435 2426 521 2491 saltu
549 2429 582 2490 et
608 2424 714 2490 iaculo
743 2428 776 2488 et
798 2424 888 2488 disco
911 2424 994 2488 nibil
1018 2425 1186 2510 obstabat,
1215 2423 1388 2509 quominus

99 2536 210 2619 plures
243 2535 329 2598 inter
358 2555 393 2598 se
426 2537 596 2598 certarent.
650 2530 760 2616 Atque
790 2531 825 2595 in
855 2531 999 2597 Patrocli
1029 2533 1142 2597 funere
1174 2554 1271 2597 curru
1304 2536 1389 2616 octo,

100 2665 196 2708 cursu
222 2645 290 2706 tres
314 2645 455 2706 certasse
474 2639 637 2704 Homerus
659 2638 779 2724 prodit,
801 2639 951 2724 idemque
972 2639 1135 2704 Phaeaces
1160 2638 1308 2724 sedecim,
1332 2638 1387 2722 qui

100 2771 221 2814 nomen
247 2747 388 2833 professi
410 2752 517 2832 erant,
545 2769 656 2812 omnes
685 2745 783 2811 simul
807 2769 921 2812 cursus
945 2751 1109 2812 certamen
1131 2745 1243 2811 iniisse
1266 2750 1388 2810 narrat.

102 2855 263 2922 Similiter
289 2855 324 2919 in
348 2854 455 2920 Peliae
483 2855 567 2919 ludis
595 2853 787 2918 funebribus
816 2875 872 2918 sex
895 2854 996 2940 bigis,
1023 2853 1164 2939 quinque
1192 2855 1310 2939 pedum
1337 2876 1389 2918 ve-

101 2964 236 3029 locitate
257 2967 397 3028 certasse
417 2962 573 3027 seruntur.
610 2960 769 3026 Pindarus
788 2983 865 3026 vero
885 2961 922 3026 P.
935 2979 958 3025 v
974 2961 1018 3026 49
1041 2960 1200 3046 Pythiade
1223 2961 1389 3026 tricesima

102 3072 208 3156 prima
231 3069 461 3156 quadraginta,
486 3068 663 3153 Sophocles
687 3067 737 3132 El.
758 3069 821 3134 708
845 3068 880 3132 in
907 3068 1081 3152 fabulosis,
1109 3068 1165 3134 sed
1188 3070 1229 3133 ad
1256 3090 1389 3134 consue

103 3179 251 3243 tudinem
274 3199 351 3242 suae
375 3176 491 3241 aetatis
516 3175 705 3241 assimilatis
728 3174 814 3240 ludis
833 3175 963 3260 Pythiis
982 3175 1107 3241 Orestis
1126 3176 1236 3242 decem
1257 3176 1389 3262 aurigas

103 3287 188 3352 inter
216 3307 252 3351 se
281 3283 413 3349 collisos
441 3306 511 3348 esse
539 3289 659 3349 narrat.
706 3281 769 3348 Sed
795 3283 830 3347 in
857 3284 910 3349 his
934 3305 1063 3369 quoque
1087 3284 1185 3370 ludis,
1212 3285 1248 3349 in
1271 3285 1389 3370 quibus

103 3395 210 3478 plures
235 3391 335 3456 simul
358 3395 521 3456 certarnen
542 3391 625 3456 inire
653 3395 820 3476 poterant,
848 3391 905 3456 ubi
926 3391 1015 3456 iusto
1042 3392 1153 3478 plures
1182 3391 1316 3457 nomina
1338 3391 1390 3456 de·

105 3501 231 3586 derant,
261 3521 332 3564 mos
356 3497 508 3582 invaluit,
535 3499 630 3563 utin
654 3499 734 3563 duos
759 3499 888 3564 ordines
912 3499 1197 3585 distribuerentur,
1219 3504 1253 3564 et
1276 3499 1333 3583 qui
1354 3499 1390 3563 in

105 3611 243 3693 utroque
268 3604 380 3671 ordine
403 3605 586 3691 superiores
610 3605 803 3692 evasissent,
831 3606 936 3672 denuo
964 3607 1051 3672 inter
1073 3630 1108 3673 se
1131 3607 1170 3672 de
1193 3607 1303 3692 palma
1325 3628 1391 3672 ccr-

106 3719 220 3780 tarent
266 3712 341 3778 Hoc
368 3712 498 3797 quidem
526 3714 564 3777 de
591 3713 779 3780 cursoribus
803 3712 982 3799 Olympicis
1011 3715 1158 3780 disertim
1183 3714 1283 3780 tradit
1306 3715 1390 3779 Pau-

107 3821 212 3886 sanias
226 3838 266 3886 Vl
284 3823 336 3905 13,
351 3822 386 3885 4:
409 3820 580 3905 τέσσαρας,
603 3821 647 3896 ὡς
670 3818 801 3885 ἕκαστοι
825 3828 1061 3905 συνταχθῶσιν
1083 3823 1149 3887 ὑπὸ
1171 3830 1232 3887 τοῦ
1254 3823 1390 3907 κλήρου,

106 3928 159 3994 καὶ
186 3930 250 3994 οὐκ
275 3927 424 4014 ἀθρόους
447 3927 587 4013 ἀφιᾶσιν
611 3927 643 4004 ἐς
666 3928 725 3992 τὸν
749 3929 889 4014 δρόμον·
919 3932 954 3993 οἳ
979 3928 1011 3992 d'
1036 3929 1079 3994 άν
1101 3928 1138 3994 ἐν
1161 3927 1279 4014 ἑκάστῃ
1301 3927 1390 4006 τάξει

108 4039 330 4122 κρατήσωσιν,
357 4032 441 4122 ὑπὲρ
469 4035 581 4100 αὐτῶν
606 4031 708 4112 αὖθις
734 4034 853 4100 θέουσι
877 4048 944 4101 τῶν
967 4039 1098 4120 cerev,
1125 4035 1181 4102 καὶ
1203 4037 1290 4102 οὕτω
1314 4053 1391 4101 στα-

109 4145 181 4209 δίου
204 4145 269 4210 δύο
292 4143 310 4210 ὁ
334 4144 600 4229 στεφανούμενος
625 4141 837 4229 ἀναιρήσεται
860 4147 964 4220 νίκας.

194 4252 236 4317 In
263 4251 415 4337 pugilatu
445 4255 561 4314 autemv
584 4254 617 4314 et
646 4250 736 4314 lucta
765 4257 798 4315 et
826 4252 995 4336 pancratio
1029 4252 1167 4317 alterum
1195 4273 1234 4316 ex
1264 4250 1390 4316 duobus

110 4380 172 4424 non
193 4359 267 4425 fieri
290 4380 356 4423 non
379 4357 503 4443 potuit,
528 4361 565 4421 ut
589 4362 646 4421 aut
668 4357 798 4441 plurum
821 4381 919 4447 quam
942 4359 1080 4425 duorum
1101 4359 1236 4425 nomina
1258 4359 1391 4425 omnino

110 4488 171 4531 non
202 4467 439 4552 reciperentur,
470 4469 527 4529 aut
554 4464 582 4528 si
609 4465 718 4550 plures
747 4466 881 4531 admissi
908 4472 1029 4552 essent,
1061 4467 1086 4531 ii
1113 4466 1148 4531 in
1176 4467 1272 4553 plura
1299 4468 1392 4552 paria

112 4573 390 4639 distribuerentur.
442 4570 558 4656 Itaque
588 4571 675 4656 quod
706 4571 741 4637 in
773 4595 870 4638 cursu
901 4597 1011 4640 rarum
1042 4575 1106 4640 fuit
1135 4597 1240 4660 neque
1268 4575 1333 4639 nisi
1363 4575 1390 4640 si

111 4678 194 4744 iusto
227 4679 333 4744 maior
364 4701 516 4744 numerus
549 4680 807 4746 concertantium
840 4682 1011 4748 exstiterat
1042 4683 1166 4749 factum
1198 4687 1262 4769 est,
1293 4682 1327 4746 id
1356 4683 1391 4746 in

113 4785 161 4851 his
188 4787 361 4874 generibus
390 4787 603 4852 certaminum
630 4787 784 4854 sollemne
813 4789 885 4854 fuit.
930 4789 1040 4875 Atque
1063 4791 1210 4856 disertim
1232 4789 1391 4854 Pindarus
1482 4797 1488 4804 ’
