3417 5434
812 309 962 360 PINDARI
981 308 1148 360 EPINICIA.

1384 467 1467 533 Ἀνι.
1492 493 1539 551 γ.

430 590 500 654 τοῖς
522 577 585 662 γὰρ
610 575 790 662 ἐπέτραπεν
810 574 1024 660 Οὐλυμπόνδ’
1048 577 1109 640 ίὼν
1131 576 1261 658 θαητὸν
1283 574 1397 657 ἀγῶνα
1420 575 1537 660 νέμειν
1594 592 1623 637 οε

431 683 566 769 ἀνδρῶν
589 682 616 748 τ’
644 683 762 769 ἀρετᾶς
784 681 859 769 πέρι
881 682 937 748 καὶ
959 682 1196 768 ῥιμφαρμάτου

431 791 661 876 διφρηλασίας.
705 787 759 875 ἐμέ
783 789 813 854 δ’
841 786 890 855 ὧν
912 791 978 874 πὰρ
1001 790 1112 873 θυμὸς
1134 788 1268 874 ὀτρύνει
1291 789 1401 873 φάμεν
1419 788 1536 875 Ἐμμε-

981 897 1091 972 νίδαις

433 1006 570 1089 Θήρωνί
597 1002 624 1068 τ’
653 1002 765 1069 ἐλθεῖν
792 1003 908 1087 κῦδος,
936 1002 1085 1067 εὐίππων
1112 1002 1278 1067 διδόντων
1305 1004 1535 1088 Τυνδαριδᾶν,
1592 1021 1621 1066 το

981 1110 1033 1176 ὅτι
1056 1112 1240 1174 πλείσταισι
1262 1113 1395 1195 βροτῶν

432 1215 569 1295 ξεινίαις
591 1217 714 1294 αὐτοὺς
737 1215 925 1301 ἐποίχονται
948 1214 1134 1301 τραπέζαις,

1680 1282 1681 1345 l

1396 1413 1462 1478 'an
1485 1413 1532 1496 γι.
1680 1398 1681 1457 )

431 1521 562 1606 εὐσεβεῖ
582 1521 698 1608 γνώμᾳ
721 1519 950 1605 φυλάσσοντες
972 1518 1131 1604 μακάρων
1153 1518 1292 1596 τελετάς.
1680 1590 1681 1601 ρ

432 1631 464 1694 εί
485 1627 516 1693 δ’
542 1627 708 1712 ἀριστεύει
730 1623 791 1711 μὲν
810 1627 914 1712 ὕδωρ,
932 1626 1080 1691 κτεάνων
1098 1623 1135 1691 δὲ
1153 1629 1276 1711 χρυσὸς
1294 1626 1530 1710 αίδοιέστατον,
1587 1644 1616 1690 τε

431 1745 496 1800 νῦν
518 1759 555 1818 γε
577 1735 660 1819 πρὸς
683 1732 837 1818 ἐσχατιὰν
863 1735 984 1819 Θήρων
1007 1732 1176 1818 ἀρεταῖσιν
1201 1734 1326 1799 ίκοίνων
1348 1735 1482 1798 ἅπτεται
1680 1738 1681 1741 ’

431 1848 569 1907 οἴκοθεν
583 1839 764 1926 Ἡρακλέος
782 1846 916 1906 σταλᾶν.
943 1841 981 1906 τὸ
1000 1844 1113 1925 πόρσω
1132 1838 1165 1905 δ’
1185 1842 1254 1905 ἔστι
1272 1852 1392 1925 σοφοῖς
1409 1842 1531 1924 ἄβατον
1585 1856 1616 1902 ao
1680 1866 1681 1927 j

340 1967 375 2014 45
429 1949 599 2034 κάσόφοις.
644 1949 685 2013 οὔ
709 1973 765 2014 νιν
788 1946 910 2026 διώξω·
932 1949 1042 2024 κεινὸς
1065 1953 1145 2031 είην.
1680 1952 1681 1967 ’

414 2167 456 2215 36.
476 2157 626 2230 ἐπέτρεπεν
647 2160 702 2215 01)
722 2191 753 2199 -
774 2164 816 2214 37.
836 2154 1016 2229 ὁιφαρμᾶτον
1031 2157 1179 2228 antiquam
1192 2157 1343 2212 lectionem
1357 2157 1445 2212 fuisso
1459 2175 1492 2213 ex
1505 2158 1615 2212 scholiis
1680 2158 1681 2183 ³

341 2231 458 2302 collegit
470 2231 565 2302 Labra,
584 2229 776 2286 Pindarechol.
791 2247 816 2284 ιι
837 2262 870 2270 -
889 2234 932 2283 38.
951 2229 1010 2298 πὰρ
1024 2229 1095 2284 coni.
1110 2229 1236 2284 Boeckh:
1255 2234 1297 2304 πᾷ
1311 2233 1363 2298 (πα
1376 2231 1486 2296 ΑΜΒ)
1499 2231 1614 2285 ΑΒΟΙ)
1680 2264 1681 2273 ι

343 2307 373 2359 et
400 2303 501 2371 schol,
529 2304 578 2358 καὶ
605 2301 676 2356 οοιιί.
706 2301 843 2356 Schrllder
871 2333 903 2341 -
932 2305 975 2356 39.
1003 2303 1089 2364 κῦδος
1116 2299 1144 2371 γ’
1173 2301 1201 2355 Δ
1230 2332 1263 2340 -
1291 2307 1334 2356 40.
1358 2301 1415 2366 ξεν.
1443 2302 1562 2356 ABOD
1583 2333 1613 2340 —

342 2382 385 2430 42.
411 2373 602 2437 αἰδοιέστατος
620 2375 647 2428 A
676 2405 709 2414 -
738 2379 780 2427 43.
800 2391 831 2442 γε
850 2372 917 2427 Bo:
937 2371 968 2426 δὲ
987 2373 1050 2427 ΑΙ)
1078 2405 1111 2412 -
1140 2377 1183 2427 46.
1202 2393 1251 2442 μιν
1270 2374 1327 2441 (νιν
1347 2373 1396 2442 0¹)
1417 2374 1501 2428 0¹12:
1518 2372 1572 2443 μὴν
1589 2375 1613 2424 Α

342 2449 375 2516 (o.
394 2444 490 2516 glossa
509 2445 560 2571 δίρ)
578 2445 663 2512 Βο’,
690 2444 726 2515 μὴ
754 2444 793 2499 0⁸
819 2442 982 2513 Mingarclli
1008 2475 1042 2484 -
1068 2452 1160 2506 κεῖνος
1186 2445 1250 2498 D⁸⁰
1268 2446 1342 2499 etv.
1361 2443 1379 2498 1.
1399 2444 1499 2513 schol,
1525 2444 1615 2497 κεινὸν
1680 2438 1681 2479 3

342 2513 424 2589 οἷμον
443 2517 514 2572 coni.
560 2517 711 2572 erwerden.
732 2548 765 2556 —

342 2660 401 2715 lato
421 2663 534 2731 pectore
552 2661 582 2714 et
599 2676 714 2730 corpore
732 2675 788 2713 non
807 2658 860 2713 sub
878 2658 1017 2722 mammis„
1036 2658 1087 2713 sed
1106 2675 1191 2728 supra
1209 2657 1316 2712 femora
1329 2658 1423 2712 cincto
1438 2658 1505 2712 olim
1518 2658 1612 2713 efficic-
1680 2626 1681 2721 i

342 2733 453 2803 bantur,
473 2748 644 2802 quamquam
662 2732 762 2801 postea
779 2745 857 2785 more
874 2732 985 2784 mutato
1003 2730 1101 2784 Musae
1116 2730 1173 2784 alte
1188 2729 1298 2783 cinctae
1312 2729 1349 2783 ab
1363 2729 1519 2785 artificibus
1535 2747 1613 2799 pone·
1680 2726 1681 2791 l

343 2804 454 2858 bantur.
1680 2814 1681 2817 ’

415 2880 449 2928 38
468 2892 505 2928 es.
534 2872 674 2928 afabulie
694 2871 731 2927 ad
749 2875 912 2943 praesentes
931 2889 975 2926 rea
994 2871 1068 2926 redit
1097 2905 1129 2911 —
1158 2875 1200 2927 38.
1226 2869 1419 2943 Ἐμμενίδαις·
1443 2871 1478 2926 de
1496 2871 1612 2926 Therone
1680 2908 1681 2919 ,

344 2963 377 3000 ex
396 2945 483 3016 stirpe
501 2944 730 2998 Emmenidarum
748 2946 888 3034 prugneto
903 2943 1043 2999 conferO.
1058 2963 1080 2996 11
1095 2961 1153 3014 arg.
1174 2975 1206 2982 —
1226 2950 1269 2997 41.
1288 2942 1411 3007 τελετάς·
1432 2943 1529 2998 schol:
1546 2946 1612 2996 τελε-
1680 2944 1681 2981 i

343 3017 393 3080 τὰς
412 3025 464 3071 νῦν
482 3015 533 3079 τὰς
552 3014 660 3084 ἑορτάς·
680 3017 713 3070 οὐ
732 3036 786 3085 γαρ
805 3015 840 3070 τὰ
860 3015 949 3085 ὄργια.
978 3014 1084 3070 Similia
1102 3014 1234 3080 vocabuli
1252 3015 1330 3069 notio
1350 3016 1394 3070 eet
1412 3015 1489 3071 Ο.σι.
1509 3015 1611 3069 Puer.
1680 3042 1681 3045 =

343 3089 377 3143 N.
388 3107 406 3141 x
416 3105 442 3143 ει
462 3121 494 3128 -
514 3092 547 3140 42
559 3103 594 3142 es.
615 3085 701 3140 simili
720 3086 888 3154 gradatione
907 3089 991 3156 poeta
1006 3086 1059 3141 0.1
1073 3086 1110 3140 in.
1126 3104 1193 3140 usus
1208 3090 1259 3152 eet,
1274 3087 1316 3140 ita
1329 3089 1435 3155 tamen,
1449 3089 1482 3140 ut
1494 3086 1543 3140 hoc
1555 3085 1612 3138 loco

344 3159 503 3214 accuratius
532 3157 687 3211 utilitatem
706 3158 868 3227 (ἀριστεύει)
887 3163 918 3212 et
941 3175 1007 3228 opes
1027 3159 1173 3228 (κτεάνων)
1191 3161 1222 3212 et
1243 3157 1379 3211 virtutem
1397 3158 1556 3226 (ἀρεταῖσιν)
1571 3155 1611 3208 di-

345 3229 507 3303 stingueret.
545 3229 694 3284 Columnae
717 3228 845 3283 Herculis
868 3229 1003 3284 terminos
1027 3229 1103 3285 orbis
1126 3232 1264 3285 terrarum
1283 3232 1312 3283 et
1330 3228 1510 3283 consiliorum
1530 3227 1611 3281 homi-

344 3319 411 3356 num
430 3319 491 3356 ease
510 3299 640 3354 similiter
661 3317 695 3354 ex
716 3301 777 3354 onit
803 3300 838 3355 N.
853 3321 885 3354 111
899 3317 932 3356 ιι.
960 3301 982 3355 Ι.
995 3319 1028 3354 m
1041 3318 1067 3356 ao
1087 3333 1119 3341 -
1138 3306 1181 3355 43.
1201 3309 1254 3356 νῦν
1272 3319 1316 3372 γε·
1336 3300 1370 3355 cf.
1391 3299 1423 3354 0.
1438 3319 1449 3353 r
1465 3317 1502 3355 ιοο
1518 3308 1566 3353 τῶν
1583 3317 1611 3366 γε

345 3382 405 3440 νῦν,
425 3391 480 3442 quo
500 3371 626 3427 homines
641 3320 740 3442 quales
754 3389 828 3426 nunc
843 3375 909 3426 sunt
922 3371 1054 3427 heroibus
1069 3375 1248 3442 opponuntur
1266 3405 1300 3413 -
1319 3377 1362 3427 44.
1381 3371 1498 3426 οἴκοθεν
1511 3369 1613 3426 addidit

345 3445 382 3498 ad
399 3443 607 3515 longitudinem
626 3443 735 3498 itineris
755 3443 971 3514 significandam
999 3477 1031 3483 —
1060 3449 1102 3498 45.
1131 3444 1224 3507 κεινὸς
1242 3445 1314 3514 εἴην·
1339 3444 1437 3508 κενεὸς
1455 3441 1492 3498 ἂν
1509 3443 1570 3512 εἴην,
1588 3441 1615 3494 εί

345 3537 391 3572 νιν
410 3515 439 3585 (i,
459 3533 482 3570 e.
502 3515 533 3569 τδ
556 3511 661 3584 πόρσω)
681 3515 811 3586 διώκοιμι
828 3514 987 3569 Boeclrhius
1006 3515 1214 3584 interpretatur.
1252 3518 1290 3570 nt
1317 3514 1440 3571 alterum
1467 3514 1611 3584 exemplum

345 3587 466 3642 omissae
481 3585 639 3656 particulae
654 3585 691 3641 διν
705 3586 736 3642 0.
751 3606 780 3640 n
794 3603 819 3640 ει
833 3586 942 3640 Lehrsii
961 3586 1038 3640 felici
1057 3586 1218 3641 coniectura
1235 3591 1373 3641 remotum
1392 3591 1443 3657 eat
1462 3590 1492 3643 et
1507 3584 1611 3642 tertium

344 3659 373 3714 P.
385 3678 413 3712 ιν
422 3675 461 3712 118
475 3657 630 3711 Hermanni
644 3658 690 3726 (de
704 3657 844 3728 particula
859 3658 904 3726 ἄν,
918 3657 949 3711 in
964 3658 1065 3727 Opusc.
1075 3675 1104 3711 ιτ
1114 3660 1171 3782 16εὸ
1178 3657 1347 3724 coniectura,
1358 3675 1414 3712 non
1423 3658 1553 3714 librorum
1560 3656 1611 3709 lide

344 3730 458 3798 nititur;
478 3746 550 3798 quae
566 3731 661 3783 autem
675 3732 822 3798 praeterea
836 3729 992 3784 afferuntur
1005 3729 1134 3799 exempla
1175 3774 1180 3784 .
1192 3749 1221 3782 11
1234 3747 1261 3785 eo
1275 3732 1304 3784 et
1322 3729 1352 3784 P.
1367 3749 1395 3783 xr
1409 3747 1435 3785 σο
1448 3748 1504 3798 non
1516 3726 1611 3781 similia

345 3803 418 3856 eunt.
456 3800 571 3855 Rectius
590 3800 679 3872 igitur
698 3800 917 3856 Gildereleeriuo
937 3803 1099 3870 comparato
1117 3801 1181 3869 Lyn.
1201 3818 1240 3857 or.
1259 3817 1294 3870 ιι,
1313 3818 1338 3856 22
1357 3800 1507 3870 μαινοίμην
1524 3802 1570 3869 γὰρ
1588 3797 1612 3849 εἰ

345 3871 524 3943 ἀναλίσκοιμι
543 3872 703 3942 optativum
721 3871 858 3942 explicat:
877 3874 971 3927 mente
985 3889 1097 3926 cassum
1111 3888 1155 3925 me
1170 3872 1276 3942 dicant,
1291 3871 1315 3926 oi
1329 3872 1515 3942 impossibilia
1527 3885 1609 3923 vener.
