3417 5434
847 1218 991 1271 ΟΑΤΜΠ.
1012 1214 1060 1268 Θ’.

526 1379 974 1464 ΕΦΑΡΜΟΣΤΩι
1011 1378 1402 1463 ΟΠΟΤΝΤΙΩι

846 1576 1058 1626 ΠΑΛΑΙΣΤΗι.

865 1876 1042 1945 Strophac.

829 3852 1071 3957 Armenium.

396 4009 615 4085 Epharmostus
646 4027 682 4066 cx
711 4007 805 4067 nobili
836 4007 929 4083 stirpe
959 4005 1122 4064 Locrorum
1153 4004 1355 4081 Opuntiorum
1388 4008 1473 4065 orius
1505 4004 1575 4063 lucu

307 4097 442 4158 victoriis
470 4098 598 4157 similem
626 4100 717 4173 atquo
746 4097 887 4174 pugilatu
917 4094 1066 4171 Diagoras
1094 4086 1135 4175 (v.
1161 4092 1194 4153 Ο.
1216 4087 1275 4177 vn)
1303 4095 1432 4173 gloriam
1460 4096 1575 4171 adeptus

307 4190 359 4245 est.
398 4187 500 4245 Etiam
518 4190 665 4265 cognatus
684 4186 748 4245 eius
766 4184 1030 4262 nampromaohus,
1054 4203 1183 4261 quocum
1206 4184 1355 4243 Pindarus
1377 4185 1504 4261 hospitii
1521 4184 1575 4242 inre

306 4276 426 4335 iunctus
455 4279 520 4335 crat
547 4271 589 4357 (v.
609 4270 671 4358 83),
697 4276 744 4335 bis
772 4275 899 4334 Isthmia
925 4272 1006 4333 vicii.
1052 4273 1117 4333 Hoc
1145 4274 1274 4333 carmine
1302 4274 1498 4350 Ephcrmosti
1524 4272 1574 4332 ric·

306 4365 416 4425 loriam
440 4363 628 4442 Olympicum
658 4365 794 4441 inprimis
822 4363 1053 4441 praedicundum
1081 4363 1137 4421 sibi
1165 4366 1256 4439 pocta
1282 4363 1454 4441 proposuii3
1483 4364 1574 4425 codem

306 4458 407 4514 autem
426 4454 557 4514 carmine
576 4455 669 4513 otiam
682 4455 825 4531 Pythiam
844 4454 909 4513 eius
927 4452 1087 4512 victorium
1104 4452 1250 4531 laudavii,
1264 4456 1301 4511 ut
1320 4472 1396 4528 quae
1416 4473 1477 4513 non
1495 4455 1573 4528 longo

305 4544 448 4619 temporis
470 4544 632 4604 intervallo
660 4545 698 4603 ab
727 4543 886 4621 Olympico
914 4542 1053 4619 distaret,
1078 4540 1207 4620 duobus,
1236 4541 1354 4618 opinor,
1387 4542 1475 4601 annis
1507 4546 1574 4615 anic,

278 4675 281 4681 -
307 4652 367 4691 non
385 4637 454 4708 post
472 4638 635 4709 reportata.
673 4633 737 4704 Quo
757 4636 860 4693 cutem
879 4638 1012 4707 temporo
1035 4631 1092 4690 hac
1116 4630 1193 4689 duco
1216 4630 1360 4690 victorine
1384 4632 1573 4707 Ephcrmosio

306 4722 477 4800 obtigerunt,
496 4727 615 4798 practer
633 4723 819 4784 notationem
838 4723 948 4784 codicis
971 4721 994 4779 F
1017 4718 1173 4797 νικήσαντι
1196 4716 1250 4797 τὴν
1273 4714 1329 4778 rw'
1351 4715 1391 4779 ὀλ.
1411 4722 1444 4779 in
1466 4717 1574 4781 scholiis

305 4811 343 4869 ad
362 4831 389 4871 v.
406 4822 438 4869 17
459 4811 665 4872 testimonium
689 4816 787 4872 exstat
810 4813 917 4872 misere
941 4813 1128 4886 corruptum:
1151 4806 1267 4887 ἐνίκησε
1291 4804 1322 4868 δὲ
1346 4806 1362 4868 ὁ
1382 4803 1574 4893 Ἐφάρμοστος
