3417 5434
466 319 499 368 Π.
528 318 578 367 DE
596 317 690 368 ARTE
708 317 870 368 Marmor
886 317 1043 368 PINDARI.
1268 313 1399 368 XXXVII

105 483 239 544 tantum
269 501 340 543 non
370 478 494 564 fugisse
522 478 650 543 videtur
681 483 780 563 poeta
812 500 980 544 caesuram
1010 478 1046 542 in
1078 480 1215 544 catalexi
1247 479 1399 563 positam.

108 587 146 650 ln
170 586 321 651 versibus
346 587 459 672 utique
483 586 518 651 Ο.
538 603 574 650 vr
598 589 680 671 ep.'l
706 591 739 650 et
762 585 797 650 P.
816 589 893 651 1112

470 719 524 762 so
541 721 614 762 1.1
641 737 659 762 c
686 755 702 762 -
731 755 747 762 -
775 738 793 761 2
884 754 900 762 -
919 738 937 761 1
1027 753 1044 761 -

470 811 487 851 Ξ
505 827 523 849 υ
541 825 577 851 ,υ
594 824 613 850 υ
629 811 666 851 Qu
683 824 701 850 υ
719 811 755 851 1..
774 813 790 850 A
809 825 827 851 υ
845 844 863 851 -

106 930 286 993 nusquam,
316 908 464 993 quamvis
486 908 605 992 prioris
630 907 782 974 carminis
806 909 960 993 quinque,
988 908 1121 973 alterius
1147 913 1221 973 octo
1245 909 1400 992 strophae

107 1017 185 1102 sint,
209 1037 378 1082 caesuram
401 1016 436 1080 in
459 1015 597 1081 catalexi
625 1016 800 1081 admissam
828 1016 926 1080 vides.
967 1016 1075 1100 Atque
1104 1016 1168 1081 hoc
1196 1037 1234 1080 eo
1263 1015 1399 1080 consilio

107 1124 226 1188 fecisse
249 1127 381 1207 poetam
404 1123 570 1208 existimo,
600 1129 637 1188 ut
659 1123 773 1188 breves
796 1123 880 1188 istos
902 1123 1043 1208 proodos
1072 1128 1106 1188 et
1128 1123 1249 1206 epodos
1278 1123 1399 1187 arctius

107 1254 183 1297 cum
208 1231 315 1314 capite
343 1251 456 1294 versus
484 1229 695 1316 coniungeret
721 1252 826 1314 neque
854 1231 947 1314 quasi
960 1230 1081 1305 ,fracto
1109 1230 1190 1314 pede
1218 1229 1398 1295 claudicare

106 1344 141 1403 et
164 1338 305 1423 pendere
330 1337 459 1402 sineret.
502 1335 566 1402 Sed
589 1337 687 1402 etiam
709 1337 744 1401 111
766 1337 914 1403 versibus
945 1361 985 1403 ex
1006 1337 1211 1425 longioribus
1239 1341 1272 1401 et
1299 1336 1396 1401 iustis

106 1445 189 1511 colis
213 1443 416 1529 compositis,
438 1449 476 1508 ut
498 1443 523 1508 Ι.
542 1463 556 1509 1
574 1467 622 1529 ep.
641 1447 663 1508 4

457 1559 1048 1603 -;υ--1001.10.-11--

105 1661 168 1724 hoc
202 1659 355 1724 licentiae
387 1657 450 1722 sibi
482 1657 641 1723 Pindarus
674 1659 805 1743 sumsit,
837 1663 875 1723 ut
907 1658 1059 1722 omnibus
1085 1658 1120 1723 in
1148 1658 1293 1742 strophis
1326 1658 1398 1724 cola

105 1769 276 1852 συναφείμ
304 1766 522 1852 coniungeret.
570 1765 657 1842 Quae
691 1789 764 1830 311111
795 1765 844 1830 ita
876 1788 911 1830 se
942 1765 1098 1850 habeant,
1131 1788 1229 1850 quam
1261 1765 1397 1830 dubium

106 1873 265 1939 indicium
292 1871 368 1937 finis
401 1872 464 1937 coli
496 1873 581 1956 apud
611 1871 787 1937 Pindarum
821 1895 954 1938 caesura
985 1872 1030 1937 311
1061 1871 1234 1958 intellegis.
1281 1870 1396 1955 Neque

106 1989 215 2046 tamen
244 2003 297 2045 me
328 1979 564 2044 adsentientem
587 1980 747 2064 habebit,
784 1980 811 2046 si
849 1981 922 2065 quis
958 1973 994 2044 in
1030 1979 1177 2043 versibus
1214 1978 1394 2044 dividendis

34 2101 38 2106 “
105 2088 241 2152 Pindari
266 2109 434 2152 caesuram
460 2109 594 2172 prorsus
621 2087 793 2172 neglegere
821 2086 914 2170 velit,
945 2088 1001 2152 sed
1029 2085 1213 2151 cautionem
1244 2086 1396 2150 adhiben-

106 2197 179 2260 dam
204 2217 277 2260 esse
302 2200 335 2260 et
357 2194 427 2280 ipse
451 2215 566 2259 censeo
590 2181 688 2278 quam
711 2194 894 2259 maximam.

195 2301 346 2379 Quatuor
378 2323 460 2384 quae
491 2300 637 2365 recensui
669 2299 789 2365 indicia
820 2301 895 2365 finis
929 2302 1075 2365 colorum
1106 2300 1279 2384 potissima
1311 2305 1395 2364 sunt.

105 2411 283 2474 Praeterea
305 2407 540 2494 magnitudinis
563 2407 668 2471 iustae
692 2408 852 2490 colorum,
876 2407 1058 2493 analogiae,
1082 2406 1311 2472 concinnitatis
1334 2428 1395 2471 nos

105 2517 268 2582 rationem
291 2514 410 2580 habere
434 2537 492 2600 par
515 2519 577 2598 est,
609 2516 664 2580 sed
692 2515 730 2578 de
754 2515 805 2578 1113
828 2515 926 2578 rebus
950 2515 1054 2599 magis
1082 2514 1117 2577 111
1140 2512 1332 2579 commentis
1356 2512 1394 2578 de

106 2623 247 2710 singulis
275 2621 474 2688 carminibus
504 2645 600 2706 quam
627 2620 740 2686 inhia
769 2621 1015 2707 Prolegomenis
1044 2621 1199 2686 disserere
1228 2620 1394 2687 conducet.

106 2731 217 2813 Atque
251 2729 281 2794 si
313 2728 408 2815 plura
439 2727 558 2794 iudicia
593 2733 803 2813 concurrant,
837 2729 990 2793 fidentius
1022 2729 1060 2794 de
1093 2727 1250 2793 divisione
1283 2750 1394 2792 1313113

104 2837 297 2923 praecipies,
316 2837 343 2900 si
363 2835 492 2922 singula
511 2839 568 2899 aut
585 2835 675 2899 1111113
689 2835 805 2920 adsint,
824 2837 859 2902 in
872 2835 1105 2921 probabilitate
1125 2835 1394 2920 acquiescendum

106 2945 156 3010 vel
189 2944 290 3010 etiam
324 2943 364 3007 ad
396 2941 582 3027 arbitrium,
614 2942 885 3028 circumspectum
916 2944 997 3008 illud
1030 2943 1160 3027 quidem
1191 2942 1288 3007 nobis
1321 2964 1395 3007 con-

107 3052 300 3138 fugiendum
324 3050 395 3114 erit.

196 3159 254 3224 De
283 3178 464 3222 numero
491 3157 791 3222 membrorum.
837 3157 1002 3222 Numerus
1026 3157 1186 3240 colorum,
1213 3157 1394 3242 exquibus

108 3290 219 3332 1313113
252 3265 389 3350 quisque
423 3269 566 3349 constat,
599 3265 705 3329 nullas
738 3265 868 3350 quidem
898 3263 1119 3329 dubitationes
1147 3264 1264 3329 editori
1290 3269 1394 3349 parat,

108 3374 205 3439 habet
225 3377 346 3455 tamen,
369 3370 421 3436 cui
440 3371 566 3436 animos
585 3371 745 3436 lectorum
763 3373 930 3437 advertere
948 3372 1055 3436 velim.
1092 3371 1215 3436 Versus
1234 3372 1395 3457 vulgares,

109 3487 142 3546 ut
160 3481 350 3545 hexameter
368 3478 559 3564 dactylicus,
576 3483 764 3544 tetrameter
784 3479 1020 3564 anapaesticus,
1038 3477 1240 3564 septenarius
1255 3479 1394 3544 trochai-

108 3611 178 3675 cus,
206 3587 357 3652 trimeter
383 3585 557 3671 iambicus,
589 3609 627 3650 ex
656 3586 781 3650 duobus
810 3585 890 3651 colis
922 3590 1082 3652 constant.
1123 3585 1232 3670 Lyrici
1265 3607 1394 3670 quoque
1463 3604 1465 3607 ·

108 3700 220 3781 poetae
243 3693 324 3759 tersi
348 3697 381 3757 et
404 3693 580 3780 elegantes,
602 3692 751 3777 inprimis
773 3693 986 3758 Alexandrini
1009 3697 1042 3757 et
1060 3693 1201 3758 Romani
1219 3715 1331 3758 versus
1354 3716 1394 3758 ex

108 3803 232 3868 duobus
252 3800 333 3866 colis
353 3800 552 3884 compositos
573 3800 711 3865 maxime
730 3801 922 3886 probabant,
946 3804 982 3865 ut
1001 3799 1184 3885 Priapeum,
1208 3799 1394 3891 Sotadeum,

107 3908 365 3994 Asclepiadeum.
411 3907 534 3972 Verum
560 3907 723 3992 ingeniosi
755 3911 871 3993 poetae
898 3908 992 3993 lyrici
1024 3912 1057 3972 et
1084 3908 1204 3973 scenici
1230 3929 1298 3972 non
1324 3912 1392 3972 tam

108 4014 256 4102 angustis
279 4013 442 4080 limitibus
466 4037 559 4080 suam
577 4019 680 4078 artem
700 4015 840 4079 coerceri
859 4016 1040 4100 voluerunt,
1063 4016 1147 4079 unde
1168 4015 1234 4079 iam
1253 4014 1392 4080 Alcaeus

108 4145 234 4188 versum
258 4121 355 4186 finxit
377 4143 416 4186 ex
439 4121 545 4186 tribus
569 4121 648 4186 eolis
672 4126 877 4187 constantem

416 4238 421 4248 '
446 4242 463 4249 “
605 4253 623 4277 υ
640 4237 676 4278 1-
701 4238 706 4247 “
730 4241 748 4278 U
784 4252 802 4277 υ

107 4322 284 4404 μαρμαίρει
308 4314 345 4382 δὲ
367 4317 469 4402 μέγας
491 4318 593 4402 δόμος
620 4273 744 4405 galagi,
771 4329 874 4382 παῖσα
898 4315 929 4382 d'
944 4274 1030 4403 ’Ἁμμ
1058 4320 1254 4402 κεκόσμηται
1282 4317 1391 4402 στέγα.

109 4443 214 4510 Etiam
239 4442 372 4529 longius
391 4442 561 4508 Anacreon
579 4465 772 4529 progressus
792 4447 851 4527 est,
873 4442 922 4506 ita
939 4447 1059 4528 tamen,
1082 4448 1119 4508 ut
1138 4465 1218 4528 quas
1238 4443 1391 4528 periodos

109 4573 142 4616 ex
162 4555 307 4636 quatuor
326 4553 358 4614 et
377 4550 519 4635 quinque
538 4550 617 4616 colis
638 4549 831 4634 composuit,
849 4571 961 4614 earum
980 4550 1052 4614 cola
1070 4549 1232 4615 similibus
1246 4552 1390 4617 numeris

108 4658 285 4724 includeret
322 4660 355 4720 et
391 4662 557 4741 tamquam
593 4657 744 4722 versiculi
782 4661 904 4741 essent,
947 4658 1044 4721 verbo
1087 4659 1236 4743 quodque
1273 4658 1390 4724 finiret.

108 4765 264 4832 Pindarus
288 4786 380 4850 vero,
403 4785 467 4848 quo
490 4763 553 4829 fuit
576 4764 683 4830 studio
707 4763 851 4830 variandi
875 4765 1012 4851 formas,
1035 4765 1128 4832 iuxta
1151 4788 1262 4831 versus
1285 4766 1390 4833 iustos
