3417 5434
443 340 479 393 11.
507 339 557 389 DE
576 338 670 390 ARTE
687 339 848 392 murales
867 340 1025 391 PINDARI.
1270 337 1375 392 XXVII

262 510 753 568 udoowosomsso-
821 499 1178 588 (0.18..f175,18).
1254 507 1259 516 ⁶

313 635 332 676 ε
404 666 421 675 -
494 605 983 696 semincurten.

264 739 680 782 ...².u.un'mirwo;
735 772 751 780 -
821 710 1004 801 (RVIII).

170 857 458 942 Logaoedicorum
491 877 618 942 quoque
652 855 802 921 ordinum
830 860 907 921 sunt
935 857 1007 922 cola
1034 857 1169 942 quinum
1197 864 1231 924 et
1260 881 1374 924 senum

88 966 202 1050 pedum
236 965 455 1050 simplicium,
486 963 578 1029 cuius
611 961 846 1048 magnitudinis
874 963 1084 1029 notissimum
1113 965 1296 1051 exemplum
1324 972 1375 1032 est

88 1072 380 1156 hendecasyllabus
404 1093 529 1156 versus,
553 1093 648 1156 quem
673 1092 737 1134 uno
760 1075 873 1135 tenore
897 1071 1065 1136 decurrere
1087 1095 1192 1157 neque
1216 1096 1255 1138 ex
1275 1073 1375 1159 pluri-

89 1181 145 1244 bus
168 1179 252 1245 colis
279 1184 432 1246 constare
456 1177 573 1244 Graeci
595 1178 769 1244 voluenmt

89 1430 196 1514 Neque
211 1431 247 1495 id
262 1430 396 1515 mirum,
410 1429 565 1516 quoniam
579 1429 713 1496 eandem
727 1427 986 1514 magnitudinem
998 1429 1262 1516 logaoedicornm
1278 1436 1376 1517 atque

88 1537 306 1604 iambicorum
331 1538 476 1602 colorum
500 1559 570 1604 esse
594 1541 847 1602 consentaneum
871 1541 929 1602 est.
966 1537 1169 1622 Quamquam
1193 1539 1279 1624 apud
1301 1538 1376 1604 Pin-

88 1647 197 1710 darum
228 1646 364 1712 ordines
391 1644 586 1731 lognoedici‚
616 1644 672 1729 qui
701 1648 775 1709 octo
802 1644 940 1729 pedibus
966 1645 1132 1732 longiores
1161 1651 1251 1732 sunt,
1276 1647 1375 1732 longe

88 1753 216 1837 plurimi
246 1776 318 1818 non
347 1774 448 1816 unum
476 1752 622 1817 ordinem
649 1751 871 1836 rhythmicum
897 1751 1057 1837 efficiunt,
1084 1752 1140 1816 sed
1164 1775 1202 1818 ex
1227 1753 1374 1838 pluribus

89 1860 164 1924 colis
197 1863 367 1926 constant.
412 1857 534 1924 Verum
569 1863 678 1923 tamen
711 1857 810 1923 etiam
841 1858 877 1922 in
909 1858 1042 1924 Pindari
1066 1857 1273 1926 'carminibus
1304 1860 1377 1926 cola

88 1967 279 2054 logeoediea
312 1970 452 2052 quatuor
483 1965 621 2051 pedibus
652 1965 803 2052 longiora
835 1971 967 2031 exstant
994 1967 1044 2032 vel
1074 1967 1102 2032 si
1129 1968 1192 2033 hoc
1222 1967 1375 2032 fidentius

90 2075 207 2140 dictum
227 2075 414 2159 arbitraris,
432 2073 512 2139 mihi
530 2075 566 2138 in
583 2073 757 2140 schematis
772 2073 917 2138 metricis
935 2074 1103 2159 probanda
1117 2074 1320 2160 videbantur,
1338 2080 1376 2139 ut

349 2289 418 2354 αἵτε
440 2243 553 2354 ναίετε
571 2241 779 2354 καλλίπωλον
802 2241 979 2376 idean-(0.
998 2307 1061 2354 XIV
1080 2286 1115 2377 2)
1204 2366 1209 2378 ⁸

274 2506 301 2569 ὠ
326 2508 467 2590 λιπαρᾶς
488 2455 636 2588 ἀοίδιμοι
659 2455 823 2586 βασίλειαι
846 2455 899 2590 (-Ο.
917 2521 979 2568 XIV
998 2505 1026 2568 3.
1051 2505 1084 2568 P.
1103 2521 1129 2568 x
1146 2501 1183 2592 4)

532 2651 569 2679 W
622 2651 748 2678 Utl't!

249 2721 318 2784 τίνι
340 2728 408 2783 τῶν
429 2717 535 2804 πάρος
558 2669 752 2804 ὦ-μίναίοα
766 2651 871 2801 (idda
894 2671 935 2805 (l
953 2737 1003 2784 vn
1025 2720 1051 2784 1.
1074 2719 1113 2784 fr.
1136 2718 1213 2806 105)
1256 2744 1268 2764 ·

255 2929 281 2999 ὦ
305 2929 359 2998 ναὶ
383 2867 598 3020 λιπαραὶ-σία)
616 2865 902 3018 ίίσίέῖαίνοίυκιαλ-
916 2869 1063 3018 Σοίὸιμοι
1088 2933 1140 3021 (fr.
1162 2932 1219 3021 76)

264 3149 371 3232 γλυκύ
393 3171 425 3213 τι
448 3081 829 3233 nlenivitpiedddlpetulenti1
841 3082 1016 3234 ildepedoc
1039 3145 1092 3235 (fr.
1111 3145 1202 3235 217).

173 3291 413 3358 Paeonicorum
431 3291 578 3358 colorum
597 3291 787 3378 magnitudo
808 3288 992 3379 (μέγεθος),
1015 3292 1044 3356 si
1062 3296 1189 3357 veteres
1213 3291 1373 3378 rhythmi·

94 3421 145 3465 cos
163 3399 332 3481 audimus,
354 3421 456 3484 usque
476 3399 516 3463 ad
535 3398 677 3483 quinque
694 3419 835 3484 paeones
854 3399 906 3464 vel
924 3399 1044 3487 viginti
1062 3399 1205 3484 quinque
1222 3403 1372 3483 tempora
1433 3474 1436 3481 ¹
1464 3481 1467 3487 Ι
1489 3475 1505 3484 .,

94 3508 283 3574 extenditur.
323 3505 385 3572 Sed
408 3506 471 3570 hoc
491 3510 702 3591 praeceptum
725 3527 764 3570 ex
787 3528 896 3571 errore
920 3507 971 3571 vel
994 3506 1105 3591 potius
1129 3528 1168 3571 ex
1191 3506 1275 3571 falsa
1297 3529 1374 3571 ana·
1417 3492 1457 3515 ν’

92 3616 177 3702 logia
204 3619 322 3680 natum
350 3635 420 3680 esse
448 3614 590 3697 ridetur,
617 3612 703 3697 quod
731 3613 788 3677 ubi
816 3612 995 3698 dactylicos
1019 3613 1148 3678 ordines
1171 3636 1211 3678 ex
1234 3619 1375 3698 quatuor

94 3721 294 3808 temporibus
314 3743 415 3808 usque
434 3721 475 3787 ad
489 3724 604 3808 quater
618 3724 776 3804 quaterna
790 3724 940 3806 tempora
953 3720 1127 3806 procedere
1143 3727 1375 3808 cognovenmt,

94 3828 264 3912 paeonicos
289 3851 417 3914 quoque
442 3852 481 3895 ex
504 3829 647 3913 quinque
670 3827 873 3912 temporibus
897 3851 999 3913 usque
1023 3828 1063 3892 ad
1084 3827 1255 3913 quinquies
1275 3829 1375 3913 quine

94 3940 238 4022 tempora
270 3937 444 4020 procedere
476 3935 687 4023 collegerunt.
733 3934 850 4000 Poetae
878 3936 982 4020 ipsos,
1014 3933 1165 4020 inprimis
1197 3958 1286 4022 eum,
1318 3937 1375 4021 qui

94 4043 231 4126 plurima
260 4043 388 4108 cantica
416 4044 535 4108 cretica
562 4049 595 4108 et
622 4042 798 4108 bacchiace
825 4042 918 4128 fecit,
944 4042 1099 4109 Plautum
1126 4041 1155 4108 si
1181 4048 1374 4128 spectemus,

94 4172 191 4233 paene
215 4171 282 4214 una
302 4150 408 4215 forma
432 4150 587 4215 dimetros
612 4149 674 4215 coli
698 4149 845 4233 paeonici
864 4151 899 4213 in
916 4171 979 4215 usn
997 4150 1097 4215 fuisse
1116 4150 1252 4214 videtur.
1289 4150 1376 4216 Illud

95 4261 213 4342 tamen,
239 4261 278 4322 ut
304 4257 390 4321 infra
416 4256 515 4322 latius
544 4278 756 4342 exponemus,
784 4257 959 4323 concedere
985 4279 1047 4322 nos
1076 4260 1219 4341 oportet,
1246 4262 1374 4323 exstare

95 4387 201 4430 versus
228 4364 417 4451 paeonicos,
449 4365 504 4449 qui
532 4387 605 4430 cum
632 4364 667 4428 in
696 4363 766 4430 cola
790 4387 858 4429 non
889 4363 985 4429 divisi
1016 4385 1087 4428 esse
1119 4364 1304 4450 rideantur,
1335 4387 1375 4431 ex

95 4471 208 4555 tribus,
233 4475 387 4557 quatuor,
410 4472 551 4557 quinque
574 4470 711 4555 pedibus
735 4476 901 4557 constant,
923 4474 962 4536 ut

96 4695 152 4750 σοῦ
176 4685 208 4770 y'
228 4685 437 4769 ἀκούσωμενς
464 4683 592 4751 ἀπολεῖ·
620 4683 704 4750 κατά
726 4702 763 4750 σε
791 4687 942 4770 χώσομεν
964 4696 1033 4760 τοῖς
1057 4690 1168 4762 λίθοις
1191 4683 1374 4774 (Aristoph.

637 4791 717 4858 Ach.
738 4792 832 4881 295),
