3417 5434
891 1168 1035 1221 ΟΛΤΜΠ.
1054 1166 1113 1222 ΙΓ’.

592 1328 1005 1414 saltuosum
1050 1332 1414 1420 KOPINoIsi.

697 1525 968 1578 ΣΤΑΔΙΟΔΡΟΜΩι
995 1528 1058 1578 ΚΑΙ
1084 1527 1308 1583 nemesus.

449 3694 614 3771 Xenophon
649 3694 785 3754 Thessali
818 3694 899 3754 filius
935 3694 1108 3755 Corinthius
1143 3694 1240 3757 stadio
1275 3700 1306 3757 et
1340 3697 1533 3775 quinquertio
1565 3693 1624 3755 rioit

360 3784 407 3846 01.
427 3788 467 3845 69
489 3810 531 3832 =
551 3787 614 3845 464
634 3804 660 3843 a.
679 3784 759 3863 Chr,
788 3784 874 3844 euius
903 3784 1031 3861 duplicis
1059 3786 1203 3846 victoriae
1230 3788 1350 3862 praeter
1377 3788 1493 3849 scholis
1519 3783 1624 3845 Pindari

358 3875 510 3935 Diodorus
538 3893 571 3932 xl
602 3886 650 3952 70,
683 3873 846 3950 Dionysius
880 3874 976 3933 Helie.
1004 3875 1119 3951 antiqu.
1148 3894 1180 3934 1x
1211 3886 1257 3954 61,
1289 3875 1457 3937 Pausanias
1486 3897 1519 3937 1v
1544 3888 1586 3955 24,
1611 3886 1623 3931 s
1672 3880 1673 3899 ³

359 3968 451 4025 testes
475 3967 554 4023 eunt.
602 3963 754 4026 Oriundus
777 3964 828 4023 ille
851 3964 913 4022 fuit
936 3984 971 4023 ex
994 3964 1087 4024 nobili
1110 3967 1198 4044 gente
1223 3964 1497 4046 Oligaethidsurm‚
1525 3968 1554 4025 in
1575 3982 1624 4043 qua

359 4057 448 4134 gente
472 4054 611 4133 gymnica
634 4054 736 4113 studia
759 4053 847 4130 quasi
870 4053 1051 4113 hereditaria
1072 4058 1170 4133 eraut3
1193 4074 1263 4113 nam
1282 4056 1489 4132 Xenophontis
1508 4060 1538 4117 et
1553 4058 1623 4135 paler

359 4144 523 4204 Thessalus
551 4164 641 4203 eursu
664 4142 853 4219 Olympicum
877 4140 923 4202 01.
944 4153 976 4202 69
999 4144 1172 4220 multasque
1200 4144 1275 4203 alies
1298 4145 1442 4206 victorias
1465 4148 1622 4207 consecutus

359 4237 425 4293 erat
443 4226 485 4315 (v.
506 4226 635 4314 3540),
654 4236 686 4292 et
703 4251 778 4293 avus
800 4232 986 4293 Ptoeodorus
1009 4232 1134 4310 eiusque
1155 4234 1250 4293 frater
1272 4233 1412 4311 Terpsias
1435 4236 1547 4314 aliique
1567 4252 1622 4313 gen·

359 4324 428 4383 tiles
461 4322 578 4383 coronis
610 4322 808 4382 certaminum
839 4321 1047 4401 gymnicorum
1080 4323 1153 4382 olari
1185 4324 1310 4383 fuerunt
1346 4317 1387 4406 (v.
1407 4336 1441 4384 41
1464 4345 1507 4403 sq.
1531 4334 1561 4384 98
1581 4313 1621 4400 ss).

360 4413 446 4472 Heno
475 4432 545 4473 vero
576 4412 733 4473 victoriam
764 4410 953 4488 Olympicum
983 4430 1010 4470 a.
1033 4414 1097 4472 464
1128 4416 1314 4489 reportatam
1344 4418 1555 4493 praeterquam
1579 4413 1622 4472 hoc
1671 4442 1672 4469 r

359 4503 486 4579 epinioio
510 4502 658 4561 Pindarus
681 4502 772 4561 seolio
796 4500 987 4561 celeberrimo
1010 4501 1184 4581 illustravit,
1208 4502 1244 4562 de
1269 4522 1328 4579 quo
1351 4504 1420 4565 vide
1444 4506 1481 4565 fr.
1502 4517 1559 4565 122.
1671 4480 1672 4518 ¹

446 4592 669 4670 Argumentum
691 4591 831 4651 carminis
855 4590 1017 4650 admodum
1040 4591 1158 4652 varium
1182 4596 1213 4652 et
1235 4592 1395 4669 multiplex
1417 4597 1478 4672 est,
1506 4595 1572 4671 quie
1596 4590 1622 4646 ul

359 4681 460 4740 omnia
478 4681 586 4741 decora
603 4700 672 4740 oum
690 4680 813 4742 victoris
832 4680 956 4757 eiusque
975 4680 1109 4741 familiae
1127 4685 1194 4741 tum
1212 4682 1295 4741 urbis
1311 4680 1449 4743 Corinthi
1465 4680 1621 4751 illustraret

357 4773 449 4847 poeta
467 4771 524 4831 sihi
542 4770 709 4847 proposuit.
745 4771 850 4847 Neque
874 4770 979 4829 fabula
1002 4790 1121 4831 carmen
1144 4775 1234 4851 caret,
1258 4772 1378 4851 egregie
1402 4772 1457 4830 ille
1480 4792 1548 4832 oum
1567 4788 1620 4831 oon-
