3417 5434
346 295 411 361 280
812 295 959 346 PanAltl
978 293 1144 345 arrmcii.

457 456 594 527 δυνατοὶ
618 457 772 544 παρέχειν
793 459 901 523 πολὺν
923 456 984 541 ὕμ-

505 590 567 631 νον
590 564 767 651 ἀγερώχων
790 564 961 652 ἐργμάτων

457 672 575 739 ἕνεκεν.
595 714 608 723 -
626 670 681 737 καὶ
704 672 767 756 γάρ
792 670 827 739 έν
850 670 979 758 ἀγαθέᾳ

345 799 379 847 35
390 790 445 853 (40)
456 791 567 867 χεῖρας
591 780 701 864 ἱμάντι
725 776 838 855 δεθεὶς
861 783 1005 845 Πυθῶνι
1027 776 1146 862 κράτη-

506 905 563 953 σεν
587 886 650 953 ἀπὸ
674 887 795 963 ταύτας
818 876 898 970 αἷμα
920 884 1046 972 πάτρας

456 994 707 1081 χρυσαλακάτου
730 989 808 1059 ποτὲ
831 996 978 1068 Καλλίας
1001 991 1093 1056 ἁδὼν

457 1177 565 1258 ἔρνεσι
590 1176 748 1249 Λα-τοῦς·
772 1172 861 1256 παρά
884 1173 1055 1257 Κασταλίᾳ
1072 1210 1087 1219 -
1106 1192 1140 1234 τε
1164 1171 1317 1252 Χαρίτων
1423 1166 1487 1235 Ἔα.
1503 1168 1549 1253 β’.
1585 1186 1614 1233 65

458 1278 607 1365 ἑσπέριος
629 1278 741 1367 δμάδφ
766 1276 900 1364 φλέγεν.

456 1391 581 1454 πόντου
604 1410 638 1452 τε
662 1383 781 1471 γέφυρ’
807 1385 994 1471 ἀκάμαντος
1017 1383 1053 1449 ἐν
1075 1383 1321 1469 άμ-φικτιόναιν

346 1514 380 1561 40
392 1506 447 1570 las)
457 1497 656 1582 ταυροφόνῳ
680 1494 861 1577 τριετηρίδι
885 1493 1092 1580 Κρεοντίδαν

457 1605 571 1686 τίμασε
595 1600 835 1666 Ποσει-δάνιον
859 1600 901 1666 άν
923 1600 1067 1685 τέμενος·

456 1709 581 1794 βοτάνα
604 1706 641 1773 τέ
661 1733 717 1773 νιν

506 1814 588 1882 πόδ’
614 1814 635 1880 ά
658 1813 791 1891 λέοντος

457 1920 591 1987 νικῶντ’
616 1922 719 2005 ἤρεφε
741 1921 891 1997 δασκίοις

348 2047 404 2095 (σοι
457 2032 641 2103 Φλιοῦντος
663 2025 721 2092 ὑπ’
747 2027 905 2112 ὠγυγίοις
927 2028 1047 2114 ὄρεσιν.

358 2226 391 2273 45
459 2212 610 2272 πλατεῖαι
1429 2210 1506 2289 Στρ.
1524 2204 1567 2287 γ’.
1587 2222 1615 2269 τε

506 2314 675 2379 πάντοθεν
699 2318 864 2397 λογίοισιν
887 2312 971 2378 έν-τὶ
993 2314 1153 2397 πρόσοδοι

420 2479 461 2527 35.
482 2472 576 2542 ἱμάντι
594 2472 690 2533 δεθεὶς
708 2470 804 2525 Trici:
824 2470 994 2541 ἱμαντωθεὶς
1007 2472 1070 2526 BD
1089 2503 1121 2511 —
1141 2470 1176 2525 αἴ
1212 2493 1239 2526 τι
1258 2473 1329 2528 coni.
1344 2472 1498 2536 Hermum
1516 2472 1614 2524 amutal

348 2544 465 2615 αἵματος
483 2565 524 2614 γρ.
541 2542 634 2667 Bergk
653 2575 688 2583 -
707 2548 750 2596 36.
769 2541 993 2613 χρυσαλακάτουι
1018 2546 1230 2613 χρυσαλάκατος
1248 2542 1375 2611 Scinio,
1393 2541 1614 2614 χρυσοπλοκάμον

352 2616 492 2671 Hermann
510 2613 574 2670 ooli.
615 2631 668 2669 om.
683 2613 713 2667 in
732 2614 783 2684 Ap.
798 2613 880 2683 Pyth.
896 2629 922 2667 ar
936 2645 970 2653 -
985 2612 1063 2689 ᾄδων
1077 2616 1113 2683 Β,
1132 2614 1210 2670 άδαν
1224 2615 1290 2671 D⁸0
1304 2647 1338 2656 -
1353 2620 1395 2668 37.
1411 2611 1545 2669 καοναλία
1558 2614 1615 2669 BD

349 2719 382 2729 -
402 2692 444 2743 38.
470 2688 608 2754 ἑσπερίοις
626 2687 690 2740 Dae
710 2718 742 2725 —
763 2689 804 2738 39.
828 2702 859 2739 τε
883 2702 935 2739 om.
955 2686 982 2738 B
1006 2718 1041 2725 —-
1064 2685 1264 2756 ἀμφικτυόνων
1282 2688 1312 2742 D
1329 2718 1364 2726 -
1383 2692 1426 2741 40.
1450 2686 1614 2756 Κρεοντιδάτ

351 2758 557 2813 Rauohenstein
576 2758 585 2809 i
626 2757 720 2811 eniose
744 2788 777 2796 -
796 2763 838 2811 43.
859 2754 971 2811 νικῶντ’
993 2755 1080 2825 ἤρεφε
1104 2758 1175 2812 coni.
1194 2758 1349 2813 Hermann:
1374 2756 1520 2813 νικάσαντ’
1540 2756 1613 2822 teres

349 2831 376 2885 Β
381 2830 419 2899 D,
435 2826 578 2885 νικάσαντ’
611 2826 674 2899 ρεφ’
692 2825 800 2889 δοκέοις
813 2828 884 2883 coni.
901 2827 1022 2894 Sohmid,
1037 2832 1123 2896 atque
1137 2827 1245 2892 δοκέοις
1259 2830 1411 2900 scripserat
1424 2830 1481 2883 iam
1496 2828 1576 2883 Triel.
1586 2861 1611 2866 --

349 2972 420 3026 κατὰ
435 2973 555 3039 σύνεσιν,
574 2972 649 3039 quod
665 2970 800 3041 singulari
814 2972 899 3041 γενεὰ
933 2970 1036 3025 lurales
1051 2970 1264 3035 ναυστολέοντες
1277 2976 1307 3027 et
1321 2973 1439 3026 δυνατοὶ
1456 2972 1545 3026 iuncti
1558 2975 1615 3025 sunl

352 3076 381 3084 -
401 3045 541 3112 Πιερίδων
555 3041 681 3111 ἀρόταις·
701 3042 798 3096 eadem
817 2990 984 3112 metaplora
1003 3060 1069 3096 usus
1088 3046 1132 3097 est
1149 3043 1183 3098 N.
1199 3064 1217 3096 r
1232 3058 1270 3108 ²63
1289 3043 1354 3097 hinc
1373 3042 1432 3097 iam
1449 3043 1525 3097 redit
1540 3046 1613 3113 poeta

349 3115 386 3168 ad
411 3114 512 3169 decora
535 3114 668 3186 gymnica
690 3112 782 3184 gentis
805 3112 976 3167 illustranda
996 3146 1028 3153 —
1048 3121 1089 3170 35.
1114 3113 1209 3185 ἱμάντι
1228 3112 1335 3178 δεθείς·
1365 3118 1462 3169 caestu
1481 3114 1613 3168 involutas

348 3184 477 3256 pugilum
496 3202 595 3239 manus
614 3188 644 3238 et
662 3202 679 3237 a
698 3185 881 3255 scriptoribus
901 3184 1032 3239 dieantur
1050 3188 1079 3239 et
1097 3184 1133 3239 ab
1153 3186 1308 3241 artificibus
1330 3184 1498 3240 exhibentur
1515 3218 1549 3226 —
1565 3185 1613 3238 διὸ

348 3258 453 3320 ταύτας
467 3254 536 3326 τάμοι
546 3255 653 3324 πάτρας
668 3256 788 3310 nominis
799 3254 921 3320 Καλλίας
935 3256 1139 3327 appositionem
1153 3256 1287 3323 afficiunt,
1302 3273 1375 3326 quae
1389 3272 1453 3311 oum
1468 3258 1612 3327 graviorem

351 3327 408 3381 vim
431 3328 548 3393 habeat,
574 3332 639 3382 ante
662 3344 763 3381 noman
785 3328 930 3397 proprium
947 3327 1042 3397 posita
1060 3331 1103 3382 est
1123 3361 1154 3369 —
1174 3327 1295 3398 πάτρας,
1318 3327 1412 3397 gentis
1430 3327 1613 3384 Bassidamm:

349 3400 384 3453 cl'.
404 3398 516 3468 πάτραν
535 3401 697 3454 Μιδυλιδᾶν
720 3400 749 3453 P.
764 3418 813 3451 vm
832 3415 871 3466 ss,
893 3401 1058 3471 Ψαλυχιδᾶν
1080 3398 1190 3467 πάτραν
1209 3400 1272 3454 I.v1
1291 3416 1329 3467 aa,
1352 3400 1447 3473 πάτρᾳ
1468 3399 1614 3470 Χαριάδαις

349 3470 548 3526 N.v111us—
568 3476 609 3526 36.
635 3468 767 3534 Καλλίας·
791 3487 863 3524 unus
882 3487 916 3524 ex
934 3474 1018 3542 gente
1036 3470 1230 3540 Bassidarum,
1253 3471 1373 3525 fortasse
1397 3470 1474 3525 idern
1497 3488 1565 3525 unus
1585 3486 1612 3523 er

348 3541 439 3596 tribus
463 3542 597 3596 fratribus
625 3541 765 3610 Soolidae‚
791 3558 910 3610 quorum
934 3541 1052 3597 virtutes
1079 3559 1163 3612 supra
1185 3562 1210 3597 s.
1230 3559 1256 3597 as
1279 3542 1403 3597 breviter
1428 3542 1562 3613 attigerat
1586 3574 1611 3581 —

349 3620 391 3667 38.
413 3612 549 3681 ἑσπέριος·
570 3613 605 3667 de
619 3613 778 3683 vespertina
797 3630 900 3682 pompa
915 3612 1055 3667 sodalium
1068 3613 1204 3668 victorem
1217 3615 1348 3668 adaram
1366 3613 1411 3669 dei
1430 3613 1612 3668 comitantium

350 3704 374 3739 r.
390 3684 462 3739 Prol.
477 3704 552 3753 κτους
580 3684 614 3739 de
640 3684 779 3739 translata
797 3683 826 3737 vi
844 3684 924 3737 verbi
942 3682 1055 3755 φλέγειν
1074 3686 1107 3739 of.
1123 3686 1142 3740 I.
1158 3701 1236 3741 vura
1257 3716 1291 3727 -
1313 3690 1355 3739 39.
1377 3682 1484 3740 πόντου
1509 3683 1613 3755 γέφυρα,

349 3756 469 3810 isthmus
495 3754 687 3822 Corinthiaco,
712 3756 742 3809 in
767 3772 823 3823 qua
849 3754 909 3809 ludi
934 3756 1044 3811 isthmii
1070 3757 1153 3811 tertio
1178 3773 1289 3825 quoque
1314 3773 1388 3811 anno
1415 3756 1569 3827 agebantur
1585 3787 1611 3795 -
1668 3763 1669 3802 ἓ

349 3834 392 3882 40.
416 3824 595 3897 ταυροφόνῳ·
619 3830 716 3881 tauros
739 3827 871 3897 Neptuno
897 3828 1016 3881 mactari
1045 3827 1142 3882 solitos
1170 3844 1231 3883 esse
1258 3827 1378 3882 tradidit
1405 3827 1464 3882 iam
1490 3828 1612 3883 Homerus
1668 3861 1669 3870 ι

351 3898 402 3953 Οδ,
422 3917 453 3951 m
472 3914 484 3952 s
502 3930 536 3939 —
556 3900 741 3965 Κρεοντίδαν·
766 3898 885 3953 alterurn
909 3898 1050 3966 quendam
1073 3916 1106 3953 ex
1131 3898 1258 3953 Bassidis
1285 3899 1411 3953 lsthmiis
1430 3902 1461 3953 et
1477 3898 1612 3955 Nemeaeis
1668 3885 1669 3956 l

349 3968 423 4023 ludis
443 3969 578 4025 viatorem
596 3969 743 4040 intellego;
763 3974 860 4023 eontra
879 3969 1139 4039 Rauohensteinius,
1159 3988 1221 4025 eum
1240 3973 1332 4041 genet.
1352 3974 1529 4040 Κρεοντιδάν
1546 3986 1613 4041 repo

349 4040 465 4108 suisset,
490 4039 647 4096 Corinthios
667 4039 807 4095 intellexit
826 4057 843 4093 a
862 4039 992 4109 Creonte,
1016 4044 1109 4097 vetere
1129 4042 1336 4097 Corinthiorum
1353 4058 1432 4112 rege,
1458 4042 1612 4113 appellatos,
1668 4039 1669 4094 l

350 4117 382 4165 ut
400 4128 496 4166 omnes
515 4115 571 4166 tres
585 4112 721 4167 victoriae
741 4110 879 4182 (Pythice,
897 4112 1041 4183 Isthmiae,
1060 4114 1212 4183 Nemeaea)
1231 4114 1268 4168 ab
1287 4130 1343 4168 uno
1360 4112 1452 4168 Callia
1465 4116 1612 4184 reportatae
1668 4111 1669 4124 ²

350 4199 410 4236 esse
426 4182 583 4237 dicerentur
598 4217 630 4224 -
645 4190 688 4239 42.
704 4182 810 4257 βοτάνα
825 4182 942 4252 λέοντος,
958 4184 1052 4254 apium
1066 4185 1188 4239 nemoris
1202 4184 1345 4247 Nemeaei,
1365 4201 1420 4253 quo
1438 4184 1486 4241 leo
1500 4185 1537 4239 ab
1554 4185 1611 4239 Her·
1668 4207 1669 4246 1

349 4253 411 4307 oule
429 4253 593 4309 interfectus
612 4256 791 4325 pascebatur3
812 4255 845 4309 ef.
863 4255 894 4311 0.
908 4273 957 4308 xm
976 4272 1010 4309 ιι.
1037 4256 1057 4310 l.
1072 4274 1103 4309 m
1121 4274 1158 4323 113
1176 4273 1274 4310 nemus
1293 4260 1389 4310 autem
1407 4255 1480 4310 illud
1502 4256 1610 4311 vicinum
1668 4313 1669 4318 ρ

350 4324 475 4379 Phliunti
494 4326 556 4379 urbi
576 4330 648 4395 erat3
675 4328 709 4382 of.
729 4328 810 4382 Paua.
830 4346 850 4379 π
870 4344 903 4395 lu,
922 4344 935 4381 u
954 4326 1009 4381 ἔστι
1033 4326 1086 4397 γάρ
1106 4327 1137 4381 ἐν
1155 4336 1188 4398 τῇ
1209 4325 1349 4382 Φλιασίων
1367 4325 1520 4395 ἀκροπόλει
1538 4347 1612 4383 κυπα-
1668 4333 1669 4350 ’

351 4394 456 4521 pleon}
470 4396 629 4523 ξέσδξαοείλ
647 4470 683 4523 ed
703 4468 843 4538 mythieas
862 4468 962 4523 laudes
980 4470 1105 4539 Aeginae
1124 4470 1242 4538 insulae,
1262 4470 1311 4525 sed
1330 4487 1366 4524 ne
1384 4470 1497 4541 longius
1515 4486 1612 4526 carmen

350 4540 437 4607 fieret,
457 4538 587 4594 similiter
607 4543 690 4609 atque
710 4541 739 4594 in
758 4539 881 4595 earmina
901 4541 934 4594 N.
954 4560 983 4595 ιν
1001 4540 1108 4595 nullam
1126 4540 1253 4595 fabulam
1272 4542 1362 4596 fusius
1380 4542 1461 4613 spico
1479 4543 1561 4597 morlo
1577 4558 1611 4595 ex·
1668 4589 1669 4592 ,

350 4609 446 4735 φοεοίλ
464 4642 499 4651 -
518 4617 559 4666 45.
579 4610 707 4681 λογίοιοι·
734 4612 888 4667 carminum
912 4615 941 4667 et
965 4610 1145 4667 historiarum
1170 4613 1319 4683 scriptores
1337 4631 1393 4668 uno
1412 4614 1525 4669 nomine
1541 4616 1611 4684 poeta

370 4698 404 4736 oc
422 4681 483 4736 loeo
503 4682 695 4752 amplectitur3
715 4683 749 4737 de
769 4682 909 4738 sententia
928 4683 990 4754 ipsa
1009 4684 1043 4738 of.
1057 4684 1078 4739 Ι,
1094 4704 1115 4737 11
1133 4700 1166 4739 ss.
1185 4704 1217 4737 ru
1235 4702 1273 4751 1⁹3
1293 4684 1328 4739 de
1346 4684 1487 4740 infinitivo
1505 4686 1580 4741 finali
1591 4685 1611 4735 sl
1668 4749 1669 4760 ρ

351 4753 529 4808 consecutivo
549 4752 582 4808 of.
603 4754 632 4809 Ρ.
652 4775 669 4808 x
689 4772 714 4810 is
732 4787 766 4796 —
786 4760 828 4810 46.
849 4754 948 4809 εὐκλέα
966 4755 1041 4809 redit
1059 4754 1096 4809 ad
1116 4757 1226 4811 εόκλεῐα
1244 4775 1269 4811 r.
1286 4773 1311 4812 aa
1331 4788 1364 4796 —
