3417 5434
604 395 763 446 OLYMPIA
780 395 855 447 xm
1308 393 1369 456 101

102 572 137 619 ιο
170 553 336 622 Ἑλλώτια
360 554 393 620 δ’
418 554 558 633 ἑπτάκις.
604 554 641 621 ἐν
1145 554 1214 621 'Era
1237 554 1282 640 β’.

224 662 258 728 δ’
283 664 480 749 ἀμφιάλοισι
504 664 709 740 Ποτειδᾶνος
731 668 905 747 τεθμοῖσιν

174 771 385 858 Πτοιοδώρῳ
409 772 473 836 σὺν
495 768 595 856 πατρὶ
617 772 816 857 μακρότεραι

180 881 310 965 Τερψίᾳ
332 875 369 943 θ’
395 875 508 955 ἕψοντ’
530 875 647 965 Ἐριτί-
661 900 711 964 μφ
734 875 764 941 τ’
789 876 910 943 ἀοιδαί.

176 985 263 1050 ὄσσα
285 983 316 1049 τ’
341 983 378 1049 όν
399 989 586 1069 Δελφοῖσιν
609 983 823 1070 ἀριστεύσατε

176 1090 239 1177 ἠδὲ
261 1095 394 1178 χόρτοις
417 1090 453 1157 ἐν
476 1090 624 1175 λέοντος,
647 1092 804 1177 δηρίομαι
825 1089 963 1157 πολέσιν

104 1216 139 1263 45
178 1196 256 1285 περὶ
278 1200 417 1281 πλήθει
438 1204 563 1282 καλῶν,
587 1198 631 1275 ὡς
654 1199 720 1282 μὰν
743 1195 847 1282 σαφὲς

179 1306 242 1371 miss
265 1304 308 1371 διν
330 1306 455 1389 εἰδείην
476 1304 585 1387 λέγειν

224 1421 366 1477 ποντιᾶν
387 1412 513 1496 ψάφων
535 1410 690 1497 ἀριθμόν.

182 1608 292 1675 ἕπεται
315 1606 352 1674 δὲ
374 1608 522 1696 όεκόστφ
1136 1612 1216 1693 Στρ.
1240 1607 1282 1691 γ’.

182 1716 315 1803 μέτρον·
338 1724 415 1799 νοῆ-
429 1732 484 1781 σαι
508 1710 545 1779 δὲ
567 1715 682 1799 καιρὸς
703 1716 846 1800 ἄριστος.

166 1934 207 1984 40.
231 1928 340 1983 τιοτειδ,
359 1925 463 1981 lemma
480 1928 521 1996 B,
545 1926 576 1981 in
598 1926 627 1981 Β
648 1946 690 1981 τει
712 1942 802 1996 paene
825 1926 953 1995 evanuit,
976 1927 1067 1981 ιτοτιδ.
1086 1925 1128 1994 D,
1151 1929 1258 1982 ποοειδ.
1280 1928 1312 1995 0;
1336 1928 1370 1983 cs.

95 2020 120 2056 v.
143 2017 159 2055 s
184 2032 217 2041 -
244 2004 288 2053 42.
319 1995 429 2073 Τερψίᾳ
456 1996 619 2081 &timeas
646 1994 775 2071 Ἐριτίμῳ
800 1996 827 2051 τ’
858 2014 892 2052 ex
920 1996 1006 2087 schol.
1027 1996 1160 2089 'Schmidj
1196 1998 1308 2067 τέρψιες
1334 1999 1369 2054 θ’

96 2068 475 2197 inerter
493 2066 1145 2210 sescus,resecare2
1158 2070 1370 2197 esee

97 2162 231 2341 ῖὲῖῖεζξῇ
246 2220 290 2268 46.
309 2221 412 2283 ψᾶφον
429 2212 473 2267 D¹
485 2184 578 2268 -su
598 2210 629 2266 tt
641 2212 704 2267 fer.
720 2229 795 2282 susp.
810 2184 977 2268 Momnisen:
997 2210 1025 2266 δ’
1044 2211 1081 2267 ἐκ.
1099 2182 1167 2267 οὀῖ
1185 2212 1281 2283 schol,
1295 2212 1324 2268 δ’
1341 2161 1372 2269 ii

99 2446 163 2483 nam
179 2444 269 2498 neque
287 2428 359 2483 haec
377 2445 459 2483 sacra
477 2444 541 2482 cum
559 2426 634 2481 ludis
652 2426 791 2497 gymnicis
809 2427 960 2481 coniuncta
978 2426 1065 2481 brisso
1085 2428 1207 2497 constat,
1228 2442 1319 2497 neque
1339 2444 1373 2483 ea

99 2501 192 2555 eodem
210 2517 266 2571 quo
285 2499 389 2570 Pythia
406 2498 544 2624 Delphica
562 2515 656 2554 mense
676 2498 842 2569 agebantur.
874 2496 936 2563 Qua
954 2497 989 2552 de
1008 2514 1094 2553 causa
1112 2498 1185 2552 nihil
1203 2498 1372 2569 relinquitur

98 2572 151 2625 nisi
167 2575 199 2626 ut
220 2574 272 2626 ant
287 2570 436 2642 gymnicos
470 2570 541 2626 udos
559 2570 823 2626 Panathenaeorum
840 2572 906 2640 post
924 2586 1012 2639 sacra,
1031 2568 1128 2639 primis
1148 2570 1247 2625 diebus
1266 2571 1370 2627 mensis

98 2642 323 2716 Metageitnionis
342 2645 408 2697 acte
426 2658 488 2697 esse
506 2645 557 2696 aut
575 2639 729 2696 Pindarum
745 2644 861 2713 poetam
874 2640 967 2696 verbis
986 2640 1074 2711 μηνὸς
1087 2642 1194 2697 rubroc
1209 2642 1305 2697 orbem
1321 2642 1370 2697 tri·

98 2715 176 2785 ginta
193 2715 301 2770 dierum
317 2714 476 2785 significare
490 2712 612 2769 voluisse
627 2713 775 2781 ducamus3
795 2712 829 2769 ci.
845 2712 921 2767 Stab.
937 2713 963 2767 d.
978 2712 1005 2768 b.
1020 2711 1072 2767 Alr.
1089 2718 1157 2767 leco
1175 2731 1203 2784 p.
1220 2731 1242 2767 11
1259 2731 1294 2769 ss.
1323 2712 1371 2769 Al-

98 2789 185 2840 terum
203 2789 299 2841 autem
317 2802 350 2841 eo
369 2784 483 2841 facilius
501 2784 592 2839 statui
608 2786 712 2856 potest,
728 2785 806 2854 quod
819 2782 928 2851 Graeci,
947 2801 1011 2838 cum
1030 2783 1127 2838 civiles
1145 2801 1254 2840 menses
1274 2784 1371 2858 singu-

99 2857 185 2911 larum
202 2857 363 2913 civitafium
381 2873 465 2929 saepe
486 2857 607 2915 multum
625 2856 698 2910 inter
712 2873 742 2910 se
755 2856 948 2926 discreparent
962 2858 997 2925 (v.
1008 2855 1110 2926 Unger,
1130 2855 1300 2911 Zeitrechn.¹
1313 2861 1371 2927 res),

99 2930 185 2999 magis
211 2928 356 2984 naturalis
383 2928 477 2999 spatia
508 2944 593 2997 quam
625 2926 723 2982 civilia
754 2928 948 2995 mensiumque
979 2926 1093 2981 nomina
1119 2927 1310 2999 respiciebant
1337 2962 1370 2971 -

100 2999 158 3067 τρία
184 3000 261 3071 ἔργα·
287 3000 307 3055 i.
331 3017 355 3056 e.
378 2998 536 3069 στεφάνους
562 3008 647 3069 τριῶν
674 2998 690 3053 ἔ
723 3017 777 3055 ων·
808 3014 949 3068 quaenam
979 2996 1031 3052 illa
1059 2998 1117 3053 tria
1146 3015 1231 3069 opera
1258 2999 1371 3069 bisunt,

100 3076 235 3143 exponunt
266 3070 391 3127 scholiar
426 3069 491 3140 τρία
524 3070 555 3125 δὲ
588 3071 655 3154 ἔργα
688 3091 700 3126 s
735 3090 748 3127 ε
781 3068 898 3125 δίαυλον
930 3070 978 3124 sol
1011 3069 1154 3125 ὁπλιτικὸν
1186 3068 1292 3142 δρόμον
1323 3074 1372 3127 καὶ

100 3143 215 3200 στάδιον.
251 3146 311 3198 tres
333 3142 468 3199 victorias
487 3160 505 3197 a
523 3142 643 3212 singulis
661 3142 746 3197 simul
770 3145 869 3212 partas
892 3144 1113 3196 commemorent
1135 3142 1261 3214 Phlegon
1283 3142 1316 3198 fr.
1338 3161 1371 3213 rs,

100 3214 221 3271 Philostr.
241 3232 335 3285 gymn
355 3232 382 3285 p.
401 3230 453 3286 sse,
474 3230 487 3270 e
513 3214 611 3284 Kays,
632 3215 713 3269 Paua.
733 3232 762 3268 vr
782 3230 819 3283 is,
840 3230 853 3269 s
875 3245 907 3253 -
928 3213 1074 3282 ποδαρκὴς
1095 3213 1199 3268 dicitur
1219 3214 1293 3281 dies,
1315 3232 1371 3283 quo

102 3286 135 3340 de
154 3288 255 3357 pedum
276 3286 446 3358 pernicitate
468 3288 593 3341 certatur
617 3285 748 3356 (ταχυτὰς
770 3288 867 3340 ποδῶν
886 3282 1004 3353 ἐρίζεται
1023 3283 1139 3355 0.19s),
1157 3285 1195 3339 ad
1213 3301 1293 3340 exem
1313 3286 1372 3341 lum

102 3356 233 3415 Homerici
256 3359 370 3414 δούλιον
391 3353 468 3483 τὶμαρ
488 3390 520 3399 -
539 3363 583 3413 40.
599 3356 745 3426 Ἑλλώτια,
768 3373 804 3411 sc.
819 3360 912 3425 θῆκεν
936 3357 1009 3425 ἀμφὶ
1032 3353 1143 3426 κόμαις,
1167 3356 1266 3413 schol:
1291 3305 1371 3428 iisse]

102 3424 669 3572 :tzillrtttttlttftlttl
680 3431 901 3569 ililttssiiw‘
919 3426 1373 3569 tsstlttttlthtttle

102 3576 231 3643 τιθμοῖσι·
255 3571 381 3627 Isthmiis
404 3572 492 3641 ludis,
516 3572 648 3641 quicum
666 3576 743 3627 certa
761 3571 807 3625 die
826 3574 856 3625 et
873 3570 936 3640 lege
956 3574 1089 3695 aperitur,
1113 3572 1214 3641 τεθμοὶ
1232 3571 1372 3643 dicuntur,

104 3645 132 3696 ut
151 3644 288 3716 Olympici
307 3644 342 3697 N.
357 3662 375 3697 x
388 3660 415 3699 ss
434 3675 468 3685 -
491 3651 534 3698 sl.
558 3645 739 3717 Πτοιοδώρῳ·
764 3643 865 3699 schol:
891 3647 969 3712 Τερφ
982 3662 1015 3697 ου
1039 3642 1162 3713 ἀδελφὸς
1185 3640 1372 3737 Πτοιόδωρος,

103 3716 145 3769 sul
162 3714 286 3785 Τερφίοο
304 3714 356 3785 μὲν
374 3717 475 3779 παῖδες
491 3712 629 3785 Ἐρότιμος
646 3717 696 3769 καὶ
714 3716 904 3785 Ναμερτίδοις,
923 3714 1104 3784 Πτοιοδώρου
1123 3713 1154 3769 δὲ
1171 3712 1318 3784 Θεσσαλός,
1338 3735 1371 3771 ου

103 3788 241 3857 ervoque·
265 3785 340 3850 τινδς
362 3786 394 3841 δὲ
412 3795 462 3841 τοῦ
481 3784 647 3857 Ναμερτίδα
662 3784 805 3857 Ἑρίτιμόν
827 3780 928 3856 φασιν,
950 3784 1091 3855 Ἐριτόμου
1109 3784 1140 3839 δὲ
1161 3783 1318 3842 Αὐτόλυκον
1338 3818 1368 3829 -·

102 3864 138 3911 «tt.
162 3857 292 3926 όφονται·
321 3859 358 3913 ad
382 3860 494 3929 tempus
519 3875 576 3912 non
600 3858 732 3913 vincendi
755 3858 805 3911 sed
827 3857 948 3912 canendi
971 3856 1147 3913 referendum
1170 3860 1224 3913 est:
1254 3857 1278 3911 si
1304 3874 1371 3913 vero

103 3929 239 3986 Isthmicos
266 3930 430 3999 Ptoeodori‚
453 3928 583 3984 Thessali
607 3929 710 4002 patris,
733 3932 763 3984 et
786 3929 882 3983 fratris
906 3928 966 3984 eius
989 3928 1214 3998 patrueliumque
1237 3928 1371 3985 victorias

104 4018 191 4056 canere
210 4001 308 4070 velim,
327 4002 415 4056 etiam
433 4000 562 4072 longiora
581 4001 706 4056 carmina
724 4004 877 4072 sequentur
901 4032 933 4040 -
960 4005 1002 4055 43.
1027 3998 1108 4054 ὄσσα·
1133 3999 1310 4055 exclamandi
1328 4000 1371 4055 vis

104 4072 245 4129 subtilitati
259 4072 344 4127 huius
358 4072 413 4128 loci
427 4073 519 4127 minus
535 4076 603 4143 apta
622 4076 666 4127 est
683 4091 769 4141 quarn
786 4071 921 4127 relativa:
940 4088 1123 4141 quaecunque
1137 4088 1196 4139 vos,
1215 4071 1372 4127 Ptoeodore

105 4143 209 4215 Terpsia
226 4145 359 4213 Eritime,
384 4143 502 4215 Delphis
527 4147 557 4198 et
581 4144 705 4200 Nemeae
729 4143 926 4215 praestitistis,
952 4146 1011 4197 tarn
1037 4143 1127 4197 mults
1146 4144 1224 4211 sunt,
1243 4145 1287 4211 ut,
1307 4160 1371 4198 cum

105 4214 165 4269 nihi
187 4217 363 4271 numeranda
388 4215 458 4286 sint,
483 4217 519 4271 de
545 4215 727 4270 multitudine
752 4216 885 4270 decorum
909 4218 1014 4271 certem
1039 4230 1132 4283 neque
1150 4218 1256 4269 certum
1275 4231 1372 4270 eorum

105 4304 235 4343 numerum
264 4287 357 4359 magis
387 4306 473 4358 quam
501 4287 671 4343 harenarum
700 4286 786 4342 maris
816 4303 919 4357 ponere
970 4285 1063 4341 ossim.
1105 4284 1225 4341 Dativus
1257 4284 1371 4341 πολέσιν

105 4359 205 4429 ambigo
228 4362 323 4415 utrum
347 4358 474 4414 neutrius
499 4358 611 4431 generis
637 4358 675 4413 sit
699 4356 822 4429 (πολέσιν
848 4358 916 4413 ὅσσα
942 4306 1133 4428 iprensem)
1160 4374 1195 4411 au
1221 4358 1371 4412 masculini

104 4430 213 4494 (πολέσιν
235 4434 397 4501 ἀθληταῖς),
416 4446 471 4501 quo
494 4430 662 4500 quibuscum
684 4433 770 4500 poeta
787 4432 877 4485 certet
896 4429 1069 4501 significetur
1087 4461 1122 4469 —
1141 4435 1183 4483 lt.
1208 4428 1317 4500 χόρτοις
1341 4428 1371 4485 ἐν

105 4500 213 4628 {eger
232 4503 263 4557 in
276 4502 390 4574 pascuis
404 4502 538 4558 Nemeaei
552 4502 655 4571 leonis3
674 4502 709 4558 cf.
724 4503 759 4558 N.
773 4522 802 4556 vr
815 4519 841 4557 st
863 4534 895 4543 -
914 4507 957 4556 46.
976 4509 1097 4557 ποντιᾶν
1110 4498 1218 4571 ψάφων
1233 4500 1371 4571 ἀρνθμόν·

104 4588 132 4627 e.
169 4594 209 4629 ,11
223 4592 270 4630 ros.

165 4653 206 4701 47.
225 4645 466 4701 enumerationem
479 4644 661 4701 victoriarum
676 4645 870 4716 Xenophontis
889 4645 1005 4713 eiusque
1023 4642 1150 4698 familiae
1170 4642 1321 4713 abrumpit,
1337 4660 1371 4697 ne

105 4717 218 4784 nodum,
241 4717 291 4788 qui
314 4717 450 4788 cuiusque
467 4717 510 4772 rei
528 4718 573 4787 eit,
593 4717 818 4787 transgrediatur
836 4720 866 4771 et
884 4718 917 4770 ut
935 4716 971 4769 ad
990 4714 1105 4786 publica
1125 4715 1226 4769 decora
1245 4714 1372 4770 Corinthi

104 4790 218 4845 bauseat
236 4821 271 4831 -
290 4793 334 4845 48.
353 4789 469 4861 respicit
480 4789 594 4846 Hesiod.
610 4806 666 4859 opp
680 4806 718 4843 eor
733 4787 819 4859 μέτρα
833 4787 1041 4857 φυλάσσεσθαι·
1060 4786 1158 4857 sorpto
1176 4786 1204 4841 δ’
1226 4786 1272 4841 aa
1285 4796 1372 4841 πᾶσιν

105 4858 203 4929 ἄριστος
223 4894 260 4903 -
283 4868 395 4931 νοῆσαι·
421 4861 608 4931 intellexisse,
632 4860 746 4929 quando
768 4861 869 4915 modus
893 4858 1048 4929 completus
1072 4860 1122 4928 sit,
1142 4859 1176 4915 cf.
1197 4858 1225 4914 P.
1245 4878 1273 4911 rx
1293 4876 1318 4915 ιο
1337 4891 1372 4899 -
