3417 5434
615 328 748 379 PYTHIA
767 327 826 380 VIl.

293 490 423 573 θαητὸν
445 486 588 567 ἔτευξαν.

293 597 409 680 ἄγοντι
432 596 473 663 δέ
492 621 532 683 με
554 595 652 663 πέντε
673 594 734 682 μὲν
754 595 886 680 Ἰσθμοῖ

293 716 399 788 νῖκαι,
421 707 480 789 μία
503 701 534 770 d’
560 703 722 789 ἐκπρεπὴς

244 829 276 880 15
294 813 378 889 Διὸς
399 810 591 895 Ὀλυμπιάς,

295 920 357 984 δύο
380 916 413 983 θ’
439 917 503 984 ἀπὸ
526 921 667 1006 Κίρρας,

296 1128 322 1198 ὦ
345 1133 548 1217 Μεγάκλεες,
570 1131 655 1217 ὑμαί
674 1155 709 1197 τε
731 1130 787 1196 καὶ
809 1135 994 1217 προγόνων.
1061 1130 1127 1197 'fila
1167 1149 1199 1196 15

295 1239 356 1328 νίςι
379 1241 400 1305 d
405 1238 413 1264 ’
439 1239 601 1328 εὐπραγίᾳ

295 1351 399 1433 χαίρω
421 1367 466 1412 τι·
489 1349 527 1412 τὸ
550 1345 582 1412 d'
608 1348 767 1432 ἄχνυμαι,

242 1472 277 1519 20
296 1457 431 1539 φθόνου
455 1454 672 1540 ἀμειβόμενον

295 1564 336 1627 τὰ
357 1562 441 1626 καλὰ
463 1561 575 1647 ίίργα.
621 1564 726 1646 φαντί
746 1584 783 1644 γε
804 1562 871 1646 μὰν

296 1671 383 1734 οὕτω
406 1693 464 1734 κεν
486 1667 585 1757 ἀνδρὶ
607 1671 819 1755 παρμονίμαν

295 1777 482 1842 θάλλοισαν
505 1776 721 1860 εὐδαιμονίαν

296 1885 337 1948 τὰ
359 1882 477 1948 καὶτὰ
500 1882 672 1970 φέρεσθαι.

150 2119 193 2168 16.
214 2114 284 2168 δοιὼ
303 2113 361 2166 ἀπὸ
379 2111 463 2168 Triel.
482 2144 518 2152 —
537 2118 578 2167 18.
603 2132 631 2166 τι
650 2113 746 2168 codd:
772 2131 802 2167 τε
826 2113 897 2168 coni.
918 2114 1048 2185 Hartung
1068 2147 1101 2155 -
1120 2121 1163 2170 22.
1190 2113 1268 2168 οὕτω
1287 2113 1359 2169 coni.

83 2185 182 2238 Gorsm
203 2218 238 2224 —
258 2191 300 2240 22.
320 2182 496 2253 παρμενέμεν
515 2184 586 2239 coni.
600 2184 738 2254 Hartung.

150 2333 185 2380 13
201 2346 238 2382 ss.
265 2327 399 2382 victorias
421 2326 560 2381 maiorum
582 2326 719 2397 Megaclis
741 2327 784 2380 ita
809 2325 888 2381 laudi
914 2327 1056 2399 praesenti
1082 2327 1196 2382 victoris
1223 2328 1360 2398 Megaclis

84 2403 163 2468 poeta
182 2399 358 2468 commiscet,
376 2401 409 2452 ut
427 2398 506 2452 cuius
525 2415 653 2467 quaeque
667 2397 787 2453 victoria
806 2399 844 2452 ait
863 2399 983 2455 discerni
1002 2403 1131 2468 nequeat.
1161 2401 1253 2468 Atque
1268 2400 1359 2470 genti-

84 2469 148 2523 lium
167 2471 275 2525 decora
292 2474 404 2541 praeter
421 2487 554 2540 praeseus
573 2470 658 2524 decus
676 2470 815 2524 Pindarus
833 2470 864 2524 in
878 2471 943 2525 aliis
958 2488 1068 2542 quoquc
1084 2471 1211 2541 epiniciis
1226 2475 1360 2538 recenset,

85 2543 195 2596 sedhic
214 2542 288 2596 nihil
306 2540 577 2612 distinguit‚·idque
594 2541 712 2608 idcirco,
732 2541 843 2611 opinor,
864 2543 938 2610 quorl
958 2542 1099 2613 Megacles
1118 2543 1179 2613 ipse
1198 2545 1248 2597 aut
1265 2542 1359 2596 nullas

85 2617 131 2666 aut
143 2631 252 2683 paucae
267 2613 400 2668 victorias
415 2615 527 2683 praeter
540 2612 615 2667 hanc
628 2612 776 2682 Pythicam
790 2616 984 2682 reportaverat
1003 2646 1035 2654 —
1057 2620 1097 2670 15.
1118 2614 1186 2677 Διὸς
1196 2611 1359 2685 Ὀλυμπιάς·

85 2703 108 2738 r.
126 2702 185 2756 arg.
205 2686 341 2740 carminis
365 2703 393 2754 p.
413 2701 452 2739 raa
471 2717 504 2725 -
526 2689 566 2739 17.
592 2685 672 2754 ὑμαί·
699 2687 750 2738 aut
774 2684 893 2754 pluralis
918 2703 968 2755 pro
988 2685 1125 2756 singulari
1144 2683 1191 2740 σαί
1209 2689 1359 2754 usurpatus

86 2759 137 2824 eat,
155 2760 189 2810 ut
205 2757 375 2828 pronomina
393 2753 526 2826 ἁμίτερος
544 2758 573 2810 et
591 2753 662 2826 ἀμίς
685 2756 721 2808 ad
747 2756 873 2826 singulos
899 2756 990 2811 relata
1014 2756 1168 2812 exstantO
1196 2776 1227 2809 111
1246 2775 1266 2812 a.
1292 2775 1320 2810 xr
1339 2773 1359 2812 a.

89 2827 112 2881 P.
129 2847 160 2880 111
177 2846 213 2883 ιι.
238 2847 267 2882 rv
286 2845 320 2884 aa.
346 2829 367 2884 Ι.
385 2847 414 2881 vr
431 2842 468 2897 ιο,
487 2829 538 2880 aut
555 2844 619 2881 cum
636 2826 778 2881 Boeclshio
793 2827 928 2882 victoriae
947 2829 992 2882 Me
1032 2827 1082 2882 elis
1102 2831 1131 2883 et
1144 2827 1358 2882 Alcmaeonida-

87 2916 143 2952 rum
158 2900 299 2971 Megcclis
318 2897 479 2968 aequalium
498 2898 705 2968 intellegendae
724 2901 802 2964 sunt;
826 2899 861 2953 of.
881 2901 964 2970 ὑμαῖς
1013 2919 1086 2955 ‚vm
1105 2917 1131 2954 se
1151 2932 1184 2940 -
1204 2905 1245 2954 19.
1272 2899 1359 2970 χαίρω

87 2988 122 3022 τι·
140 2971 304 3040 pronomini
321 2991 349 3024 τι
367 2987 401 3024 ea
420 2973 463 3023 cst
481 2970 533 3031 vis.
552 2973 584 3024 ut
602 2973 687 3040 poete
706 2986 734 3023 se
754 2969 868 3038 quidem
889 2972 1025 3040 gaudere,
1045 2971 1094 3025 sed
1113 2988 1169 3025 non
1187 2971 1272 3042 plane
1291 2988 1359 3040 gau-

87 3041 158 3109 dere,
180 3043 260 3111 quod
280 3042 386 3112 gaudio
407 3041 488 3096 dolor
505 3041 647 3095 admixtus
666 3041 716 3108 sit,
736 3041 877 3112 significet
896 3075 928 3083 -
948 3047 989 3098 20.
1014 3040 1141 3112 φθίνον,
1161 3059 1216 3097 non
1236 3043 1359 3110 deorum,

88 3114 132 3166 scd
149 3113 265 3182 civium,
284 3113 333 3182 qui
352 3112 509 3185 Megaclem
522 3116 660 3167 testarum
673 3112 778 3166 iudicio
793 3113 822 3165 in
835 3112 952 3167 exilium
966 3113 1119 3181 siccarent,
1139 3113 1219 3168 cuius
1233 3113 1359 3170 invidiae

88 3201 195 3239 causam
213 3184 376 3239 Boeckhius
396 3201 431 3238 ex
451 3184 500 3253 iis,
519 3201 592 3252 quae
611 3184 646 3238 de
664 3183 833 3253 proditionis
854 3185 970 3239 erimine
989 3185 1254 3240 Alcmaeonidarum
1273 3185 1358 3239 Hero-

89 3255 164 3309 dotus
178 3276 218 3309 vu
233 3271 273 3312 ns
286 3259 392 3323 narrat,
406 3255 547 3325 repetivit.
576 3254 656 3320 Quod
671 3259 765 3310 autem
780 3255 888 3310 scholia
906 3256 1056 3327 perhibent
1071 3255 1242 3344 Ἀρίσταργος
1260 3259 1359 3330 συμβε-

90 3327 197 3396 saevas
211 3329 288 3400 αὐτῷ
302 3348 329 3381 τι
343 3326 496 3396 σύμπτωμα
510 3328 574 3395 περὶ
587 3327 638 3396 τὴν
652 3329 735 3396 νίκην
748 3328 863 3396 ταύτην,
883 3325 954 3382 ὅθεν
968 3327 1016 3383 καί
1035 3347 1103 3398 φησι
1121 3329 1153 3382 τὸ
1172 3347 1223 3398 μεν
1241 3326 1358 3399 χαίρειν,

88 3397 116 3450 τὸ
132 3397 158 3451 δ’
179 3399 338 3469 ἄχνυοθαι,
363 3397 478 3467 φθόνου
495 3398 572 3461 τινὸς
589 3395 798 3469 παρακειμένου
821 3408 879 3463 τοῖς
902 3405 996 3463 καλοῖς
1020 3399 1122 3470 ἔργοις,
1148 3400 1201 3454 hoc
1227 3407 1260 3454 ut
1284 3405 1359 3453 recte

90 3467 138 3523 loci
156 3471 328 3525 sententiam
345 3469 447 3538 reddit,
469 3469 510 3522 ita
528 3469 704 3539 praeclarum
722 3471 938 3539 grammaticum
957 3471 1051 3540 arguit
1068 3470 1246 3526 coniecturae
1264 3470 1359 3541 potius

90 3539 232 3597 indulsisse
257 3559 343 3610 quam
365 3541 510 3596 annalium
534 3541 682 3611 scriptores
706 3540 843 3596 evolvisse
862 3575 897 3582 -
916 3549 958 3598 22.
983 3541 1054 3597 οὕτω
1078 3542 1196 3596 sirecte
1215 3559 1244 3596 se
1263 3541 1358 3610 habet,

90 3611 126 3665 ita
148 3617 262 3668 tantum
288 3612 420 3667 stabilem
445 3612 611 3667 felicitatem
636 3612 797 3666 hominibus
821 3615 927 3684 (ἀνδρὶ)
948 3632 1009 3668 esse
1035 3613 1189 3684 significat,
1215 3617 1247 3668 ut
1272 3613 1358 3668 etiam

92 3683 200 3740 maeres
224 3702 321 3739 secum
345 3685 431 3752 ferat3
457 3683 500 3738 vis
519 3687 614 3738 autem
631 3683 788 3754 particulae
807 3705 856 3740 κεν
876 3687 998 3756 apertior
1015 3687 1077 3754 fiet,
1098 3685 1122 3738 si
1139 3703 1190 3754 pro
1209 3685 1358 3774 participio

91 3753 238 3811 θάλλοισαν
261 3756 418 3826 optativum
444 3755 584 3826 posueris:
609 3753 697 3825 φαντί
715 3775 759 3824 γε,
785 3757 821 3819 ὡς
840 3755 911 3811 οὕτω
931 3755 967 3812 ἂν
986 3759 1070 3824 ἀνδρὶ
1088 3759 1176 3829 βροτῷ
1195 3777 1358 3826 παρμονιμα

93 3825 184 3881 &illoc
202 3830 380 3897 recursionis,
399 3825 467 3881 ὥστε
485 3826 521 3880 τὰ
539 3828 587 3881 καὶ
606 3827 641 3880 τὰ
660 3825 808 3897 φέρεσθαι.
836 3828 877 3883 De
897 3826 933 3883 dcv
953 3846 974 3882 c.
994 3829 1093 3898 partic.
1113 3846 1138 3884 v.
1157 3827 1271 3882 Kllhner
1290 3834 1358 3892 §aas

93 3897 189 3953 lumi
207 3931 243 3939 -
262 3905 306 3953 23.
333 3895 528 3969 εὐδαιμονίαν·
554 3898 641 3953 latius
667 3898 720 3953 hoc
742 3916 843 3953 nomen
862 3903 958 3970 patere
977 3917 1060 3968 quam
1082 3897 1237 3969 εὐπραγίαν
1256 3901 1285 3952 et
1303 3899 1356 3952 ori-

92 3967 223 4034 ginatione
245 3975 275 4024 et
298 3987 349 4022 usu
366 3970 568 4024 vocabulorum
591 3972 755 4024 constat-
775 3977 817 4025 24.
843 3971 879 4024 τὰ
902 3973 950 4026 καὶ
973 3970 1020 4024 τά·
1048 3971 1082 4026 cf.
1102 3971 1122 4026 l.
1141 3990 1172 4023 111
1191 3987 1215 4024 ⁵1
1235 3979 1290 4024 τῶν
1309 3971 1358 4024 καὶ

93 4048 147 4108 τῶν,
163 4042 289 4112 Theogu.
304 4057 343 4096 aaa
362 4041 412 4112 χρὴ
431 4041 466 4095 τοί
484 4061 514 4095 τε
533 4044 582 4096 καὶ
598 4042 634 4096 τὰ
653 4040 757 4111 φέρειν.
