3417 5434
342 326 401 382 cvl
841 327 1119 380 PROLEGOMENA

1680 262 1682 357 λ

431 491 536 578 έχθρά
564 492 604 556 δέ
629 509 712 576 φασι
739 492 959 578 φρονούντων
986 489 1141 573 ἀλλήλοις
1161 489 1350 573 Ἀθηναίων
1373 486 1426 553 καὶ
1454 491 1625 572 Θηβαίων,
1680 504 1681 549 i

341 597 411 664 ἐπεὶ
438 597 563 686 ἔγραψέ
587 619 665 664 που·
693 593 732 664 Ὦ
763 596 826 663 ταὶ
855 589 1018 682 λιπαραὶ
1045 595 1109 662 καλ
1136 598 1419 681 μεγαλοπόλιες
1444 593 1624 678 Ἀθῆναι,
1680 602 1681 645 3

340 707 422 772 κατά
445 705 486 771 δέ
501 731 603 790 τινας,
627 705 696 772 ἐπεὶ
719 710 879 792 ἔρεισμα
898 703 1120 780 Ἑλλάδος’
1091 729 1165 790 εφη
1183 706 1241 780 τάς
1262 701 1457 786 Ἀθήνας,έ
1439 705 1625 787 εζημίωσαν

341 814 444 879 αὐτὸν
470 817 610 898 Θηβαῖοι
637 818 760 899 χιλίαις
782 813 1005 898 δραχμαῖς,
986 836 1025 889 ας
1048 809 1233 890 έξέτισαν“
1215 807 1299 895 νπὲρ
1322 810 1428 876 αὐτοῦ
1449 808 1625 893 Ἀθηναῖοι

306 939 321 986 ο
342 922 387 998 ὡς
409 927 613 1006 φιλαττικοῦ.

430 1028 557 1113 λέγεται
576 1025 614 1094 δὲ
632 1028 686 1095 καὶ
704 1029 749 1106 ὡς
765 1029 920 1105 Λάκωνες
938 1025 1162 1112 ἐμπρήσαντές
1179 1047 1258 1091 ποτε
1274 1027 1387 1109 Θήβας
1404 1024 1488 1088 κατὰ
1502 1023 1623 1108 μάχην,

341 1133 380 1220 ής
406 1131 484 1223 ήρχε
509 1138 704 1213 Παυσανίας
731 1137 750 1203 δ
778 1147 875 1220 σφῶν
902 1137 1071 1219 βασιλεύς,
1099 1129 1281 1218 ἀπέσχοντο
1308 1135 1412 1217 μόνης
1434 1140 1493 1214 τῆς
1514 1133 1624 1206 οἰκίας

341 1251 401 1308 τοῦ
424 1253 577 1328 ποιητοῦ,
602 1245 729 1321 ἰδόντες
752 1240 1034 1329 ἐπιγεγραμμένον
1055 1244 1107 1306 τό·

453 1369 658 1456 Πινδάρου
682 1377 750 1434 τοῦ
773 1377 1020 1455 μουσοποιοῦ
1044 1369 1114 1451 τήν
1137 1363 1278 1449 στέγην
1300 1367 1349 1450 μὴ
1373 1367 1510 1429 καίετε.

291 1529 322 1577 10
341 1520 439 1575 τοῦτο
463 1511 503 1576 δέ
523 1530 605 1598 φασι
629 1511 683 1578 καὶ
704 1511 917 1599 Ἀλέξανδρος
939 1511 1019 1597 μετὰ
1038 1519 1141 1576 ταῦτα
1159 1513 1324 1594 πεποίηκε.
1366 1505 1421 1572 καί
1439 1507 1543 1584 αὐτὸς
1562 1508 1622 1589 γὰρ

341 1615 507 1703 ἐμπρήσας
532 1620 643 1703 Θήβας
667 1617 807 1703 ἐφύλαξε
830 1621 892 1704 τῆν
915 1619 1038 1701 οίκίαν,
1066 1616 1086 1700 ἢ
1109 1613 1165 1680 καὶ
1188 1618 1235 1693 είς
1256 1627 1459 1701 πρυτανεῖον
1481 1614 1621 1700 ὕστερον

343 1723 553 1808 ἀπετελέσθη.

429 1831 563 1917 φέρεται
596 1829 632 1897 δὲ
665 1835 777 1916 λόγος,
809 1832 864 1898 καί
896 1833 1048 1919 θεωρούς
1079 1853 1157 1897 ποτε
1190 1830 1348 1906 ἀπιόντας
1379 1830 1426 1906 είς
1445 1827 1622 1914 ’Ἄμμωνος

341 1941 472 2023 αἰτῆσαι
501 1938 660 2028 Πινδάρῳ
690 1932 743 2005 οἷα
771 1944 859 2028 φίλῳ
886 1942 923 2005 τὸ
952 1939 988 2004 έν
1016 1939 1212 2022 ἀνθρώποις
1238 1939 1388 2023 ἀριστον·
1419 1935 1475 2002 καί
1502 1944 1622 2002 θανεῖν

290 2063 320 2112 15
340 2045 443 2111 αὐτὸν
472 2046 507 2111 ἐν
534 2045 647 2134 ἐκείνω
675 2055 721 2135 τῷ
750 2045 899 2136 ἐνιαυτῷ.
945 2056 1044 2112 τοῦτο
1073 2042 1109 2111 δέ
1136 2045 1268 2122 πάντως
1294 2043 1350 2109 καὶ
1377 2044 1530 2109 θανάτου
1554 2041 1621 2108 ἐστὶ

340 2151 505 2238 σέμνωμα,
529 2153 573 2230 ὡς
593 2154 792 2231 κολούοντος
811 2155 872 2238 τήν
892 2153 928 2219 ἐν
946 2166 1059 2231 κακοῖς
1076 2151 1283 2239 μακροτέραν
1301 2153 1426 2236 βιοτήν.
1468 2151 1486 2218 δ
1506 2153 1549 2236 δὴ
1568 2149 1620 2216 καλ

340 2257 392 2324 έπλ
415 2269 482 2324 τῶν
505 2259 689 2325 κτισάντων
712 2263 771 2326 τὸν
790 2266 910 2327 Πυθοῖ
930 2263 1013 2327 ναὸν
1037 2264 1216 2346 ἱστόρηται,
1240 2263 1275 2323 οἳ
1295 2260 1332 2323 τὸ
1354 2262 1453 2345 ἔργον
1472 2275 1620 2325 συντετε-

341 2370 467 2444 λεκότες
494 2367 666 2452 θαύματος
695 2367 787 2446 ἀξιον
814 2369 855 2434 ὃν
881 2367 937 2434 καὶ
965 2368 1097 2452 ἀγαθὸν
1123 2366 1207 2452 μέγα
1233 2364 1363 2442 ἑαυτοῖς
1386 2370 1513 2432 θεόθεν
1536 2369 1621 2448 αίτη

340 2475 491 2559 σάμενοι,
523 2467 592 2539 εἶτα
624 2473 731 2541 ἕωθεν
763 2475 870 2541 οὐκέτ’
901 2472 986 2559 ἦσαν
1018 2477 1063 2552 ὡς
1094 2475 1231 2561 θανάτῳ
1262 2472 1517 2556 ἀπεληλυθότες.
1567 2470 1620 2538 καλ

288 2602 321 2650 20
342 2581 484 2665 Κλέοβις
516 2579 552 2646 δέ
585 2579 640 2646 καὶ
667 2586 778 2648 Βίτων
811 2583 908 2668 ὅμοια
939 2593 997 2667 τῆς
1027 2579 1111 2667 ὑπὲρ
1144 2582 1276 2665 ἀγαθοῦ
1308 2581 1405 2665 εύχῆς
1437 2579 1619 2646 ἀπώναντο.

341 2689 439 2774 ἡνίκα
468 2687 588 2754 ἐκεῖνοι
616 2690 677 2773 τὴν
703 2689 826 2777 μητέρα
854 2688 906 2756 ἐπὶ
934 2689 1058 2775 ἀμάξης
1080 2688 1275 2764 ἑλκύσαντες
1298 2689 1354 2752 διά
1377 2687 1477 2773 μέσης
1499 2686 1620 2773 ἀγορᾶς

341 2795 374 2873 ές
402 2795 641 2881 νενομισμένην
669 2798 829 2881 δημοτελῆ
858 2801 984 2862 θυσίαν
1011 2795 1062 2885 (oi
1086 2798 1150 2882 γάρ
1179 2793 1262 2882 ίεροὶ
1288 2798 1364 2879 βόες
1391 2794 1431 2859 ού
1454 2792 1619 2881 παρῆσαν)

341 2906 459 2988 έτυχον
481 2899 541 2988 μέν
564 2904 662 2988 εὐχῆς
683 2907 852 2990 μητρόθεν
875 2905 920 2982 ὡς
943 2903 995 2969 ἐπὶ
1018 2908 1235 2991 κρείτττοσιν,
1261 2899 1357 2967 αὐτοὶ
1380 2898 1417 2966 δὲ
1440 2903 1618 2986 προύκαλέ-

342 3027 442 3076 σαντο
469 3011 633 3093 θάνατον,
662 3009 698 3088 ὃς
725 3012 842 3077 αὐτίκα
870 3011 1004 3078 έκείνων
1030 3010 1172 3095 ἐλάβετο.
1218 3009 1301 3074 ἀλλά
1324 3005 1512 3095 ταῦταμὲν
1534 3010 1617 3075 ούτω

288 3137 321 3184 25
341 3122 561 3205 παρερρίφθω
586 3117 659 3183 οὐδ’
681 3119 764 3184 αύτά
789 3121 836 3197 είς
858 3123 966 3185 κενόν.

430 3234 489 3291 τοῦ
509 3221 546 3290 δέ
563 3227 645 3291 κατὰ
666 3229 840 3312 Πίνδαρον
859 3225 977 3309 γένους
996 3227 1082 3292 οὕτω
1101 3229 1319 3309 πεζολογικῶς
1336 3223 1618 3309 προενηνεγμένου

341 3331 476 3419 φέρεται
504 3335 551 3410 είς
578 3335 658 3399 αὐτὸ
686 3332 740 3399 καὶ
767 3331 813 3398 δι’
840 3333 928 3402 ἐπῶν
955 3340 1105 3401 παλαιῶν
1127 3343 1246 3416 ταῦτα,
1274 3324 1324 3410 οἷς
1347 3329 1546 3418 έμφέρονται
1568 3333 1620 3396 καί

342 3464 416 3505 τινα
440 3437 588 3505 ἐπέκεινα
611 3451 678 3506 τῶν
700 3439 962 3528 προειρημένων·

342 3565 547 3651 Πίνδαρον
574 3564 778 3652 ὑψαγόρην
802 3567 1029 3651 Καδμηίδος
1056 3567 1169 3631 ούδεῖ
1192 3567 1321 3650 Θήβης
1347 3569 1451 3629 κ.τ.λ.
1488 3561 1535 3650 (p
1550 3560 1617 3647 CII)

288 3727 322 3776 30
431 3708 517 3773 οὕτω
551 3704 587 3772 δὲ
619 3706 673 3773 καὶ
706 3709 833 3774 τούτων
866 3707 1018 3796 ῄσμένων
1047 3711 1095 3786 είς
1121 3709 1159 3774 τὸ
1186 3716 1246 3772 τοῦ
1273 3716 1413 3791 ποιητοῦ
1441 3705 1538 3790 γένος
1563 3707 1618 3771 οὐκ

341 3815 556 3901 ἀγλαφύρως,
584 3817 619 3880 οί
644 3815 779 3882 παλαιοὶ
806 3815 866 3895 ἔξω
894 3828 962 3882 τῶν
990 3816 1027 3881 ἐν
1054 3827 1093 3902 τῆ
1118 3815 1307 3901 Πινδαρικῆ
1334 3818 1440 3901 βίβλφ
1463 3813 1618 3898 κειμένων

341 3935 517 4009 γνωμικῦν
541 3921 811 4007 ἀποφθεγμάτων
833 3931 1092 4008 προσιστοροῦσι
1110 3920 1166 3987 καὶ
1184 3922 1271 3986 τάδε.
1314 3923 1485 4004 Πίνδαρος
1504 3920 1619 4008 ἐρωτη-

341 4035 429 4114 θείς,
457 4035 492 4095 τί
516 4034 653 4115 πρίονος
679 4028 850 4115 ὀξύτερον,
879 4025 962 4096 εἶπε·
986 4030 1161 4112 διαβολή.
1208 4031 1361 4114 Δελφόσε
1384 4025 1421 4093 δὲ
1445 4025 1619 4113 ἐρωτηθεὶς

342 4144 376 4204 τί
391 4139 529 4225 πάρεστι
546 4139 675 4220 θύσων,
699 4145 846 4202 παιᾶνα
864 4132 947 4203 εἷπε·
966 4134 1147 4222 μονονουχὶ
1165 4135 1282 4219 λέγων,
1302 4135 1338 4200 ἐκ
1355 4147 1423 4200 τῶν
1441 4133 1618 4220 ἐλλογίμων

289 4263 322 4312 35
343 4245 477 4330 ἀνδρῶν
504 4247 630 4312 θυσίαν
658 4238 743 4309 εἷναι
771 4246 892 4326 λόγους
914 4254 960 4332 τῷ
983 4248 1156 4330 κρείττονι.
1201 4244 1285 4328 πρὸς
1307 4241 1326 4307 δ
1349 4247 1509 4309 συλλαλεῖ
1528 4240 1618 4308 καὶὸ

342 4353 486 4438 γράψας,
514 4352 559 4429 ὡς
586 4353 737 4416 ἄκαπνα
765 4352 939 4416 θύουσιν
966 4351 1106 4416 ἀοιδοί.
1151 4353 1235 4437 πρὸς
1261 4347 1298 4415 δὲ
1320 4351 1380 4415 τὸν
1404 4348 1618 4434 ἐρωτήσαντα,

343 4461 399 4526 διά
426 4465 462 4524 τί
486 4459 526 4525 ού
555 4469 599 4548 τρῖ
629 4455 666 4525 εὖ
693 4459 872 4545 πράττοντι
899 4462 961 4543 τήν
983 4458 1154 4544 θυγατέρα
1177 4459 1332 4541 δίδωσιν,
1360 4457 1404 4522 ού
1432 4459 1556 4540 μόνον
1582 4449 1618 4520 εὖ

343 4568 586 4651 πράττοντος
621 4569 684 4652 ἔφη
718 4568 892 4650 δεῖσθαι,
915 4566 1026 4632 ,ἀλλά
1057 4563 1121 4630 καί
1152 4560 1194 4632 εὖ
1225 4563 1454 4649 πράξαντος.
1509 4572 1556 4653 τῷ
1587 4560 1619 4626 δὲ

433 4803 476 4851 27.
496 4796 559 4852 fort.
580 4796 667 4851 αὐτὸν
687 4827 720 4838 -
740 4801 782 4850 36.
803 4795 920 4850 ἀκαπνα
939 4835 944 4850 .
962 4840 967 4850 .
984 4839 989 4849 .
1008 4791 1116 4849 ἀοιδοί·
1136 4795 1171 4848 cf.
1191 4793 1319 4848 Λύττιοι
1336 4811 1364 4863 p.
1378 4798 1426 4846 8⁰.-
