3417 5434
328 309 366 364 Vl
828 311 1106 364 Paonacouann.

327 472 525 539 v20.1.1v
549 473 605 559 10,
633 494 713 560 quos
741 495 820 538 num
846 473 911 558 ipsi
935 473 1176 538 emendaverint
1199 473 1306 558 possis
1330 475 1493 560 dubitare,
1521 497 1616 542 exce-

328 581 431 666 peris,
454 601 492 644 ex
516 579 589 644 aliis
618 581 886 665 melioribusque,
914 603 1011 665 quam
1035 602 1109 666 nos,
1135 579 1282 644 fontibus
1309 580 1490 668 haurirent,
1519 583 1616 647 libris

328 688 370 752 ab
399 686 440 751 iis
469 687 623 751 correctis
652 687 735 752 nihil
758 687 964 752 auctoritatis
988 687 1196 752 tribuendum
1220 693 1278 752 est.
1323 686 1480 754 Veterum
1504 695 1617 754 autem

330 795 487 858 librorum
506 794 568 858 fide
587 799 624 858 ut
643 799 730 859 recte
749 795 852 858 utaris
871 816 951 859 neve
972 800 1077 859 cartas
1095 817 1303 859 numerorum
1318 795 1617 882 grammaticaeque

328 899 418 987 legas
438 899 586 965 codicum
605 901 730 966 mendis
750 901 914 987 corrumpi
932 902 1083 989 patiaris,
1101 901 1260 988 originem
1280 907 1313 966 et
1329 908 1480 968 naturam
1500 925 1616 968 eorum
1700 978 1701 985 ἵ

330 1007 428 1093 paulo
453 1008 635 1073 accuratius
659 1009 813 1074 scruteris
838 1013 977 1094 oportet.

417 1114 527 1198 Atque
547 1115 689 1200 primum
708 1137 772 1180 uno
793 1115 831 1180 de
851 1116 956 1201 capite
977 1138 1089 1180 omnes
1108 1116 1234 1181 codices
1250 1122 1339 1181 ortos
1354 1139 1424 1182 esse
1438 1140 1478 1182 ex
1494 1118 1616 1204 glossis

328 1221 521 1305 lacunisque
541 1223 687 1286 omnium
707 1222 934 1288 communibus
954 1220 1009 1310 (cf.
1023 1220 1059 1287 Ο.
1074 1241 1100 1286 11
1115 1223 1166 1288 29.
1189 1241 1239 1287 vn
1253 1224 1305 1288 49.
1328 1241 1361 1308 x,
1376 1225 1426 1289 25.
1450 1223 1485 1289 P.
1501 1244 1525 1290 v
1543 1227 1615 1291 118.

329 1346 366 1392 xl
386 1325 500 1416 42³1.)
531 1329 611 1394 satis
640 1334 775 1415 apparet
830 1328 901 1405 Quo
930 1335 1039 1394 autem
1067 1335 1213 1414 tempore
1241 1329 1335 1415 illud,
1362 1331 1556 1416 priusquam
1581 1333 1617 1396 in

329 1435 437 1501 varios
465 1435 588 1500 rivulos
617 1436 834 1520 diduceretur,
862 1436 1027 1520 exemplar
1055 1436 1219 1500 exstitisse
1242 1436 1402 1521 videatur,
1429 1437 1495 1503 iam
1518 1439 1615 1503 nobis
1701 1470 1702 1501 ι

330 1543 548 1627 quaerendum
581 1549 638 1608 est.
685 1543 724 1608 In
757 1543 912 1608 membris
943 1543 1046 1630 igitur
1078 1542 1257 1608 carminum
1291 1543 1512 1629 dispescendis
1541 1569 1617 1610 aum
1683 1535 1702 1577 '¹

330 1672 441 1715 omnes
463 1649 539 1714 libri
557 1648 625 1714 fere
644 1649 764 1734 ubique
782 1651 830 1714 ita
850 1650 1068 1734 consentiant,
1091 1655 1129 1714 ut
1147 1649 1279 1735 grandis
1297 1649 1385 1714 illius
1404 1673 1617 1717 numerorum

330 1756 473 1844 generis,
501 1756 595 1843 quale
618 1755 773 1821 ‘lhebano
801 1761 917 1840 poetae
945 1762 1071 1821 veteres
1099 1761 1133 1821 et
1159 1755 1282 1841 peritos
1309 1755 1431 1822 iudices
1458 1758 1616 1823 tribuisse

331 1864 367 1929 in
403 1864 677 1929 commentatione
715 1863 911 1946 academica,
947 1862 1010 1928 Die
1047 1862 1220 1927 metriscbe
1252 1860 1523 1951 Ueberlieferung
1561 1866 1617 1930 der

331 1971 565 2036 Pindarischen
588 1968 679 2036 Odon
701 1969 800 2058 (Abh.
825 1971 854 2035 d.
877 1970 950 2056 bay.
975 1970 1037 2034 Ak.
1062 1975 1084 2035 t,
1103 1969 1150 2034 XI
1174 1992 1202 2036 a
1225 1967 1324 2057 1868)
1346 1971 1498 2057 probavi,
1525 1973 1618 2036 nulla
1702 1976 1703 1979 ’

333 2078 399 2143 fere
423 2077 563 2164 vestigia
587 2076 762 2161 supersint,
791 2077 1004 2161 archetypum
1030 2076 1111 2141 illud
1133 2081 1210 2162 post
1231 2076 1487 2162 Aristophanem
1512 2101 1617 2165 gram-

332 2184 502 2270 maticum,
526 2206 621 2268 quem
645 2183 786 2269 primum
810 2184 987 2269 lyricorum
1011 2183 1156 2248 carmina
1178 2185 1213 2247 in
1237 2185 1309 2249 cola
1326 2184 1475 2250 divisisse
1495 2185 1618 2271 Diony-

331 2293 398 2358 sius
423 2290 693 2357 Halicarnasseus
717 2291 755 2355 de
779 2291 867 2356 verb.
890 2312 1033 2375 compos.
1054 2313 1080 2354 a.
1099 2309 1175 2355 xxn
1193 2296 1226 2356 et
1245 2309 1331 2355 xxvi
1354 2293 1530 2359 memoriae
1553 2299 1618 2359 tra-

331 2399 427 2483 didit,
446 2403 615 2463 exaratum
635 2419 705 2462 esse
721 2402 973 2462 consentaneum
989 2403 1047 2462 eat.
1078 2397 1292 2463 Accuratiora
1305 2399 1400 2464 docet
1414 2402 1617 2486 comparatio

329 2507 508 2572 lectionum
536 2506 685 2570 codicum
712 2527 786 2570 oum
814 2503 947 2570 scholiis
975 2503 1139 2570 veteribus
1167 2505 1334 2590 instituta3
1362 2507 1443 2571 haec
1466 2508 1552 2572 enim
1579 2531 1617 2572 ex

332 2613 466 2699 Didymi
484 2612 695 2698 potissimum
717 2611 858 2697 copiosis
876 2610 1116 2676 commentariis
1132 2612 1308 2697 compilata
1322 2635 1392 2677 esse
1405 2612 1493 2678 inter
1508 2637 1619 2680 omnes

333 2721 413 2788 satis
443 2723 587 2805 constat,
613 2718 682 2783 iam
710 2740 788 2783 vero
810 2717 1002 2804 integriora,
1030 2740 1127 2802 quam
1150 2718 1282 2784 Pindari
1305 2720 1431 2785 codices
1454 2720 1619 2806 exhibent,
1704 2706 1705 2725 ¹

332 2826 534 2912 exemplaria
558 2825 757 2891 scholiorum
781 2825 1028 2910 compilatorem
1051 2831 1126 2890 ante
1150 2826 1261 2891 oculos
1283 2825 1437 2892 habuisse
1460 2849 1536 2893 cum
1557 2828 1620 2893 alia

332 2937 558 3001 demonstrant
578 2938 647 2998 tum
668 2932 837 2997 adnotatio
855 2931 892 2997 P.
906 2949 943 2996 xl
957 2935 1001 2997 42
1020 2932 1154 2998 adiecta.
1185 2933 1317 2998 Etenim
1336 2934 1423 3018 quod
1442 2933 1619 3000 scholiasta

334 3042 416 3108 dicit
439 3044 542 3106 λείπει
566 3042 603 3106 τὸ
627 3040 786 3124 ὀφείλεις,
808 3039 842 3104 id
865 3038 946 3104 satis
969 3039 1079 3126 arguit
1100 3040 1136 3104 in
1158 3040 1247 3105 illius
1268 3040 1362 3106 libris
1382 3041 1526 3128 glossam
1545 3044 1617 3128 χρή,

334 3170 417 3235 quae
448 3149 482 3212 in
516 3168 629 3212 omnes
663 3147 789 3212 codices
821 3150 953 3212 nostros
981 3146 1128 3233 irrepsit,
1159 3147 1303 3212 nondum
1335 3148 1479 3214 additam
1510 3150 1618 3215 fuisse.

331 3255 446 3341 Itaque
470 3255 681 3339 archetypum
702 3259 890 3318 nostrorum
909 3252 1067 3317 librorum
1085 3258 1163 3338 post
1181 3252 1264 3338 eius,
1288 3253 1344 3344 qui
1363 3255 1487 3320 scholia
1505 3261 1615 3321 vetera

331 3362 534 3448 compilavit,
556 3366 697 3427 aetatem
721 3361 879 3446 scriptum
902 3359 1003 3425 fuisse
1020 3382 1080 3444 pro
1100 3365 1188 3425 certo
1208 3365 1349 3446 statuas3
1370 3361 1400 3425 is
1419 3367 1530 3428 autem
1548 3384 1614 3427 non

332 3471 437 3536 solum
461 3468 639 3554 Didymnm
668 3467 724 3532 sed
753 3490 793 3532 ne
817 3465 1041 3532 Herodianum
1064 3467 1209 3552 quidem,
1236 3472 1349 3553 utpote
1373 3468 1425 3533 bis
1447 3468 1618 3534 laudatum

333 3575 386 3664 (of.
416 3576 517 3641 schol
542 3573 671 3641 0.118
700 3579 734 3639 et
757 3573 792 3638 Ρ.
812 3592 851 3639 111
871 3571 943 3661 65),
970 3596 1012 3638 an
1028 3575 1158 3658 acessit,
1186 3597 1383 3660 quamquam
1410 3576 1531 3641 certius
1559 3575 1615 3640 ali·

332 3683 409 3768 quid
432 3683 565 3748 definire
588 3681 737 3766 equidem
759 3703 825 3746 non
849 3681 962 3746 ausim.
1385 3700 1389 3706 ·

419 3789 481 3854 illo
503 3789 539 3854 in
561 3789 646 3854 libro
671 3789 847 3873 archetypo
870 3809 1080 3852 numerorum
1103 3810 1202 3853 causa
1225 3789 1304 3853 adeo
1322 3789 1406 3854 nihil
1425 3794 1495 3853 erat
1514 3812 1612 3854 nova·

331 3903 416 3982 tum,
439 3901 476 3960 ut
500 3902 533 3961 et
556 3896 654 3960 verba
673 3918 754 3981 quae
775 3899 954 3960 metrorum
973 3893 1102 3980 legibus
1120 3895 1246 3960 excludi
1265 3896 1385 3960 dudum
1407 3894 1610 3983 grammatici

330 4005 572 4088 intellexerant,
595 4007 632 4067 ut
654 4001 805 4088 φιλέοντι
829 3999 866 4066 dl
889 4005 1017 4066 Μοῖσαι
1038 4000 1073 4065 0.
1093 4003 1187 4080 1126,
1210 4002 1282 4067 loco
1301 4024 1368 4067 non
1387 4005 1556 4088 cesserint,
1579 4008 1612 4066 et

333 4114 481 4200 vulgares
508 4112 646 4194 formae,
675 4110 823 4197 quamvis
846 4115 951 4174 metro
976 4114 1208 4194 repugnantes,
1235 4109 1358 4175 formas
1380 4112 1611 4177 reconditiores

331 4242 484 4305 persaepe
504 4218 694 4302 expulerint.
722 4218 895 4283 Praeterea
909 4216 1062 4280 librarius
1078 4216 1246 4300 archetypi
1259 4215 1347 4282 haud
1361 4239 1434 4283 raro
1449 4219 1610 4284 variantes

330 4325 487 4391 lectiones
506 4326 557 4390 vel
576 4347 616 4389 ex
634 4323 767 4390 scholiis
787 4328 955 4408 excerptas
971 4322 1021 4386 vel
1036 4344 1075 4386 ex
1089 4321 1176 4409 aliis,
1195 4345 1276 4407 quos
1291 4346 1381 4388 more
1396 4330 1466 4390 tum
1480 4330 1609 4410 recepto

331 4455 405 4498 cum
433 4454 492 4497 suo
520 4432 696 4517 exemplari
725 4431 921 4516 contulerat,
949 4429 1114 4495 codicibus
1142 4436 1291 4495 enotatas
1319 4433 1354 4495 in
1381 4431 1527 4518 margine
1555 4435 1610 4496 aut

332 4561 429 4625 supra
456 4538 576 4604 lineam
604 4539 779 4625 adiecerat,
811 4539 894 4603 unde
925 4537 961 4601 in
990 4537 1113 4601 nostris
1141 4559 1269 4622 quoque
1297 4537 1462 4602 codicibus
1490 4537 1611 4624 passim

332 4647 412 4712 duae
444 4645 615 4732 lectiones,
647 4669 712 4712 una
743 4645 828 4711 infra
858 4645 962 4709 altera
989 4667 1088 4728 supra
1115 4643 1233 4708 lineam
1261 4643 1402 4728 scriptae
1430 4647 1610 4709 occurrunt.

333 4753 483 4842 Denique
512 4754 667 4819 continua
692 4754 853 4840 scriptura
876 4757 909 4816 et
932 4750 1120 4816 maiusculis
1142 4750 1262 4816 litteris
1285 4751 1498 4862 archetypum
1520 4751 1608 4816 illum
