3417 5434
849 1229 1016 1283 ΙΣΘΜῙΟΝ.
1035 1227 1073 1279 Γ’
1092 1226 1131 1281 Δ’.

656 1391 994 1478 Mearm.
1044 1388 1327 1475 ontulit

802 1588 936 1639 ΙΠΠΟΙΣ
955 1584 1184 1639 utrumme.

904 1868 1081 1941 strophae.

452 3468 519 3528 Duo
544 3468 676 3527 carmina
698 3466 722 3524 Ι.
742 3484 776 3524 ιιι
800 3471 1046 3542 et1v‚quorum
1072 3466 1156 3541 prius
1179 3466 1320 3525 victorias
1348 3466 1436 3545 duas,
1464 3467 1630 3527 Isthmicum

363 3558 519 3634 pancratio
548 3561 578 3614 et
605 3557 784 3615 Nemeaeam
813 3555 968 3632 quadrigis
995 3546 1260 3635 partam(v.11),
1289 3555 1419 3614 alterum
1443 3557 1542 3616 solam
1565 3556 1630 3616 Isth·
1671 3541 1672 3590 ἶ

365 3648 473 3707 micam
496 3646 630 3705 illustrat
652 3638 694 3725 (v.
714 3638 771 3725 38),
794 3643 900 3703 iisdem
921 3645 1024 3704 metris
1042 3644 1206 3720 composita
1226 3648 1304 3705 sunt.
1342 3644 1428 3714 Quod
1446 3664 1517 3705 curn
1537 3666 1556 3705 a
1575 3666 1630 3705 con·

366 3736 523 3796 suetudine
547 3734 669 3793 Pindari
692 3734 723 3793 in
746 3752 928 3810 unoquoque
952 3734 1082 3793 cannino
1101 3732 1168 3791 aliis
1190 3733 1322 3792 numeris
1343 3734 1450 3793 utendi
1473 3735 1632 3809 abhorreat,

364 3826 432 3885 inde
452 3824 652 3885 excusandum
671 3842 733 3883 esse
749 3823 964 3882 Constantinus
982 3822 1070 3881 Bulle
1091 3816 1254 3903 (Bremens.
1269 3842 1367 3901 progr.
1385 3826 1469 3884 1869
1491 3829 1524 3884 et
1537 3824 1630 3884 Jahrb.

364 3917 384 3974 f.
404 3916 440 3974 cl.
460 3914 535 3973 Phil.
556 3925 607 3973 103
627 3905 753 3993 (1870),
773 3923 823 3970 585
844 3905 896 3993 ss.)
915 3912 1025 3989 docuit,
1044 3911 1202 3987 quod'duo
1221 3913 1293 3971 haec
1312 3913 1445 3971 carmina
1462 3933 1526 3973 non
1546 3915 1629 3975 solun

365 4005 419 4064 uni
447 4004 602 4079 eidemque
629 4001 743 4062 homini
772 4001 896 4078 scripta,
924 4001 975 4059 sed
1003 4001 1094 4060 etiam
1116 4003 1152 4058 ut
1175 4000 1265 4060 simul
1288 4005 1466 4061 canerentur
1490 4003 1629 4063 destinae
1670 4011 1671 4086 ι

369 4094 504 4153 fuissent.
550 4092 670 4151 Etenim
698 4110 766 4151 cnm
789 4090 917 4166 epinicia
940 4109 999 4150 non
1023 4108 1139 4167 semper
1161 4091 1302 4150 continuo
1325 4095 1395 4167 post
1415 4092 1578 4152 victoriam
1597 4112 1630 4150 re·

368 4186 529 4259 portatam,
553 4180 604 4241 sed
628 4200 714 4257 saepe
739 4180 895 4257 aliquanto
918 4183 995 4256 post,
1019 4182 1187 4255 opportuna
1211 4180 1363 4240 occasione
1386 4180 1499 4260 oblata,
1522 4202 1631 4262 ageren-
1669 4209 1670 4212 ¹

366 4277 425 4349 tur,
449 4271 603 4331 Melissum
627 4269 802 4328 Thebanum
826 4269 958 4328 conicere
981 4268 1063 4346 licet,
1088 4287 1155 4327 cum
1182 4269 1312 4345 primum
1335 4269 1463 4329 Isthmia
1485 4271 1630 4347 pancratio

365 4381 455 4421 verno
484 4365 617 4437 tempore
645 4358 779 4436 vicisset,
807 4359 985 4435 Pindarum,
1012 4360 1048 4415 ut
1075 4358 1202 4435 epinicia
1230 4358 1359 4418 carmine
1382 4360 1460 4419 hanc
1483 4362 1630 4422 vici-oriam

366 4451 545 4527 illustraret,
575 4448 745 4525 adduxisse,
774 4448 823 4507 sed
852 4467 918 4506 cum
947 4450 1061 4506 aestate
1084 4448 1236 4524 sequentis
1259 4449 1343 4526 anni,
1366 4449 1548 4526 priusquam
1571 4448 1630 4508 illud

366 4540 528 4616 epinicinm
552 4541 717 4615 caneretur,
741 4556 849 4597 norem
872 4536 1030 4597 victoriam
1053 4538 1188 4596 curulem
1210 4538 1331 4598 Nemeis
1353 4544 1535 4599 consecutus
1560 4547 1630 4610 essct
1668 4557 1669 4582 ι

366 4629 493 4689 eundem
517 4646 652 4705 rogasse,
675 4630 711 4685 ut
734 4627 810 4685 hanc
834 4645 954 4703 quoque
978 4645 1117 4686 coronam
1140 4647 1201 4685 una
1224 4646 1291 4687 cum
1315 4627 1369 4685 illa
1389 4628 1588 4707 praedicaret,
1608 4628 1629 4685 id

366 4718 447 4795 quod
474 4721 564 4793 poeta
592 4717 636 4774 ita
663 4716 746 4793 fecit,
775 4720 810 4774 ut
833 4736 902 4775 cum
925 4716 985 4775 iam
1009 4717 1137 4775 alterum
1160 4717 1320 4792 epinicinm
1344 4718 1533 4797 perfecisset,
1558 4720 1629 4779 breve

366 4807 503 4867 odarium
535 4806 625 4865 trium
657 4806 861 4883 stropharum,
892 4825 951 4881 quo
982 4805 1110 4882 duplicis
1137 4806 1280 4866 victoriae
1309 4806 1491 4867 mentionem
1525 4810 1629 4881 faceret,
