3417 5434
458 299 493 350 ll.
521 298 571 349 DE
589 299 683 349 ARTE
702 298 862 349 Marmor
880 298 1037 351 PINDARI.
1339 296 1389 350 LV

91 459 153 524 Sed
187 459 217 523 si
253 464 421 544 quantum
452 481 572 544 pausae
604 461 691 524 inter
722 459 870 546 singulos
902 481 1015 525 versus
1044 460 1223 525 intercedat
1253 461 1386 528 definire

88 565 183 650 velis,
206 588 284 631 rem
311 567 486 632 admodum
509 567 675 632 difficilem
699 571 732 632 et
749 567 909 632 lubricam
928 589 1000 633 esse
1018 567 1197 654 intelleges.
1235 567 1282 633 Ut
1298 569 1386 634 enim

90 677 168 738 lines
192 697 326 758 pausae
345 678 494 740 accurate
514 674 640 740 definiri
658 679 811 760 possunt,
833 675 862 738 si
880 697 1009 740 versum
1029 675 1255 741 catalecticum
1271 697 1384 741 versus

90 783 128 846 ab
152 781 220 846 arsi
245 781 415 867 incipiens
439 782 669 867 subsequatur,
692 781 782 847 velut

395 905 755 958 Lw.w;w-h

395 993 1090 1082 ra-ammr².o.-(0.v12-3)‚

89 1123 134 1186 ita
155 1121 184 1186 si
209 1144 350 1187 uersum
374 1121 587 1188 acatelectum
610 1143 721 1187 versus
745 1122 786 1186 ab
810 1120 876 1185 arsi
898 1120 1056 1206 incipiens
1080 1122 1131 1186 vel
1150 1141 1279 1187 versum
1298 1126 1383 1186 cata·

90 1228 242 1295 lecticum
267 1252 387 1294 versus
410 1230 451 1294 ab
476 1229 624 1294 anacrusi
647 1228 805 1313 incipiens
829 1232 998 1313 sequatur,
1020 1227 1111 1293 velut

347 1354 1155 1404 ι’-υ,-ὲω-ωιζ1ωἰω.υυι.’.ιῑ.]

347 1442 686 1512 docemini
712 1482 731 1510 υ
767 1501 783 1509 -
812 1438 1068 1527 (Ovl113-4)

345 1551 988 1619 Lo--‡w-wmmsso-

307 1657 381 1727 -ss
408 1701 427 1725 υ
453 1717 471 1726 -
498 1718 515 1725 -
552 1684 632 1725 Ξυυ
658 1717 676 1726 -
702 1653 1137 1743 ωιζιῌ(0.ἮΠῙ-2),

93 1783 204 1848 dubius
237 1783 410 1863 haerebis,
442 1785 552 1847 utrum
584 1781 666 1847 nihil
697 1804 817 1868 pausae
849 1803 892 1845 an
918 1781 1126 1846 interuallum
1153 1782 1256 1846 totius
1285 1785 1377 1868 pedis

94 1911 132 1954 an
152 1889 296 1976 denique
320 1889 529 1956 intervallum
552 1889 654 1954 totius
678 1889 826 1973 dipodiae
845 1888 1127 1954 intermittendum
1145 1910 1217 1954 esse
1236 1911 1377 1956 censeas.

94 1995 200 2080 Neque
228 2019 271 2062 ex
302 1996 484 2062 sententiae
510 1995 767 2062 conformatione
790 1995 1103 2080 interpunctionisve
1125 1995 1214 2061 notis
1237 1997 1378 2063 multum

95 2103 198 2168 auxilii
223 2105 266 2169 ad
291 2104 515 2170 dubitationes
537 2104 619 2169 istas
640 2103 860 2190 profligandas
879 2108 988 2188 petere
1007 2103 1145 2187 poteris,
1169 2105 1323 2188 quoniam
1341 2105 1377 2169 in

93 2210 192 2296 longis
221 2212 312 2297 odis,
341 2211 445 2297 qualia
473 2215 524 2276 cst
546 2209 684 2296 Pythioa
712 2214 827 2294 quarta
854 2210 992 2296 triginta
1018 2231 1136 2275 novem
1160 2210 1378 2298 stropharum,

96 2319 182 2382 modo
205 2341 366 2406 magnam
388 2318 695 2404 interpunctionem,
719 2317 815 2382 modo
838 2317 963 2382 nullam
986 2315 1021 2380 in
1043 2317 1106 2380 fine
1125 2316 1244 2401 prioris
1263 2341 1376 2385 versus
1407 2346 1409 2351 ·

95 2423 227 2506 positam
248 2424 410 2490 invenies.
446 2423 539 2490 Unde
558 2424 707 2510 equidem
725 2447 791 2489 non
809 2423 967 2509 mirabor,
990 2424 1018 2488 si
1037 2424 1110 2509 quis
1128 2428 1260 2509 postam
1278 2427 1375 2492 certis

96 2552 262 2614 pausarum
295 2531 478 2598 intervallis
511 2532 656 2618 singulos
688 2554 801 2597 versus
834 2531 1074 2596 discriminasse
1110 2531 1243 2597 omnino
1277 2541 1376 2620 neget
1456 2581 1461 2588 ·

96 2643 302 2724 nostrumque
327 2643 478 2705 conatum
500 2661 674 2724 pausarum
694 2639 789 2725 signa
805 2638 1011 2704 intericiendi
1030 2639 1125 2723 plane
1143 2638 1257 2704 reiciat
1276 2645 1374 2727 atque

97 2744 225 2810 damnet.
267 2744 394 2812 Verum
412 2768 453 2810 ne
472 2745 533 2811 hac
552 2746 683 2831 quidem
701 2745 736 2810 in
755 2745 945 2830 quaestione
965 2745 1075 2810 omnia
1093 2746 1238 2811 carmina
1252 2747 1371 2813 eisdem

98 2853 225 2918 modulis
258 2853 425 2919 metienda
457 2858 541 2918 sunt.
587 2853 729 2918 Multum
757 2853 843 2918 enirn
871 2852 1023 2937 interest,
1055 2852 1225 2918 steteritne
1255 2855 1372 2921 chorus

97 2957 171 3024 inter
193 2961 381 3027 canendum
404 2983 446 3026 an
464 2960 659 3045 processerit
679 2964 735 3025 aut
754 2959 933 3024 saltaverit.
964 2959 1005 3024 In
1022 2958 1130 3044 priore
1149 2961 1235 3026 enim
1255 2983 1372 3048 genere

99 3067 266 3132 carminum
294 3067 366 3133 ficri
392 3067 539 3152 potuisse
566 3066 703 3153 largior,
730 3071 767 3131 ut
797 3071 895 3151 poeta
921 3089 1040 3152 pausas
1068 3067 1138 3151 ipse
1160 3088 1227 3131 non
1250 3071 1372 3136 curarit

99 3175 183 3256 atque
210 3197 324 3240 curam
352 3195 526 3258 pausarum
552 3173 725 3239 intervalla
750 3173 867 3258 pollice
891 3174 943 3239 vel
964 3173 1055 3259 pedis
1079 3174 1197 3258 plausu
1220 3175 1371 3262 signandi

101 3279 354 3347 chorodidascalo
390 3281 574 3365 permiserit
583 3279 609 3369 1)
615 3333 625 3366 ,
662 3303 726 3365 qua
758 3279 858 3345 simili
890 3281 1041 3345 libertate
1074 3280 1173 3346 etiam
1204 3286 1369 3349 nostrates

100 3387 204 3454 melodi
231 3393 385 3474 utuntur,
413 3409 486 3453 curn
515 3411 652 3474 pausam
679 3389 1040 3454 incommensurabilem
1064 3385 1244 3478 (Fermata)
1273 3393 1371 3458 versi-

100 3493 150 3557 bus
172 3495 367 3560 intericiunt.
405 3495 450 3560 At
468 3495 503 3560 in
522 3495 735 3582 carminibus,
758 3517 839 3581 quae
859 3500 896 3560 ut
914 3495 1032 3561 chorus
1050 3496 1137 3560 inter
1157 3497 1369 3583 gradiendum

101 3607 215 3666 caneret
237 3602 395 3667 distinata
417 3607 524 3689 erant,
550 3606 648 3688 poeta
669 3601 739 3688 ipse
763 3606 943 3667 metrorum
967 3601 1223 3668 conforrnatione
1246 3605 1369 3690 prospi-

101 3727 160 3771 cere
177 3708 329 3794 debebat,
346 3713 384 3774 ut
402 3713 491 3774 certa
504 3709 675 3775 intervalla
689 3707 886 3797 (ἐμμέτρους
899 3707 1106 3797 ἀναπαύλας)
1120 3709 1207 3774 inter
1221 3711 1368 3797 singulos

102 3833 198 3880 versus
214 3815 461 3882 intermittenda
479 3817 685 3903 significaret.
718 3815 781 3882 Sed
801 3839 873 3882 cum
893 3817 945 3881 rel
963 3816 1015 3881 his
1029 3817 1065 3881 in
1078 3816 1276 3882 carminibus
1290 3840 1367 3903 pau·

102 3939 195 3985 sarum
217 3922 475 4009 magnitudinem
499 3924 631 3989 definire
655 3925 827 3990 admodum
852 3924 984 3989 difficile
1003 3945 1073 3988 esse
1092 3923 1254 4009 videatur,
1275 3947 1367 4009 prae-

103 4027 198 4092 sertim
222 4051 293 4094 curn
315 4035 431 4116 poetae
453 4030 583 4096 licuerit
609 4053 669 4115 pro
692 4031 818 4118 exiguis
841 4030 915 4097 istis
938 4029 1048 4115 pausis
1071 4029 1170 4117 longa
1191 4029 1367 4097 interludia

104 4133 218 4200 musicis
241 4139 370 4224 organis
394 4137 551 4224 explenda
573 4137 802 4222 intermittere,
829 4139 866 4203 in
893 4137 1067 4203 schematis
1091 4137 1230 4223 singulis
1253 4139 1366 4204 carmi·

104 4237 184 4304 nibus
202 4244 385 4326 praemissis
403 4249 498 4310 notas
517 4249 701 4330 temporum
715 4245 861 4310 inanium
874 4244 980 4310 nullas
995 4244 1210 4310 adhibuimus.
1235 4243 1298 4311 Sed
1312 4245 1364 4311 his

104 4343 373 4436 inProlegomenis
391 4351 457 4415 iam
475 4352 656 4437 periculum
673 4351 779 4418 facere
798 4353 921 4438 placuit
939 4351 1169 4417 nonnullorum
1184 4353 1364 4420 carminum

105 4451 320 4539 diagrammata
338 4457 534 4543 syllabarum
554 4464 587 4523 et
606 4481 782 4544 pausarum
800 4458 980 4524 intervallis
996 4458 1130 4524 definita
1142 4459 1363 4549 proponere.²)

180 4615 203 4680 1)
220 4612 296 4668 Conf.
315 4613 429 4670 Aristot.
449 4615 539 4686 probl.
555 4621 601 4685 19,
617 4621 659 4671 22.

180 4685 204 4753 2)
220 4683 373 4768 Pansarum
389 4687 459 4768 lines
477 4687 508 4769 in
520 4687 575 4742 fine
591 4687 769 4770 stropharum
783 4689 812 4741 et
826 4687 979 4758 epodorum
994 4689 1071 4743 certo
1085 4687 1195 4742 definiri
1209 4705 1266 4744 non
1278 4703 1362 4759 posse

108 4751 130 4802 ct
145 4767 159 4805 a
174 4771 213 4809 me
230 4773 280 4828 pro
298 4757 414 4813 arbitrio
432 4759 540 4829 positos
559 4775 620 4830 esre
638 4759 727 4814 libere
744 4757 843 4814 fateor.
