3417 5434
392 329 414 382 1.
442 329 491 379 Da
510 328 704 380 GODIGIBUS
724 328 974 391 SUBSIDIISQUE
993 329 1155 382 CRITIOIS.
1397 325 1436 380 XI

146 491 342 578 refingenda
369 513 440 557 ease
467 495 628 577 putarent.
674 489 768 555 Licet
796 489 883 555 enim
910 489 991 555 mihi
1019 511 1147 574 quoque
1174 512 1363 575 persuasum
1392 491 1436 556 sit

147 597 282 664 Atticos
311 599 464 664 librarios
487 598 592 664 multa
615 598 655 662 ad
679 619 772 663 suam
796 597 1063 663 consuetudinem
1085 596 1238 681 loquendi
1261 598 1436 663 detorsisse

147 709 182 769 et
199 703 382 769 Pindarum
404 703 514 790 ipsum
531 703 669 770 Doricae
692 703 827 788 formas,
851 703 941 768 velut
963 726 1029 769 acc.
1054 704 1097 788 pl.
1121 703 1155 769 in
1172 709 1251 770 -ΟΣ
1270 708 1304 769 et
1326 704 1382 769 inf.
1400 705 1436 768 in

147 816 241 894 -EN,
266 811 456 898 vulgaribus
481 815 513 876 et
537 811 657 876 Atticis
682 810 919 896 anteposuisse,
942 815 1053 876 tamen
1075 813 1253 877 cavendum
1276 811 1435 894 duximus,

146 941 190 983 ne
208 920 245 982 iu
264 923 357 983 textu
376 923 492 1003 poetae
512 918 740 984 constituendo
759 918 1007 983 fundamentum
1025 919 1162 1002 pedibus
1182 918 1434 984 subtraheretur.

240 1026 295 1092 De
317 1026 519 1111 scripture
538 1030 677 1090 vetere.
716 1023 903 1110 Scripturas
922 1025 1047 1111 generi,
1069 1047 1133 1110 quo
1153 1031 1251 1110 poeta
1268 1026 1338 1112 ipse
1357 1049 1436 1091 usus

150 1157 224 1200 esse
239 1134 417 1218 videretur,
436 1134 471 1198 in
484 1133 709 1218 recognitione
723 1136 832 1197 textus
847 1131 1011 1198 Pindarici
1025 1155 1123 1218 quarn
1137 1133 1277 1199 maxime
1292 1133 1434 1198 animum

149 1241 385 1306 attendendum
408 1263 479 1306 esse
496 1241 529 1306 in
550 1239 837 1324 commentatione,
859 1239 922 1304 Die
941 1241 1058 1305 alteste
1076 1239 1436 1327 Textesdbcrlieferung

149 1350 207 1414 des
230 1348 366 1430 Pindar,
389 1347 505 1413 Philol.
525 1365 598 1412 xxv
617 1349 786 1434 eor-36,
814 1347 949 1433 exposui
971 1370 1076 1432 neque
1099 1371 1138 1414 ex
1161 1349 1216 1434 iis,
1247 1369 1329 1433 quae
1357 1353 1435 1414 tunc

149 1456 331 1541 disputavi,
358 1453 535 1540 quidquam
562 1445 654 1520 nunc¹
672 1459 763 1520 muto
787 1454 923 1540 Berglrii
945 1455 1148 1540 aliorumque
1172 1455 1435 1521 cavillationibus

149 1569 270 1628 motus.
308 1561 457 1646 Namque
481 1562 566 1646 quod
589 1583 743 1647 persaepe
765 1563 801 1626 in
824 1561 990 1648 codicibus
1012 1561 1143 1629 Pindari
1165 1563 1285 1628 litteris
1309 1587 1328 1627 o
1352 1588 1377 1627 ω
1401 1569 1435 1628 et

150 1695 167 1735 ε
190 1696 211 1753 η
236 1694 264 1735 ει
287 1669 374 1734 inter
397 1691 432 1734 sc
454 1669 648 1753 permutatis
670 1671 737 1735 iam
761 1674 836 1735 aute
855 1668 1107 1735 scholiastarum
1124 1674 1272 1736 veterum
1290 1674 1432 1735 aetatem

148 1782 322 1862 peecatum
346 1781 410 1860 cst,
432 1775 494 1842 hoc
517 1777 592 1841 inde
615 1776 840 1861 explicandum
864 1798 934 1841 esse
957 1781 1062 1860 patet,
1086 1777 1172 1860 quod
1195 1782 1290 1862 poeta
1310 1777 1434 1862 ipsein

149 1884 351 1950 carminibus
384 1881 451 1948 suis
484 1882 661 1948 scribendis
691 1887 798 1948 vetere
827 1883 989 1969 scriptura
1016 1906 1095 1949 usus
1123 1890 1186 1968 est,
1219 1884 1311 1950 cuius
1339 1883 1436 1970 signa

149 2015 225 2056 eum
248 1989 355 2055 Attici
377 1989 518 2074 librarii,
544 1989 661 2054 inscite
685 1990 862 2073 solverent,
889 1990 960 2055 fieri
983 2013 1050 2056 non
1071 1991 1181 2075 potuit
1205 1991 1284 2075 quin
1309 1995 1343 2055 et
1365 2013 1435 2055 sen-

149 2098 275 2162 tentiae
302 2101 336 2161 et
362 2097 462 2161 verba
487 2101 604 2181 poetae
632 2119 877 2180 nonnumquam
907 2102 1197 2182 corrumperentur.
1243 2097 1306 2162 His
1333 2097 1436 2184 igitur

148 2207 185 2269 in
207 2205 307 2269 rebus
330 2202 387 2288 qui
410 2203 510 2268 ullam
530 2203 696 2269 codicibus
716 2203 946 2269 auctoritatem
965 2203 1098 2288 tribuit,
1119 2204 1149 2268 is
1168 2204 1318 2270 fortunae
1337 2210 1435 2270 teme-

149 2313 242 2378 ritati
267 2311 509 2396 scribarumque
531 2311 681 2376 inscitiae
704 2310 777 2396 plus
802 2331 898 2394 quam
922 2311 1061 2376 rationis
1082 2311 1199 2376 lumini
1220 2333 1256 2376 se
1274 2311 1436 2376 confidere

149 2420 282 2484 fatetur.
319 2418 370 2482 Ex
389 2419 501 2484 eodem
520 2440 595 2484 vero
615 2439 677 2482 usu
694 2418 813 2483 veteris
833 2417 1013 2501 scripturae
1032 2419 1243 2502 repetendum
1262 2423 1326 2504 est,
1348 2418 1436 2502 quod

149 2527 184 2591 in
207 2525 341 2590 Pindari
365 2525 457 2590 libris
481 2529 613 2590 exarata
635 2524 845 2588 inveniuntur
870 2523 919 2588 aar
941 2546 1001 2609 pro
1026 2522 1096 2589 ἐσσὶ
1118 2525 1254 2607 1.1112‚
1279 2523 1357 2609 ἁμὲς
1374 2547 1434 2610 pro

151 2635 256 2718 ὔμμες
282 2630 318 2696 Ρ.
337 2651 375 2696 lv
395 2634 472 2716 144,
505 2631 631 2715 θάλησε
663 2653 723 2716 pro
755 2631 904 2714 θάλλησε
935 2629 975 2695 Ν.
994 2649 1032 2694 IV
1050 2632 1100 2697 88.
1133 2633 1233 2714 1142,
1267 2629 1343 2715 ἐμὲν
1373 2653 1433 2717 pro

151 2737 253 2825 ἐμμὲν
275 2739 327 2803 vel
347 2736 437 2822 εἰμὲν
455 2738 490 2804 P.
511 2757 550 2803 111
569 2739 620 2805 60.
645 2737 687 2804 N.
705 2756 729 2801 v
748 2739 799 2802 49.
823 2737 919 2821 rol,
946 2738 1045 2820 ἧνεπε
1069 2759 1129 2823 pro
1149 2741 1263 2804 ἔννεπε
1281 2738 1316 2804 Ρ.
1331 2740 1434 2804 1191,

151 2847 194 2913 N.
213 2865 238 2910 x
258 2847 315 2932 79,
344 2847 449 2911 multa
471 2847 549 2931 alia,
576 2869 657 2930 quae
681 2845 801 2910 referre
824 2845 942 2910 taedet.
988 2843 1121 2910 Etenim
1143 2844 1303 2911 Pindarus
1326 2851 1435 2911 vetere

153 2953 317 3020 scribendi
349 2953 475 3019 ratione
506 2975 584 3018 usus
615 2957 648 3018 et
680 2957 708 3018 0
739 2974 799 3036 pro
834 2957 863 3017 0
894 2955 927 3016 ct
950 2954 1000 3035 a,
1032 2957 1064 3016 E
1092 2973 1152 3037 pro
1179 2957 1212 3018 E
1232 2957 1272 3018 H
1295 2957 1328 3018 et
1356 2975 1436 3018 non-

149 3083 329 3145 numquam
353 3061 451 3125 etiam
475 3082 533 3145 pro
553 3065 607 3126 EI
626 3060 779 3125 exarabat
802 3063 836 3124 et
858 3058 988 3123 litteras
1011 3063 1227 3126 consonantes
1246 3059 1433 3144 duplicandi

151 3191 229 3233 cura
253 3167 447 3252 supersedit,
475 3168 559 3232 unde
584 3171 721 3232 ΑΜΕΣ
740 3170 774 3231 et
797 3166 955 3231 Doricum
978 3158 1057 3250 ἁμές
1084 3171 1118 3230 et
1139 3165 1308 3233 Aeolicum
1332 3169 1435 3252 ἄμμες

151 3275 363 3360 exprimebat.
410 3272 473 3339 Sed
505 3274 658 3360 pleraque
691 3275 808 3338 menda
839 3295 880 3338 ex
910 3274 973 3338 hoc
1006 3295 1122 3360 genere
1150 3273 1331 3359 scripturae
1356 3280 1436 3340 nata

152 3388 220 3446 tam
253 3382 349 3447 facile
382 3381 433 3446 vel
465 3383 561 3446 metri
592 3381 721 3447 indiciis
754 3380 826 3446 tolli
859 3385 1014 3465 possunt,
1050 3384 1088 3444 ut
1120 3379 1180 3445 has
1212 3381 1367 3446 minutias
1400 3382 1433 3446 in

152 3494 311 3575 apparatu
340 3489 453 3554 critico
482 3493 631 3554 enotatas
661 3511 773 3554 omnes
801 3493 834 3552 te
863 3492 1113 3572 aspernaturum
1140 3487 1242 3554 fuisse
1265 3488 1433 3554 confidam.

152 3597 191 3661 ln
213 3596 328 3681 paucis
352 3596 512 3680 estquod
536 3597 698 3684 ambigas,
728 3600 838 3660 utrum
862 3594 1004 3660 Pindaro
1027 3594 1188 3681 placuisse
1210 3599 1306 3680 putes
1329 3593 1436 3673 ξεῖνος

153 3725 194 3767 an
217 3699 349 3786 ξέννος,
372 3705 552 3788 Παρνᾶσός
575 3726 617 3768 an
641 3706 855 3790 Παρνασσός,
879 3705 1033 3787 Kapauta
1055 3723 1098 3765 an
1121 3704 1309 3786 Καφισσός,
1337 3705 1435 3766 κνίσα

153 3832 194 3874 an
225 3812 361 3894 κνίσσα,
392 3812 526 3894 νίσομαι
560 3833 601 3874 an
633 3813 797 3895 νίσσομαι.
850 3809 944 3874 Alios
976 3814 1086 3874 autem
1118 3809 1276 3891 quosdam
1309 3831 1433 3873 errores

153 3915 386 3982 reconditiores
423 3939 461 3980 ex
499 3917 661 4002 scriptura
697 3921 804 3982 vetere
838 3915 1012 3981 Pindarica
1042 3936 1109 3979 non
1139 3915 1307 3980 intellecta
1337 3919 1434 3980 natos

153 4024 314 4110 sagaciter
336 4046 440 4109 nuper
462 4024 630 4110 indagavit
653 4023 807 4108 Iurenka,
830 4021 921 4087 Stud.
945 4021 1041 4087 Vind.
1060 4039 1097 4085 lx
1118 4022 1168 4086 10.

240 4127 293 4194 Ad
320 4135 523 4215 postremum
551 4135 588 4196 ut
616 4152 698 4214 quae
727 4129 765 4193 de
794 4127 933 4193 dialecto
959 4129 1088 4193 Pindari
1111 4130 1245 4212 eiusque
1269 4128 1433 4213 scriptura

152 4241 320 4322 comperta
350 4237 523 4322 habemus,
560 4236 771 4321 complectar,
801 4236 838 4300 in
869 4241 978 4300 vetere
1011 4235 1187 4321 exemplari
1214 4234 1371 4300 Boeotico
1402 4243 1434 4301 et

151 4345 255 4430 ipsius
283 4349 399 4429 poetae
428 4367 526 4410 manu
550 4349 682 4410 exarato
704 4342 821 4407 infinit.
844 4364 948 4426 praes.
972 4347 1033 4407 act.
1056 4363 1161 4425 neque
1183 4343 1219 4406 in
1241 4366 1308 4407 -ειν
1329 4365 1434 4426 neque

151 4453 185 4516 in
210 4474 273 4531 -εν,
301 4451 414 4515 sedin
437 4455 512 4534 EN,
541 4475 604 4539 gen
632 4452 713 4536 sing.
739 4471 799 4514 rec.
823 4448 902 4514 decl.
926 4470 1030 4533 neque
1053 4449 1088 4512 in
1111 4472 1168 4514 -ov
1196 4471 1300 4533 neque
1323 4450 1358 4514 in
1382 4475 1434 4533 -o,

154 4557 267 4624 sedin
289 4562 346 4640 -O,
374 4579 438 4623 acc.
460 4558 542 4643 plur.
567 4581 627 4624 sec.
652 4557 730 4622 decl.
753 4577 858 4639 neque
880 4555 916 4619 in
939 4578 1014 4630 -ους
1035 4576 1141 4639 neque
1163 4555 1198 4618 in
1221 4579 1295 4639 -ως,
1321 4557 1435 4620 sedin

155 4669 220 4729 ΟΣ
238 4663 369 4748 exiisse,
392 4686 495 4749 neque
519 4663 632 4744 ξέννος
655 4668 689 4728 et
710 4661 809 4747 ἐμμέν
829 4666 886 4726 aut
904 4660 1009 4740 ξεῖνος
1028 4665 1061 4725 et
1080 4660 1179 4745 εἰμέν,
1203 4661 1259 4726 sed
1278 4661 1438 4734 ΞΕΝΟΣ

155 4775 187 4836 et
210 4774 349 4838 EMEN
368 4769 669 4861 exstitissefisentio.
