3417 5434
606 374 739 425 111111
757 372 831 425 vni.
1294 373 1358 438 1113

75 544 155 597 totus
175 543 268 600 tenor
287 541 427 601 carminis
447 541 603 600 tristitiam
622 542 700 600 senis
718 542 834 601 redolet
851 545 883 602 et
901 543 1061 619 descriptio
1079 545 1250 604 certaminis
1268 546 1359 604 versi-

72 631 126 688 bus
144 641 259 689 81—87
279 632 360 690 facta
383 630 537 689 simillima
560 633 606 689 est
623 649 765 690 versuum
784 642 890 691 67÷69
910 633 1049 691 carminis
1068 630 1176 692 O.vu1
1195 653 1273 693 anno
1293 637 1358 694 460

73 720 153 776 facti
194 719 258 780 Sed
283 720 441 796 quaeritur
458 740 531 778 num
550 721 670 779 omnino
696 720 863 797 quidquam
885 722 1065 782 mutandum
1088 722 1128 780 sit
1151 727 1181 783 et
1204 724 1359 784 exordium

72 808 218 867 carminis
242 810 280 868 ad
303 809 462 868 intestinos
490 809 640 867 tumultus
669 809 912 870 turbulentorum
943 811 1054 870 civium
1084 830 1176 887 quam
1206 812 1244 870 ad
1275 832 1358 872 arma

73 898 310 957 Atheniensium
339 899 448 959 referre
478 901 623 974 praestet,
653 919 680 957 1.
707 898 797 958 schol.
825 901 864 958 ad
886 921 913 958 1.
938 911 953 958 3
985 899 1252 983 ldlp'Ac'ycvrjrccg
1281 893 1358 980 ἦσαν

74 985 190 1058 στάσεις
221 986 288 1066 περὶ
314 985 367 1047 τὸν
394 996 447 1066 τῆς
473 987 560 1064 νίκης
587 996 640 1047 τοῦ
665 981 889 1067 Ἀριστομένους
912 987 1024 1068 καιρόν.
1071 989 1145 1048 Iniit
1167 991 1244 1050 hanc
1266 991 1358 1050 iuter-

73 1077 218 1150 pretandi
240 1078 322 1137 riam
344 1077 381 1135 K.
395 1077 443 1135 W.
462 1077 598 1155 Krneger
616 1077 701 1136 Stud
720 1077 788 1135 hist.
808 1079 881 1154 phil.
899 1098 928 1154 p.
944 1090 995 1138 171
1010 1097 1057 1156 ss,
1075 1098 1172 1156 neque
1190 1081 1286 1158 video,
1305 1101 1358 1140 cur

73 1185 132 1224 non
157 1169 296 1226 statuere
319 1167 411 1226 liceat
424 1166 587 1244 Aeginetae
610 1167 702 1226 etiam
725 1169 795 1242 post
816 1187 951 1246 pugnam
974 1169 1054 1244 apud
1078 1167 1305 1246 Oecryphaliam
1327 1173 1359 1229 et

73 1256 334 1332 expugnationem
356 1247 732 1337 1111101111(458-56),
759 1255 937 1332 priusquam
965 1276 1043 1317 anno
1067 1260 1128 1317 431
1155 1259 1187 1317 11
1214 1259 1357 1319 ditionem

75 1344 110 1400 ab
134 1345 376 1404 Atheniensibus
397 1345 605 1423 redigerentur
632 1337 864 1427 (Τ111111111),
893 1346 988 1422 specie
1016 1347 1164 1407 libertatis
1187 1348 1234 1407 uti
1258 1351 1289 1408 et
1311 1367 1358 1407 res

75 1433 217 1508 publicas
229 1434 312 1511 ipsos
326 1434 534 1494 administrare
549 1434 720 1512 perrexisse,
734 1437 770 1492 ut
783 1438 890 1510 poetae
909 1436 1024 1494 maiora
1039 1438 1172 1512 pericula
1187 1457 1205 1495 a
1219 1437 1358 1497 factioni-

76 1522 130 1580 bus
155 1523 273 1582 civium
297 1524 415 1583 timenti
438 1524 470 1581 in
492 1523 550 1582 fine
573 1523 713 1582 carminis
732 1524 820 1583 anxio
840 1523 940 1584 animo
960 1525 1055 1585 dicere
1074 1526 1195 1586 licuerit
1212 1523 1358 1610 ἐλευθέρῳ

78 1610 170 1696 στόλῳ
194 1611 284 1672 πόλιν
308 1611 393 1672 τάνδε
416 1610 527 1690 κόμιζε
551 1613 587 1672 cf.
607 1613 889 1674 commentationem
907 1633 1013 1693 meam,
1038 1615 1099 1674 Zur
1116 1615 1254 1676 Chronol.
1272 1616 1358 1674 Pind.

77 1701 107 1757 in
127 1701 211 1760 Stzh.
231 1702 258 1761 d.
276 1702 305 1760 b.
323 1703 380 1760 Ak.
402 1705 484 1762 1889
509 1721 538 1778 p.
560 1714 572 1760 1
593 1721 631 1762 ss.
667 1702 865 1762 Pulchritudo
889 1707 991 1764 autem
1012 1705 1152 1764 carminis
1171 1704 1202 1764 in
1220 1705 1286 1782 ipsa
1304 1705 1359 1764 illa

79 1789 174 1848 animi
194 1792 346 1851 anxietate
364 1794 395 1850 et
413 1791 539 1850 tristitia
557 1792 643 1869 inest,
668 1811 759 1868 quam
778 1794 878 1852 totum
897 1811 1015 1852 carmen
1034 1797 1098 1852 tam
1117 1795 1235 1874 egregie
1255 1795 1358 1872 spirat,

79 1883 113 1937 ut
131 1899 191 1939 nos
210 1900 330 1957 quoque
345 1881 534 1941 vehementer
548 1881 647 1941 animo
663 1900 911 1940 commoveamur.
944 1880 1133 1959 Quamquam
1151 1885 1231 1944 inter
1243 1887 1358 1945 1111111

83 1970 208 2028 luerunt
235 1970 289 2046 qui
317 1970 372 2029 hoc
395 1970 643 2046 reprehenderent
666 1962 966 2052 (1111111111136)
989 1975 1020 2032 11
1042 1973 1098 2032 hoc
1121 1992 1239 2033 carmen
1262 1974 1359 2052 magis

82 2059 224 2119 threnum
247 2079 341 2136 quam
363 2058 525 2135 epinicium
547 2078 610 2119 esse
634 2060 772 2120 dicerent.
808 2060 867 2120 Sed
889 2063 925 2118 11
948 2061 985 2118 ad
1008 2079 1054 2120 res
1078 2062 1208 2122 ludicras
1231 2063 1360 2140 redeam,

83 2147 299 2222 llidylidarum
321 2167 394 2226 gans
417 2149 594 2226 Aeginetica
616 2149 755 2209 similiter
777 2151 869 2226 atque
899 2150 1092 2210 Bassidarum
1121 2152 1226 2211 multis
1256 2156 1287 2212 et
1315 2153 1359 2211 in-

84 2236 219 2314 signibus
242 2237 377 2298 victoriis
399 2238 539 2298 ludorum
562 2239 797 2317 agonisticorum
819 2239 901 2298 clara
924 2239 1002 2298 iuter
1025 2240 1153 2301 Graecos
1176 2242 1243 2300 fuit.
1289 2241 1359 2301 Pin-

86 2325 175 2385 darus
188 2330 309 2403 praeter
321 2328 398 2386 hanc
416 2327 504 2387 odam
523 2327 615 2386 aliam
634 2347 761 2406 quoque,
780 2329 866 2387 cuius
884 2330 1088 2407 fragmentum
1101 2323 1151 2410 (fr.
1167 2322 1233 2411 190)
1248 2331 1360 2390 scholia

85 2415 120 2472 ud
143 2417 307 2475 Ρ.111153
331 2417 473 2494 afferunt,
496 2417 528 2476 in
551 2418 671 2477 laudem
694 2417 785 2475 huius
807 2417 907 2496 gentis
929 2417 1073 2478 victoriae
1096 2420 1255 2480 Isthmicae
1279 2439 1359 2480 com-

86 2506 194 2578 posuit
239 2505 459 2566 Aristomenem
490 2526 560 2566 1110
591 2506 729 2566 iuvenem
758 2507 865 2566 vicisse
896 2527 931 2566 ex
959 2508 1058 2567 verbis
1087 2505 1263 2588 Ξενάρκειον
1292 2509 1360 2569 υἱόν

87 2584 325 2676 (1.11),ὦπ11ῖ
343 2587 384 2676 (1.
403 2587 461 2676 33),
484 2593 618 2676 πατέρων
641 2595 728 2655 παισί
749 2588 859 2678 (1.41)
883 2596 1039 2675 colligunt,
1064 2618 1248 2675 quamquam
1269 2601 1360 2676 poeta

87 2701 157 2761 non,
185 2687 221 2742 111
251 2684 282 2742 in
312 2704 474 2760 puerorum
497 2686 658 2745 certamine
685 2685 782 2745 facere
805 2686 973 2764 consuevit,
1002 2686 1113 2763 aliptae
1141 2688 1206 2748 eius
1233 2687 1359 2748 mentio-

87 2790 152 2831 nem
173 2773 252 2832 lecit.

171 2863 207 2921 In
233 2862 381 2939 principio
408 2861 589 2940 Hesychiam
616 2867 706 2940 poeta
734 2864 867 2945 invocat,
891 2868 928 2924 ut
950 2885 1089 2925 coronam
1113 2866 1150 2926 ab
1170 2867 1358 2928 Aristomene

88 2948 200 3025 Pythiis
222 2954 343 3028 partam
366 2953 498 3029 propitia
516 2954 646 3030 accipiat
664 2945 776 3036 (1—5);
800 2973 863 3014 esse
887 2955 965 3014 auhn
989 2975 1055 3014 eam
1078 2957 1164 3016 deam
1187 2957 1359 3033 potentissi-

89 3058 172 3118 mam,
196 3061 257 3117 qna
279 3041 425 3101 ferocium
447 3042 602 3102 hominum
624 3043 687 3102 irae
709 3043 922 3122 reprimantur,
951 3046 988 3102 ut
1009 3044 1224 3122 Porphyrionis
1248 3046 1359 3125 Gigan-

90 3132 209 3206 tumque
238 3130 337 3190 minae
367 3131 439 3190 olim
468 3131 620 3208 Apollinis
648 3133 717 3191 telis
745 3136 914 3208 prostratae
945 3133 1006 3192 sint
1037 3125 1164 3216 (6-19).
1209 3136 1366 3218 Apollinis

90 3220 233 3280 mentione
260 3220 372 3278 iniecta
399 3221 437 3279 ad
463 3222 695 3298 praedicandam
721 3222 892 3300 1111011111,
917 3242 1007 3300 quam
1031 3224 1069 3282 ab
1093 3225 1196 3284 eodem
1219 3225 1359 3300 Apolline

90 3307 286 3368 Aristomenes
313 3312 420 3369 nactus
448 3313 525 3389 erat,
553 3314 722 3389 revocatus,
750 3311 879 3388 primum
907 3312 1024 3372 insulae
1051 3314 1208 3374 universae
1231 3316 1360 3393 gloriam

90 3397 246 3457 virtutihus
282 3399 431 3458 clarorum
466 3401 589 3460 heroum
621 3405 652 3460 et
683 3401 808 3460 fortium
843 3401 977 3461 virorum
1013 3406 1218 3480 comparatam
1254 3405 1360 3463 laudat

93 3478 229 3570 [al-⁶28).
274 3488 389 3548 Deinde
415 3509 453 3548 ne
481 3490 615 3568 longiore
644 3490 773 3550 carmine
801 3491 957 3551 fastidium
982 3493 1137 3552 hominnm
1164 3497 1297 3571 moveat,
1322 3494 1360 3552 ad

92 3595 194 3635 munus
222 3577 280 3635 sihi
310 3577 479 3638 iniunctum
507 3579 552 3638 ita
581 3580 692 3638 transit
721 3571 870 3662 (29—34),
902 3584 939 3640 ut
967 3582 1112 3642 victorem
1140 3582 1360 3643 Aristomenem

92 3667 218 3742 exempla
251 3686 377 3727 suorum
406 3669 568 3746 maiorum,
597 3669 733 3745 inprimis
766 3671 984 3731 avunculorum
1014 3672 1180 3750 Theogneti
1208 3675 1239 3731 et
1269 3671 1360 3732 Clito·

94 3755 195 3835 machi,
224 3757 353 3816 feliciter
383 3759 569 3817 aemulatum
599 3778 662 3818 esse
693 3762 723 3818 et
751 3759 945 3838 praesagium
968 3761 1145 3838 Amphiarai
1173 3761 1209 3820 de
1231 3761 1360 3821 sortibus

94 3844 155 3902 filiis
181 3866 216 3905 ex
241 3846 371 3906 fortibus
399 3848 574 3923 parentibus
600 3848 793 3908 nascentibus
820 3869 876 3909 sua
902 3853 988 3926 parte
1017 3851 1129 3926 optime
1153 3851 1359 3926 comprobasse

94 3933 167 3992 dicat
188 3927 333 4017 (35-56).
380 3937 427 3995 Ad
456 3938 533 3996 hanc
561 3940 663 3997 autem
690 3939 944 4015 comparationem
971 3938 1102 3998 filiorum
1125 3939 1302 4016 Amphiarai
1330 3945 1360 4000 et

94 4022 226 4084 Xenarcis
239 4028 330 4102 poeta
345 4026 492 4085 adductus
506 4029 560 4104 est,
575 4027 656 4104 quod
670 4029 841 4105 Alcmaeon,
855 4028 891 4088 de
906 4028 988 4087 exitu
1004 4029 1174 4088 certaminis
1193 4029 1360 4089 1111111110-

94 4131 170 4172 mene
192 4113 253 4174 sive
273 4135 292 4174 a
310 4115 439 4176 Pindaro
465 4120 598 4195 rogatus,
624 4119 726 4176 fausta
751 4117 935 4177 vaticinatus
959 4121 1024 4177 erat
1047 4109 1191 4199 (57-60).
1233 4119 1279 4178 Ex
1304 4120 1360 4178 hac

95 4201 179 4277 igitur
195 4204 378 4282 digressione
402 4205 440 4264 ad
459 4206 677 4266 Aristomenem
696 4207 830 4267 oratione
848 4207 964 4284 reflexa,
990 4207 1053 4266 eius
1071 4207 1213 4267 victorias
1236 4209 1361 4285 Delphis

95 4291 216 4368 Aeginae
238 4294 379 4372 Megarae
401 4295 579 4355 Marathone
602 4297 691 4374 Argis
721 4300 824 4372 partas
853 4288 1174 4378 1111111111(61--81).
1220 4295 1299 4358 Hinc
1322 4298 1360 4357 ad

96 4383 236 4456 generales
259 4383 423 4443 sententias
442 4385 478 4444 de
496 4385 663 4463 fragilitate
682 4388 713 4444 et
731 4385 906 4444 infirmitate
924 4405 1025 4444 rerum
1042 4387 1243 4446 humanarum
1261 4387 1362 4464 delap-

96 4487 150 4547 sus,
171 4472 272 4531 omnia
298 4472 378 4532 bona
399 4493 418 4532 a
441 4474 565 4534 deornm
587 4475 709 4534 numine
731 4476 859 4551 pendere
883 4478 996 4553 mouet,
1024 4475 1174 4535 hominem
1198 4495 1260 4536 esse
1284 4479 1360 4536 1111·

97 4579 175 4634 quam
196 4562 322 4622 umbrae
345 4563 509 4638 somnium3
533 4564 660 4640 denique
683 4565 716 4623 in
737 4564 795 4623 fine
815 4564 962 4642 Aeginam
981 4565 1067 4624 deam
1090 4565 1219 4643 invocat,
1238 4570 1274 4624 ut
1292 4585 1360 4625 cum

97 4646 156 4708 lore
169 4653 199 4710 et
210 4651 352 4711 heroibus
366 4651 465 4712 Aeaco
480 4653 569 4712 Peleo
584 4654 743 4713 Telamone
758 4654 875 4713 Achille
894 4653 1065 4714 libertatem
1080 4656 1110 4713 et
1123 4654 1362 4715 incolumitatem

98 4737 213 4802 civitatis
237 4743 384 4803 tueantur
406 4733 568 4826 (98-100).

172 4832 278 4892 Totins
293 4833 433 4892 carminis
449 4832 582 4910 quinque
596 4832 752 4910 pericopae
768 4825 907 4914 (stropha
926 4833 1116 4912 antistropha
1134 4826 1261 4917 epodus)
1281 4839 1360 4912 sunt,

143 4939 261 4982 anniam
276 4941 311 4981 ed.
325 4939 428 4982 Christ
1116 4941 1149 4990 13
