3417 5434
608 61 612 71 h

692 212 704 229 *x

325 313 411 370 XCVI
603 329 678 364 “x
687 234 723 376 dl
828 318 1106 371 PROLEGOMENA.

319 483 353 543 et
381 478 409 544 si
432 485 561 564 tempus
584 445 865 545 reditusvictoris
888 479 1036 564 epiniciis
1059 479 1194 566 agendis
1218 481 1325 546 minus
1348 481 1504 547 idoneum
1530 486 1618 564 erat,

320 590 435 670 postea
468 587 670 652 commodam
705 585 908 652 occasionem
941 586 1058 673 agendi
1090 586 1230 672 epinicia
1261 592 1453 672 quaererent
1486 587 1540 673 (P.
1567 606 1616 651 111.

320 692 360 758 N.
384 697 424 776 n,
463 693 541 777 quin
573 693 673 758 etiam
706 693 916 758 redeuntibus
948 693 1099 759 ludorum
1132 694 1245 760 diebus
1277 694 1417 780 epinicia
1447 695 1617 760 iterarent

325 797 380 886 (N.
399 817 446 863 nr.
483 798 508 863 1.
528 798 576 886 11).

619 1014 673 1079 De
697 1014 908 1080 carminum
931 1016 1190 1101 epinicicrum
1213 1021 1310 1082 actu.

409 1154 596 1241 Epinicium
616 1155 656 1220 ad
675 1177 805 1222 carmen
823 1158 1031 1243 pangendum
1049 1158 1155 1224 victor
1172 1158 1305 1243 eiusque
1324 1159 1456 1244 cognati
1475 1163 1615 1242 poetam

322 1267 378 1327 aut
415 1263 565 1347 precibus
598 1262 732 1352 adibant
766 1268 836 1346 aut,
873 1264 960 1347 quod
992 1287 1053 1329 usu
1085 1265 1250 1349 veniebat,
1286 1265 1430 1330 mercede
1463 1265 1615 1354 (μισθῷ)
1685 1259 1686 1348 l

322 1369 545 1434 conducebant
568 1368 618 1456 (P.
638 1388 663 1432 11
683 1371 734 1435 67.
771 1387 807 1432 xr
826 1371 879 1435 41.
915 1370 940 1434 I.
960 1389 985 1433 11
1008 1369 1172 1458 1-11).¹)
1217 1370 1331 1456 Neque
1358 1371 1443 1436 hanc
1470 1372 1614 1436 obrem

322 1476 542 1542 mercennaria
566 1499 664 1561 opera
686 1482 802 1561 poetae
826 1499 971 1561 quaeque
995 1479 1161 1563 despectui
1184 1482 1271 1543 esset
1293 1477 1393 1564 digna
1411 1478 1614 1560 habebatur,
1685 1501 1686 1514 ¹

322 1583 582 1669 quandoquidem
608 1589 740 1669 poetam
767 1605 833 1647 non
862 1583 926 1648 alia
952 1584 1024 1671 lege
1051 1585 1154 1650 teneri
1184 1584 1299 1651 Graeci
1326 1585 1480 1650 volebant
1509 1608 1613 1670 qnam

321 1690 528 1776 statuarium,
551 1713 647 1775 quem
669 1695 707 1755 nt
731 1695 840 1755 statua
863 1713 1024 1757 marmore
1044 1697 1100 1756 aut
1119 1715 1192 1757 aere
1211 1691 1299 1757 facta
1316 1692 1438 1758 famam
1457 1693 1506 1757 rei
1525 1693 1614 1758 beue
1685 1655 1686 1732 l

323 1801 434 1882 gestae
452 1801 650 1884 propagaret
670 1819 780 1862 omnes
801 1797 947 1863 omnium
966 1803 1110 1864 aetatum
1124 1799 1273 1864 homines
1287 1800 1433 1865 mercede
1447 1801 1613 1865 condnxe

322 1908 399 1968 runt
417 1909 450 1968 et
469 1905 661 1969 conducunt.
694 1903 784 1968 Inter
803 1925 859 1968 eos
874 1909 983 1970 autem
998 1895 1120 1990 poetas,
1140 1907 1195 1990 qni
1211 1906 1325 1990 quinto
1340 1906 1471 1971 saeculo
1486 1929 1515 1971 a
1531 1904 1612 1971 chr.
1685 1933 1686 1986 q

323 2011 494 2096 florebant,
516 2033 612 2077 nemo
636 2010 823 2097 pulchriora
845 2012 985 2096 epinicia
1006 2011 1113 2077 facere
1137 2012 1387 2078 existimabatur
1410 2036 1511 2097 qnam
1533 2013 1612 2078 Pin·

323 2117 429 2204 darus,
453 2118 508 2202 qui
532 2141 605 2183 cum
629 2123 662 2182 et
684 2140 798 2204 regum
822 2118 1094 2203 optimatiumque
1117 2120 1214 2184 rebus
1233 2119 1358 2185 faveret
1376 2127 1410 2185 et
1426 2127 1549 2186 natura
1569 2121 1611 2186 ad

323 2226 444 2311 grande
463 2230 496 2290 et
515 2225 725 2311 magnificum
744 2224 870 2290 dicendi
889 2246 992 2311 genus
1010 2231 1107 2291 natus
1127 2249 1197 2291 esse
1218 2227 1389 2312 videretur,
1407 2229 1552 2312 nudique
1572 2235 1611 2292 ut
1685 2249 1686 2338 q

323 2330 535 2397 festivitatem
549 2331 751 2396 victorialem
766 2354 824 2396 sua
838 2330 933 2397 Musa
946 2333 1126 2398 illustraret
1140 2333 1368 2399 adducebatur.
1400 2335 1611 2421 Quamquam
1685 2343 1686 2394 l

323 2460 389 2503 non
416 2439 548 2504 deerant
577 2439 694 2504 aemuli
722 2460 796 2503 cum
824 2439 880 2502 alii
907 2445 979 2504 tum
1002 2439 1184 2506 Simonides
1211 2446 1245 2505 et
1268 2440 1495 2526 Bacchylides,
1524 2463 1611 2525 qnos
1685 2455 1686 2474 ¹

323 2543 496 2611 Thebanus
520 2551 611 2611 vates
634 2545 720 2611 iusto
744 2545 865 2610 maiore
889 2545 1055 2612 simultate
1079 2552 1112 2612 et
1135 2547 1288 2632 snperbia
1309 2548 1534 2614 insectabatur
1556 2547 1609 2636 (0.
1685 2633 1686 2638 ἵ

323 2653 423 2718 1196.
460 2651 495 2717 P.
515 2670 528 2716 1
549 2653 602 2718 45.
640 2655 779 2719 1181ss.
816 2651 858 2718 N.
876 2671 915 2716 111
935 2650 1001 2738 82).
1047 2653 1162 2739 Neque
1189 2660 1260 2719 tum
1287 2654 1429 2741 primum
1456 2657 1611 2741 epiniciis
1685 2719 1686 2742 ἶ

325 2759 522 2825 carminibus
546 2760 685 2826 victores
705 2781 820 2825 ornare
840 2765 1030 2846 coeperunt3
1053 2784 1193 2847 namque
1211 2767 1249 2826 ut
1266 2760 1455 2829 Archilochi
1475 2786 1609 2829 carmen
1685 2749 1686 2802 ἕ

322 2865 357 2929 in
376 2865 549 2932 Herculem
572 2867 730 2932 victorem
753 2871 786 2932 et
808 2872 935 2933 veteres
954 2869 1068 2934 modos
1086 2870 1121 2934 in
1140 2869 1267 2935 curules
1286 2869 1439 2936 victorias
1458 2868 1610 2936 Castoris

325 2977 357 3036 et
385 2973 468 3037 lolai
496 2972 601 3038 factos
629 2971 750 3060 (νόμον
775 2973 954 3060 ἁρμάτειον
981 2974 1037 3040 aul
1059 2975 1205 3063 ἵππειον)
1232 2977 1506 3064 praetermittam,
1533 2978 1610 3043 Pin·
1685 2989 1686 3048 3

326 3079 422 3144 darus
445 3079 515 3163 ipse
534 3079 710 3165 Aeginetas
734 3085 859 3166 poetas,
882 3081 938 3165 qui
961 3081 1100 3146 maiores
1123 3104 1236 3148 eorum
1259 3106 1341 3168 quos
1361 3084 1432 3170 ipse
1450 3086 1611 3151 laudabat
1685 3117 1686 3138 2

325 3184 531 3270 cecinissent,
558 3184 772 3251 Timocritum
800 3192 833 3251 et
860 3187 1054 3271 Euphanem
1081 3195 1314 3257 commemorat
1341 3191 1397 3279 (N.
1420 3209 1458 3256 lv
1483 3194 1533 3259 13.
1554 3194 1608 3259 89.
1685 3203 1686 3274 ξ

325 3291 349 3357 Ι.
369 3289 491 3379 1v45).
1685 3289 1686 3292 ’

413 3398 483 3463 lam
506 3403 543 3463 ut
566 3399 604 3464 de
627 3399 733 3464 forma
756 3400 968 3484 epinicicrum
991 3401 1157 3490 disseram,
1180 3410 1213 3470 et
1236 3429 1344 3471 rerum
1367 3412 1495 3493 natura,
1518 3407 1607 3492 qnod

324 3527 391 3570 non
420 3528 502 3570 unus
530 3505 648 3590 aliquis
677 3507 732 3572 sed
756 3507 851 3572 multi
875 3509 994 3593 gaudio
1018 3510 1221 3597 exmtabant,
1248 3517 1281 3577 et
1304 3514 1503 3579 consuetudo
1527 3519 1610 3581 tem-

324 3612 427 3698 poris,
455 3613 541 3696 quod
569 3613 697 3699 pompis
725 3617 758 3679 et
785 3614 997 3680 concentibus
1024 3620 1095 3680 tum
1122 3619 1229 3706 magis
1257 3642 1355 3704 quam
1378 3619 1552 3705 rhapsodis
1575 3627 1609 3686 et
1684 3655 1686 3668 ·

324 3718 491 3784 fidicinam
519 3719 667 3785 solitaria
694 3725 763 3785 arte
792 3720 1050 3806 delectabantur,
1078 3745 1187 3790 secum
1216 3725 1377 3812 ferebant,
1404 3732 1442 3791 ut
1468 3728 1609 3814 epinicia

325 3826 471 3892 carmina
493 3825 592 3891 choro
617 3827 777 3893 cantanda
799 3827 1048 3894 destinarentur.
1089 3830 1198 3915 Atque
1221 3833 1368 3899 disertim
1386 3834 1555 3900 nonnullis
1572 3836 1607 3899 in
1685 3853 1686 3906 ξ

326 3933 533 4018 carminibus,
552 3936 589 3998 ut
608 3931 643 3998 Ο.
663 3952 699 3997 rv
717 3936 766 4000 10.
799 3953 835 3998 vr
857 3935 905 4001 18.
922 3937 973 4001 98.
1001 3955 1065 4002 vnr
1086 3940 1136 4004 10.
1165 3957 1226 4005 xlv
1241 3941 1293 4005 14.
1329 3939 1364 4004 Ρ.
1378 3959 1417 4005 111
1433 3944 1485 4008 73.
1517 3962 1541 4006 v
1556 3945 1608 4008 22.

328 4042 398 4106 103.
437 4041 637 4107 voranto
692 4040 732 4106 Ν.
757 4042 848 4106 1115.
873 4043 925 4109 66.
963 4061 998 4106 rx
1023 4046 1074 4109 50.
1120 4045 1145 4109 l.
1169 4065 1205 4109 vr
1224 4047 1276 4113 58.
1313 4066 1376 4112 vnr
1399 4052 1428 4114 2.
1452 4051 1489 4133 4,
1518 4050 1609 4116 chori
1685 4059 1686 4116 3

327 4146 376 4211 vel
408 4147 648 4213 comissationis
677 4145 820 4234 (κώμου)
849 4153 882 4214 et
910 4154 1093 4236 cantorum,
1124 4152 1264 4220 fortasse
1292 4154 1392 4220 etiam
1420 4156 1611 4224 chorodida·

327 4254 406 4318 scali
430 4252 480 4342 (0.
500 4273 536 4318 vr
556 4255 606 4320 88.
640 4253 787 4342 I.114l)
810 4260 909 4339 poeta
930 4256 1000 4341 ipsc
1023 4259 1222 4326 mentionem
1245 4261 1338 4348 fecit,
1366 4263 1476 4328 omnia
1499 4271 1610 4330 autem

327 4360 465 4444 epinicia
497 4383 517 4425 a
548 4360 647 4427 choro
681 4367 814 4427 cantata
845 4385 916 4428 esse
949 4367 1154 4448 grammatici
1183 4391 1242 4453 pro
1271 4374 1360 4435 certo
1389 4393 1427 4436 ac
1455 4393 1611 4439 concesso

417 4627 444 4694 1)
468 4623 541 4690 Quin
564 4625 651 4680 etiam
675 4627 709 4681 dc
733 4626 841 4681 ambitu
866 4627 998 4683 carminis
1016 4631 1090 4686 inter
1109 4633 1245 4690 victorem
1262 4639 1292 4690 et
1310 4639 1423 4707 poetam
1442 4636 1608 4692 convenisse

327 4699 402 4751 recte
422 4696 524 4751 statuit
537 4696 724 4768 Drachmanu,
743 4700 817 4752 unde
832 4699 960 4770 longiora
975 4703 1100 4758 carmina
1116 4722 1214 4778 regum
1229 4711 1258 4762 et
1272 4708 1409 4762 curulium
1424 4708 1608 4764 victoriarum

333 4771 398 4822 sunt
416 4785 501 4836 quam
520 4786 668 4838 puerorum
687 4774 716 4824 et
734 4770 926 4839 gymnicorum
944 4771 1082 4831 ludorum.
1685 4787 1686 4816 ³
