3417 5434
357 301 423 365 334
837 305 985 355 sinnam
1004 305 1169 357 semron.

449 470 484 529 In
513 470 665 547 prooemio
693 472 784 547 poeta
807 470 1031 547 Thrasybulum
1058 490 1095 529 ne
1118 470 1251 529 carmina
1274 470 1395 547 quidem
1418 472 1482 530 sine
1506 472 1636 529 mercede

359 559 420 619 iam
438 560 540 636 parari
558 559 655 620 iocose
675 558 816 619 admonet
834 552 972 641 (1-11).
1006 559 1070 629 Quo
1089 558 1176 619 modo
1196 579 1264 619 cum
1283 578 1402 620 carmen
1420 563 1528 637 optato
1546 562 1637 619 serius
1680 551 1681 554 ¹

358 650 484 709 missum
503 652 681 726 excusasset,
700 648 831 725 primum
849 668 972 708 munere
986 649 1128 709 victorias
1147 649 1331 728 Xenocratis,
1349 649 1525 709 Isthmicum
1539 650 1639 725 Pythi·

360 758 425 798 cam
459 738 685 817 Atheniensem,
721 738 914 815 praedicandi
946 738 1147 817 perfungitur.
1201 738 1257 797 His
1288 738 1423 799 victoriis
1454 740 1638 815 praeclaram

361 826 549 905 Olympicum
579 827 724 887 Theronis
752 826 914 905 subnectit,
943 830 979 885 ut
1006 846 1084 903 quae
1112 826 1150 886 ab
1178 827 1282 887 ecdem
1311 828 1420 906 auriga
1449 827 1639 891 Nicomacho.

362 937 422 994 quo
436 917 628 977 Atheniensis
646 916 773 977 victoria
792 916 976 994 Xenocratis,
995 919 1084 993 parta
1102 916 1195 975 fuerit
1213 909 1359 997 (ra—29).
1386 916 1460 976 Inde
1479 918 1520 976 ad
1538 918 1640 976 laudes

361 1009 528 1067 ceterarum
547 1006 697 1066 virtutum
715 1006 892 1065 Xenocratis
911 1006 1029 1084 transit,
1052 1005 1146 1065 studii
1169 1006 1281 1065 artium
1303 1006 1483 1084 liberalium,
1507 1006 1639 1083 pudoris

360 1096 491 1173 pictatia,
509 1096 728 1173 hospitalitatis
749 1086 893 1176 (30-42).
921 1094 957 1153 In
976 1098 1108 1155 extrema
1127 1094 1250 1172 stropha
1264 1088 1401 1177 (as—48)
1416 1095 1640 1171 Thrasybulum

360 1205 413 1261 per
435 1184 632 1261 Nicasippum
655 1184 847 1244 tabellarium
871 1183 1058 1262 adhortatur,
1082 1186 1118 1243 ut
1141 1204 1178 1243 ne
1200 1184 1332 1245 invidiae
1355 1184 1458 1263 cedat,
1482 1184 1535 1245 sed
1558 1205 1640 1261 prae·

360 1274 478 1334 conium
504 1275 600 1351 patris
623 1275 685 1351 opt'
721 1274 727 1286 “
753 1274 823 1333 edat
846 1276 938 1350 atque
961 1273 1107 1353 divulget.

905 1426 950 1493 De
969 1428 1093 1495 notris.

449 1540 596 1603 Carminis
618 1542 708 1601 huius
730 1542 846 1601 numeri
866 1545 938 1601 sunt
956 1541 1233 1618 dactylo-epitritici
1251 1542 1401 1621 vulgares.
1438 1542 1638 1619 Stropharnm

360 1634 391 1690 et
418 1630 506 1707 epodi
532 1632 663 1708 primum
691 1650 839 1709 quemque
867 1649 986 1691 versum
1012 1631 1045 1689 in
1072 1632 1147 1692 duos
1173 1650 1290 1709 versus,
1313 1632 1385 1691 lieet
1406 1630 1472 1691 fieri
1494 1632 1638 1707 potnerit,

360 1740 419 1779 non
447 1720 604 1799 dissecari,
633 1719 776 1797 quoniam
799 1739 817 1778 a
840 1721 1063 1781 monocolorum
1090 1740 1232 1781 versuum
1261 1721 1386 1780 levitate
1413 1719 1548 1800 dignitas
1576 1740 1639 1780 car-

360 1807 450 1867 minis
473 1809 752 1887 dactyloepitritici
775 1810 922 1870 abhorret.
968 1810 1092 1886 Epodus
1115 1830 1151 1870 ex
1174 1811 1290 1869 duabus
1313 1802 1639 1891 pericopis(vy.1-3

360 1900 390 1957 et
413 1890 498 1981 4-6)
522 1902 653 1978 constat,
676 1918 804 1976 quarum
827 1902 956 1975 utraque
979 1900 1129 1974 epitritico
1152 1900 1247 1976 epodo
1271 1898 1472 1976 concluditur,
1496 1900 1639 1976 strophae

360 1987 448 2065 duas,
479 2008 538 2048 non
561 1988 702 2065 aequales
726 1989 777 2047 sed
800 1988 969 2065 aequaliter
991 1992 1121 2048 structas
1144 1989 1298 2065 pericopas
1322 1981 1383 2069 (vr.
1404 2000 1473 2047 1-a
1497 1992 1530 2048 et
1552 1982 1637 2063 3-al

360 2076 472 2153 epodus
503 2077 670 2155 epitriticus
700 2076 901 2154 subsequitur.
935 2110 977 2117 —
1010 2078 1136 2137 Carmen
1164 2078 1302 2154 quamvis
1331 2079 1459 2138 formam
1491 2077 1637 2154 epistolae

360 2165 470 2225 habeat
488 2186 506 2226 a
525 2166 655 2226 Pindaro
675 2166 814 2226 Thebano
835 2165 1021 2242 Thrasybulo
1040 2167 1239 2245 Agrigentino
1262 2187 1316 2243 per
1337 2166 1532 2226 tabellarium
1549 2167 1638 2225 Nica-

360 2255 479 2331 sippum
507 2248 550 2335 (v.
568 2248 618 2337 47)
645 2256 752 2315 missae
781 2248 833 2337 (cf.
853 2256 942 2316 schol.
962 2255 1000 2314 ad
1023 2250 1138 2337 inser),
1167 2259 1267 2316 tamen
1291 2259 1423 2332 aposta
1454 2256 1637 2315 destinatum

360 2344 432 2423 fuit,
467 2348 503 2403 ut
536 2344 654 2421 publice
685 2365 703 2403 a
733 2345 821 2405 choro
853 2345 884 2403 in
914 2346 1088 2405 memoriam
1117 2346 1292 2405 Xenocratis
1327 2346 1440 2405 mortui
1472 2350 1637 2405 caneretur.

359 2434 503 2494 Disertim
518 2434 596 2494 enim
611 2434 816 2510 Thrasybulus
834 2434 914 2493 hunc
932 2435 1077 2510 hymnum
1095 2434 1214 2494 silentio
1233 2454 1365 2511 premere
1379 2437 1503 2494 vet-atur
1520 2427 1564 2515 (v.
1579 2428 1635 2504 μὶ,
1680 2487 1681 2490 ,

362 2542 457 2598 neque
477 2524 564 2583 aedes
584 2523 648 2583 eius
667 2524 804 2583 cantibus
819 2526 850 2582 et
864 2523 1123 2583 comissationibus
1137 2526 1321 2601 perstrepere
1338 2523 1509 2583 dicerentur
1522 2520 1566 2605 (y.
1581 2525 1635 2601 sc),

361 2611 419 2670 nisi
442 2613 497 2673 hoc
521 2632 639 2673 carmen
663 2613 742 2689 quod
762 2632 780 2671 a
800 2613 889 2672 choro
908 2616 1066 2672 caneretur
1088 2613 1271 2673 destinatum
1294 2612 1408 2672 fidsset.
1447 2612 1635 2689 Quamquam

361 2700 481 2761 difficile
504 2702 660 2763 intellectu
684 2707 737 2779 est,
762 2701 910 2777 quomodo
933 2703 1062 2778 hymnus
1085 2702 1116 2761 in
1139 2702 1291 2778 publicam
1311 2702 1409 2762 lucem
1427 2702 1476 2761 edi
1495 2703 1636 2779 potuerit¹

361 2791 447 2849 cuius
469 2811 580 2869 magna
603 2810 672 2868 pars
695 2794 786 2868 atque
810 2791 946 2867 inprimis
970 2792 1150 2868 principium
1174 2794 1204 2851 et
1227 2791 1364 2870 epilogus
1387 2791 1485 2870 magis
1503 2795 1541 2850 ut
1559 2792 1635 2850 intra

362 2880 496 2955 privatos
519 2881 649 2956 parietes
672 2881 843 2958 legerentur
866 2899 958 2956 quam
980 2880 1133 2940 recitando
1154 2884 1184 2940 et
1202 2880 1350 2940 cantando
1374 2880 1406 2939 in
1428 2882 1529 2939 forum
1553 2881 1635 2940 emit-

361 2971 495 3028 terentur
518 2973 590 3046 apta
614 2974 707 3030 erant.

978 3150 981 3155 .
1441 3094 1521 3175 Στρ.
1541 3087 1585 3153 α’.

417 3197 461 3260 Οἱ
481 3192 541 3279 μὲν
564 3195 679 3278 πάλαι,
704 3190 729 3259 ὦ
756 3196 985 3281 Θρασύβουλε,
1009 3206 1130 3279 φῶτες,
1153 3198 1188 3261 οἳ
1208 3197 1454 3281 χρυσαμπύκων

415 3301 448 3378 ἐς
471 3303 594 3387 δίφρον
618 3306 754 3367 Μοισᾶν
777 3304 865 3386 ἔβαι-

458 3433 520 3475 νον
542 3413 646 3495 ιιλυτᾷ
669 3412 829 3494 φόρμιγγι
853 3411 1107 3495 συναντόμενοι,

417 3516 524 3601 ῥίμφα
547 3516 717 3591 παιδείους
740 3515 892 3593 ἐτόξευον
914 3516 1115 3601 μελιγάρυας
1137 3517 1277 3601 ὕμνους,
1620 3534 1633 3579 s

1678 3689 1679 3730 l

432 3782 513 3816 vanna
532 3781 636 3818 suerro.
673 3763 756 3817 luser.
777 3779 830 3818 om.
850 3764 917 3818 BD
936 3796 969 3803 —
989 3763 1094 3819 schol:
1118 3759 1199 3827 οὗτος
1222 3762 1237 3816 ὁ
1262 3762 1385 3829 ἐπίνικος
1408 3762 1566 3835 γέγραπται
1590 3766 1635 3823 μὲν

362 3834 401 3898 εἰς
419 3834 600 3903 Ξενοκράτην
617 3833 843 3905 Ἀκραγαντῖνον,
867 3834 1005 3905 πέμπεται
1024 3835 1055 3889 δὲ
1077 3835 1263 3908 Θρασυβούλῳ
1282 3836 1332 3889 διά
1349 3857 1426 3900 τινος
1445 3835 1634 3899 Nominatus,

361 3904 428 3960 ὥστε
448 3901 521 3960 εἶναι
541 3906 726 3960 ἀποστολικὸν
745 3904 832 3960 αὐτόν
847 3951 853 3960 .
870 3950 876 3961 .
894 3950 898 3960 .
914 3902 995 3970 οὗτος
1010 3906 1040 3960 δὲ
1057 3906 1071 3960 ὁ
1086 3906 1265 3976 Ξενοκράτης
1283 3908 1317 3961 ob
1336 3906 1423 3978 μόνον
1436 3906 1555 3979 Ἰσθμια
1571 3907 1635 3963 νενί-

359 3996 446 4046 ιιηιιεν
465 3976 573 4044 ἵπποις,
597 3977 667 4031 ἀλλὰ
692 3978 740 4031 καὶ
759 3980 860 4031 Πύθιοι
877 3978 929 4046 τὴν
948 3978 995 4031 κδ’
1013 3978 1152 4033 Πυθιάδα
1171 3980 1207 4040 ὡς
1221 3976 1404 4048 Ἀριστοτέλης
1423 3978 1589 4049 ἀναγράφει
1606 4012 1634 4020 -

362 4056 384 4103 1.
401 4048 427 4103 οἳ
442 4065 475 4102 ex
490 4048 604 4103 scholiis
619 4048 734 4102 Pindari
753 4052 782 4103 et
796 4048 993 4119 Aristophanis
1007 4048 1071 4103 Pac.
1087 4066 1126 4104 oco
1140 4052 1206 4104 rest.
1221 4049 1348 4106 Schmid:
1367 4051 1429 4106 ὅσοι
1442 4051 1511 4106 BD
1526 4084 1560 4093 -
1577 4052 1636 4113 zie
1677 4059 1678 4070 ¹

361 4116 463 4190 δίφρον
482 4121 577 4176 B⁵D:
602 4120 631 4175 ἐν
650 4122 742 4192 δίφρῳ
762 4119 811 4188 Bi,
830 4121 905 4174 unde
925 4120 955 4175 ἐν
974 4118 1077 4189 δίφρον
1095 4122 1218 4175 veterem
1237 4120 1387 4177 lectionem
1406 4120 1495 4177 fuisse
1515 4124 1636 4193 suspicor

361 4223 393 4231 -
414 4192 620 4263 συναντώμενοι
639 4193 667 4247 Β
686 4194 715 4247 et
734 4190 819 4245 schol.
835 4192 919 4247 Arist.
935 4191 953 4246 l.
970 4192 987 4246 l.
1008 4225 1040 4232 —

432 4352 621 4390 cornnsrnan.
650 4351 676 4389 v.
692 4340 705 4386 1
722 4352 757 4388 ss.
777 4333 807 4387 in
822 4332 969 4404 splendido
984 4334 1127 4405 prooemio
1141 4335 1285 4390 Socratica
1301 4336 1426 4404 quadam
1445 4336 1539 4392 ironia
1553 4338 1636 4394 veteri

361 4405 472 4474 Musae,
491 4407 553 4460 sola
576 4405 717 4460 suavitate
736 4405 839 4459 amoris
864 4406 966 4460 ductae
990 4406 1211 4461 mercennariam
1230 4424 1322 4475 suam,
1341 4424 1520 4463 nummorum
1547 4428 1636 4464 curam
1676 4421 1677 4472 ,

361 4494 444 4549 agere
463 4480 591 4532 coactam
610 4477 779 4547 opponit-
799 4484 823 4531 2.
843 4476 872 4540 ἐς
890 4476 1006 4547 δίφρον·
1031 4478 1067 4533 de
1084 4482 1169 4547 poeta
1188 4496 1270 4533 curru
1288 4478 1420 4549 vehente,
1444 4496 1502 4535 non
1521 4482 1637 4551 pedibus
1676 4487 1677 4540 1

360 4551 444 4603 eunte
459 4551 550 4622 (πεζῷ,
565 4548 700 4619 pedestri)
715 4548 841 4603 conferO
862 4568 890 4601 vr
905 4565 942 4615 αις
962 4566 1098 4619 perquam
1118 4553 1214 4604 autem
1231 4551 1445 4605 accommodata
1459 4552 1532 4606 haec
1546 4548 1636 4623 imago

360 4620 415 4673 fuit
433 4620 551 4675 carmini
569 4620 599 4674 in
617 4620 730 4673 laudem
748 4620 883 4675 victoriae
907 4620 1011 4675 curulis
1034 4620 1110 4674 facto
1129 4653 1164 4661 -
1182 4620 1330 4692 φόρμιγγι,
1353 4622 1429 4691 quod
1452 4625 1598 4679 amatoria
1614 4629 1636 4679 el

361 4691 463 4746 melica
479 4691 604 4747 carmina
622 4692 755 4763 pleraque
776 4693 812 4746 ad
832 4692 970 4747 citharam
989 4692 1164 4748 canebantur
1183 4726 1215 4733 —
1235 4700 1259 4747 3.
1279 4691 1427 4758 παιδείους
1444 4692 1561 4763 ὕμνους·
1583 4714 1636 4750 oar-

361 4762 436 4817 mina
451 4764 481 4818 in
494 4781 594 4836 pueros
609 4766 718 4818 amatos
735 4764 817 4818 facta.
848 4763 952 4820 Sobel:
971 4773 1060 4819 ταῦτα
1075 4763 1107 4819 δὲ
1121 4766 1206 4819 τείνει
1225 4766 1271 4819 καὶ
1293 4766 1335 4850 etp
1352 4766 1416 4828 τοὺς
1434 4766 1498 4833 περὶ
1514 4762 1635 4823 ’Δικαία

1329 4933 1380 5393 l
1664 5311 1675 5392 ,
