<?xml version="1.0" encoding="UTF-8"?>
<!DOCTYPE html PUBLIC "-//W3C//DTD XHTML 1.0 Transitional//EN"
    "http://www.w3.org/TR/xhtml1/DTD/xhtml1-transitional.dtd">
<html xmlns="http://www.w3.org/1999/xhtml" xml:lang="en" lang="en">
 <head>
  <title>
</title>
<meta http-equiv="Content-Type" content="text/html;charset=utf-8" />
  <meta name='ocr-system' content='tesseract 3.04.00' />
  <meta name='ocr-capabilities' content='ocr_page ocr_carea ocr_par ocr_line ocrx_word'/>
</head>
<body>
  <div class='ocr_page' id='page_1' title='image "./pindaricarminap01chrigoog_0086.png"; bbox 0 0 3417 5434; ppageno 0'>
   <div class='ocr_carea' id='block_1_1' title="bbox 318 353 1103 408">
    <p class='ocr_par' dir='ltr' id='par_1_1' title="bbox 318 353 1103 408">
     <span class='ocr_line' id='line_1_1' title="bbox 318 353 1103 408; baseline 0 0"><span class='ocrx_word' id='word_1_1' title='bbox 318 353 417 408; x_wconf 85' lang='lat' dir='ltr'>LXXX</span> <span class='ocrx_word' id='word_1_2' title='bbox 823 355 1103 408; x_wconf 74' lang='lat' dir='ltr'><strong>Pnonnuonnnn.</strong></span> 
     </span>
    </p>
   </div>
   <div class='ocr_carea' id='block_1_2' title="bbox 317 516 1696 2748">
    <p class='ocr_par' dir='ltr' id='par_1_2' title="bbox 317 516 1696 1139">
     <span class='ocr_line' id='line_1_2' title="bbox 318 516 1696 607; baseline -0.001 -25"><span class='ocrx_word' id='word_1_3' title='bbox 318 516 354 582; x_wconf 93' lang='grc' dir='ltr'><strong>Ο.</strong></span> <span class='ocrx_word' id='word_1_4' title='bbox 374 535 436 581; x_wconf 85' lang='lat' dir='ltr'><strong>vm</strong></span> <span class='ocrx_word' id='word_1_5' title='bbox 458 519 500 583; x_wconf 83' lang='lat'><strong>68</strong></span> <span class='ocrx_word' id='word_1_6' title='bbox 530 523 563 582; x_wconf 89' lang='lat' dir='ltr'><strong>et</strong></span> <span class='ocrx_word' id='word_1_7' title='bbox 592 517 625 582; x_wconf 92' lang='lat' dir='ltr'><strong>P.</strong></span> <span class='ocrx_word' id='word_1_8' title='bbox 644 535 707 581; x_wconf 78' lang='lat' dir='ltr'><strong>vni</strong></span> <span class='ocrx_word' id='word_1_9' title='bbox 729 521 769 584; x_wconf 88' lang='lat'><strong>81</strong></span> <span class='ocrx_word' id='word_1_10' title='bbox 800 516 979 603; x_wconf 77' lang='lat' dir='ltr'><strong>Aeginetae</strong></span> <span class='ocrx_word' id='word_1_11' title='bbox 1007 517 1268 582; x_wconf 88' lang='lat' dir='ltr'><strong>Alcimedontem</strong></span> <span class='ocrx_word' id='word_1_12' title='bbox 1300 521 1334 581; x_wconf 91' lang='lat' dir='ltr'><strong>et</strong></span> <span class='ocrx_word' id='word_1_13' title='bbox 1364 518 1616 582; x_wconf 78' lang='lat' dir='ltr'><strong>Aristomenem</strong></span> <span class='ocrx_word' id='word_1_14' title='bbox 1695 528 1696 607; x_wconf 46' lang='lat'><em>3</em></span> 
     </span>
     <span class='ocr_line' id='line_1_3' title="bbox 317 624 1696 709; baseline 0 -21"><span class='ocrx_word' id='word_1_15' title='bbox 317 625 429 690; x_wconf 91' lang='lat' dir='ltr'><strong>laudat</strong></span> <span class='ocrx_word' id='word_1_16' title='bbox 458 628 598 709; x_wconf 85' lang='lat' dir='ltr'><strong>quatuor</strong></span> <span class='ocrx_word' id='word_1_17' title='bbox 626 625 828 690; x_wconf 81' lang='lat' dir='ltr'><strong>adversarios</strong></span> <span class='ocrx_word' id='word_1_18' title='bbox 865 625 955 690; x_wconf 86' lang='lat' dir='ltr'><strong>lucta</strong></span> <span class='ocrx_word' id='word_1_19' title='bbox 981 624 1148 690; x_wconf 81' lang='lat' dir='ltr'><strong>devicisse.</strong></span> <span class='ocrx_word' id='word_1_20' title='bbox 1200 624 1270 690; x_wconf 91' lang='lat' dir='ltr'><strong>lam</strong></span> <span class='ocrx_word' id='word_1_21' title='bbox 1300 625 1362 691; x_wconf 90' lang='lat' dir='ltr'><strong>hoc</strong></span> <span class='ocrx_word' id='word_1_22' title='bbox 1392 630 1481 690; x_wconf 90' lang='lat' dir='ltr'><strong>certe</strong></span> <span class='ocrx_word' id='word_1_23' title='bbox 1510 647 1614 689; x_wconf 90' lang='lat' dir='ltr'><strong>nemo</strong></span> <span class='ocrx_word' id='word_1_24' title='bbox 1695 650 1696 665; x_wconf 41' lang='grc' dir='ltr'><strong><em>ι</em></strong></span> 
     </span>
     <span class='ocr_line' id='line_1_4' title="bbox 317 731 1615 818; baseline 0.001 -23"><span class='ocrx_word' id='word_1_25' title='bbox 317 731 471 816; x_wconf 80' lang='lat' dir='ltr'>probabit</span> <span class='ocrx_word' id='word_1_26' title='bbox 505 731 652 818; x_wconf 84' lang='lat' dir='ltr'><strong>singulos</strong></span> <span class='ocrx_word' id='word_1_27' title='bbox 685 755 759 798; x_wconf 87' lang='lat' dir='ltr'><strong>curn</strong></span> <span class='ocrx_word' id='word_1_28' title='bbox 793 737 933 818; x_wconf 88' lang='lat' dir='ltr'><strong>quatuor</strong></span> <span class='ocrx_word' id='word_1_29' title='bbox 966 732 1063 797; x_wconf 91' lang='lat' dir='ltr'><strong>simul</strong></span> <span class='ocrx_word' id='word_1_30' title='bbox 1092 733 1235 799; x_wconf 84' lang='lat' dir='ltr'><strong>luctatos</strong></span> <span class='ocrx_word' id='word_1_31' title='bbox 1267 755 1352 818; x_wconf 83' lang='lat' dir='ltr'><strong>esse;</strong></span> <span class='ocrx_word' id='word_1_32' title='bbox 1387 731 1485 797; x_wconf 89' lang='lat' dir='ltr'><strong>nimis</strong></span> <span class='ocrx_word' id='word_1_33' title='bbox 1521 733 1615 796; x_wconf 90' lang='lat' dir='ltr'><strong>enirn</strong></span> 
     </span>
     <span class='ocr_line' id='line_1_5' title="bbox 319 837 1696 925; baseline 0.001 -23"><span class='ocrx_word' id='word_1_34' title='bbox 319 843 406 904; x_wconf 88' lang='lat' dir='ltr'><strong>esset</strong></span> <span class='ocrx_word' id='word_1_35' title='bbox 429 839 491 904; x_wconf 91' lang='lat' dir='ltr'><strong>hoc</strong></span> <span class='ocrx_word' id='word_1_36' title='bbox 514 839 663 924; x_wconf 89' lang='lat' dir='ltr'><strong>iniquum</strong></span> <span class='ocrx_word' id='word_1_37' title='bbox 686 844 719 904; x_wconf 90' lang='lat' dir='ltr'><strong>et</strong></span> <span class='ocrx_word' id='word_1_38' title='bbox 737 861 838 923; x_wconf 90' lang='lat' dir='ltr'><strong>prope</strong></span> <span class='ocrx_word' id='word_1_39' title='bbox 861 838 1094 925; x_wconf 89' lang='lat' dir='ltr'><strong>prodigiosum.</strong></span> <span class='ocrx_word' id='word_1_40' title='bbox 1129 837 1222 904; x_wconf 89' lang='lat' dir='ltr'><strong>Unus</strong></span> <span class='ocrx_word' id='word_1_41' title='bbox 1241 838 1344 925; x_wconf 89' lang='lat' dir='ltr'><strong>igitur</strong></span> <span class='ocrx_word' id='word_1_42' title='bbox 1362 839 1515 924; x_wconf 79' lang='lat' dir='ltr'><strong>deinceps</strong></span> <span class='ocrx_word' id='word_1_43' title='bbox 1534 863 1614 904; x_wconf 88' lang='lat' dir='ltr'><strong>cum</strong></span> <span class='ocrx_word' id='word_1_44' title='bbox 1695 886 1696 903; x_wconf 59' lang='lat'><strong>.</strong></span> 
     </span>
     <span class='ocr_line' id='line_1_6' title="bbox 320 930 1696 1032; baseline 0 -22"><span class='ocrx_word' id='word_1_45' title='bbox 320 950 462 1029; x_wconf 90' lang='lat' dir='ltr'><strong>quatuor</strong></span> <span class='ocrx_word' id='word_1_46' title='bbox 485 945 677 1011; x_wconf 84' lang='lat' dir='ltr'><strong>adversariis</strong></span> <span class='ocrx_word' id='word_1_47' title='bbox 700 946 875 1032; x_wconf 78' lang='lat' dir='ltr'><strong>pugnavit3</strong></span> <span class='ocrx_word' id='word_1_48' title='bbox 898 947 954 1012; x_wconf 90' lang='lat' dir='ltr'><strong>sed</strong></span> <span class='ocrx_word' id='word_1_49' title='bbox 978 967 1120 1030; x_wconf 86' lang='lat' dir='ltr'><strong>quonam</strong></span> <span class='ocrx_word' id='word_1_50' title='bbox 1142 946 1204 1011; x_wconf 90' lang='lat' dir='ltr'><strong>hoe</strong></span> <span class='ocrx_word' id='word_1_51' title='bbox 1227 951 1323 1032; x_wconf 88' lang='lat' dir='ltr'><strong>pacto</strong></span> <span class='ocrx_word' id='word_1_52' title='bbox 1342 946 1467 1012; x_wconf 88' lang='lat' dir='ltr'><strong>factum</strong></span> <span class='ocrx_word' id='word_1_53' title='bbox 1486 947 1532 1011; x_wconf 87' lang='lat' dir='ltr'><strong>sit</strong></span> <span class='ocrx_word' id='word_1_54' title='bbox 1552 952 1615 1012; x_wconf 86' lang='lat' dir='ltr'><strong>ant</strong></span> <span class='ocrx_word' id='word_1_55' title='bbox 1695 930 1696 935; x_wconf 8' lang='grc' dir='ltr'>ἵ</span> 
     </span>
     <span class='ocr_line' id='line_1_7' title="bbox 319 1052 1124 1139; baseline 0 -21"><span class='ocrx_word' id='word_1_56' title='bbox 319 1054 390 1118; x_wconf 91' lang='lat' dir='ltr'><strong>fieri</strong></span> <span class='ocrx_word' id='word_1_57' title='bbox 413 1053 566 1138; x_wconf 92' lang='lat' dir='ltr'><strong>potuerit,</strong></span> <span class='ocrx_word' id='word_1_58' title='bbox 589 1053 685 1118; x_wconf 89' lang='lat' dir='ltr'><strong>nobis</strong></span> <span class='ocrx_word' id='word_1_59' title='bbox 708 1053 774 1118; x_wconf 85' lang='lat' dir='ltr'><strong>iam</strong></span> <span class='ocrx_word' id='word_1_60' title='bbox 798 1053 1008 1138; x_wconf 84' lang='lat' dir='ltr'><strong>aperiendum</strong></span> <span class='ocrx_word' id='word_1_61' title='bbox 1031 1057 1090 1118; x_wconf 88' lang='lat' dir='ltr'><strong>est.</strong></span> <span class='ocrx_word' id='word_1_62' title='bbox 1098 1052 1124 1139; x_wconf 89' lang='lat'><strong>¹)</strong></span> 
     </span>
    </p>

    <p class='ocr_par' dir='ltr' id='par_1_3' title="bbox 319 1159 1696 2748">
     <span class='ocr_line' id='line_1_8' title="bbox 411 1159 1612 1248; baseline 0 -23"><span class='ocrx_word' id='word_1_63' title='bbox 411 1160 508 1226; x_wconf 91' lang='lat' dir='ltr'><strong>Omni</strong></span> <span class='ocrx_word' id='word_1_64' title='bbox 532 1159 593 1225; x_wconf 89' lang='lat' dir='ltr'><strong>hac</strong></span> <span class='ocrx_word' id='word_1_65' title='bbox 611 1160 646 1225; x_wconf 95' lang='lat' dir='ltr'><strong>in</strong></span> <span class='ocrx_word' id='word_1_66' title='bbox 666 1161 856 1245; x_wconf 78' lang='lat' dir='ltr'><strong>quaestione</strong></span> <span class='ocrx_word' id='word_1_67' title='bbox 879 1160 1056 1246; x_wconf 90' lang='lat' dir='ltr'><strong>plurimum</strong></span> <span class='ocrx_word' id='word_1_68' title='bbox 1076 1160 1186 1245; x_wconf 87' lang='lat' dir='ltr'><strong>refert,</strong></span> <span class='ocrx_word' id='word_1_69' title='bbox 1208 1161 1387 1246; x_wconf 86' lang='lat' dir='ltr'><strong>exiguusne</strong></span> <span class='ocrx_word' id='word_1_70' title='bbox 1406 1183 1448 1226; x_wconf 86' lang='lat' dir='ltr'><strong>an</strong></span> <span class='ocrx_word' id='word_1_71' title='bbox 1467 1183 1612 1248; x_wconf 79' lang='lat' dir='ltr'><strong>magnus</strong></span> 
     </span>
     <span class='ocr_line' id='line_1_9' title="bbox 320 1266 1613 1353; baseline -0.002 -21"><span class='ocrx_word' id='word_1_72' title='bbox 320 1267 517 1333; x_wconf 77' lang='lat' dir='ltr'><strong>certantium</strong></span> <span class='ocrx_word' id='word_1_73' title='bbox 539 1289 693 1332; x_wconf 88' lang='lat' dir='ltr'><strong>numerus</strong></span> <span class='ocrx_word' id='word_1_74' title='bbox 716 1267 829 1353; x_wconf 85' lang='lat' dir='ltr'><strong>fuerit,</strong></span> <span class='ocrx_word' id='word_1_75' title='bbox 853 1289 955 1353; x_wconf 90' lang='lat' dir='ltr'><strong>parne</strong></span> <span class='ocrx_word' id='word_1_76' title='bbox 977 1268 1077 1332; x_wconf 85' lang='lat' dir='ltr'><strong>fuerit</strong></span> <span class='ocrx_word' id='word_1_77' title='bbox 1101 1290 1143 1333; x_wconf 91' lang='lat' dir='ltr'><strong>an</strong></span> <span class='ocrx_word' id='word_1_78' title='bbox 1165 1267 1279 1352; x_wconf 89' lang='lat' dir='ltr'><strong>impar,</strong></span> <span class='ocrx_word' id='word_1_79' title='bbox 1302 1289 1409 1333; x_wconf 88' lang='lat' dir='ltr'><strong>unane</strong></span> <span class='ocrx_word' id='word_1_80' title='bbox 1433 1288 1476 1331; x_wconf 83' lang='lat' dir='ltr'><strong>an</strong></span> <span class='ocrx_word' id='word_1_81' title='bbox 1497 1266 1613 1350; x_wconf 84' lang='lat' dir='ltr'><strong>plures</strong></span> 
     </span>
     <span class='ocr_line' id='line_1_10' title="bbox 321 1372 1611 1451; baseline -0.003 -11"><span class='ocrx_word' id='word_1_82' title='bbox 321 1375 509 1440; x_wconf 81' lang='lat' dir='ltr'><strong>sortitiones</strong></span> <span class='ocrx_word' id='word_1_83' title='bbox 538 1374 644 1440; x_wconf 90' lang='lat' dir='ltr'><strong>factae</strong></span> <span class='ocrx_word' id='word_1_84' title='bbox 676 1374 749 1440; x_wconf 91' lang='lat' dir='ltr'><strong>sint.</strong></span> <span class='ocrx_word' id='word_1_85' title='bbox 800 1374 1076 1451; x_wconf 81' lang='lat' dir='ltr'><strong>Proficiscendnm</strong></span> <span class='ocrx_word' id='word_1_86' title='bbox 1108 1379 1219 1439; x_wconf 88' lang='lat' dir='ltr'><strong>autem</strong></span> <span class='ocrx_word' id='word_1_87' title='bbox 1249 1374 1346 1439; x_wconf 87' lang='lat' dir='ltr'><strong>nobis</strong></span> <span class='ocrx_word' id='word_1_88' title='bbox 1379 1378 1429 1438; x_wconf 88' lang='lat' dir='ltr'><strong>est</strong></span> <span class='ocrx_word' id='word_1_89' title='bbox 1462 1373 1503 1437; x_wconf 90' lang='lat' dir='ltr'><strong>de</strong></span> <span class='ocrx_word' id='word_1_90' title='bbox 1534 1372 1611 1437; x_wconf 88' lang='lat' dir='ltr'><strong>loeo</strong></span> 
     </span>
     <span class='ocr_line' id='line_1_11' title="bbox 321 1477 1612 1568; baseline -0.004 -20"><span class='ocrx_word' id='word_1_91' title='bbox 321 1483 456 1548; x_wconf 88' lang='lat' dir='ltr'><strong>classico</strong></span> <span class='ocrx_word' id='word_1_92' title='bbox 475 1481 612 1547; x_wconf 86' lang='lat' dir='ltr'><strong>Luciani</strong></span> <span class='ocrx_word' id='word_1_93' title='bbox 630 1479 776 1546; x_wconf 89' lang='lat' dir='ltr'><strong>Hermot.</strong></span> <span class='ocrx_word' id='word_1_94' title='bbox 792 1483 850 1546; x_wconf 86' lang='lat'><strong>40:</strong></span> <span class='ocrx_word' id='word_1_95' title='bbox 874 1480 1073 1568; x_wconf 73' lang='grc' dir='ltr'><em>ἐγγράφεται</em></span> <span class='ocrx_word' id='word_1_96' title='bbox 1093 1477 1130 1546; x_wconf 77' lang='lat' dir='ltr'><strong>dl</strong></span> <span class='ocrx_word' id='word_1_97' title='bbox 1149 1480 1182 1558; x_wconf 83' lang='grc' dir='ltr'><strong><em>ἐς</em></strong></span> <span class='ocrx_word' id='word_1_98' title='bbox 1205 1481 1267 1545; x_wconf 76' lang='lat' dir='ltr'><strong>ooo</strong></span> <span class='ocrx_word' id='word_1_99' title='bbox 1289 1478 1351 1565; x_wconf 74' lang='lat' dir='ltr'><strong>plu</strong></span> <span class='ocrx_word' id='word_1_100' title='bbox 1373 1478 1431 1565; x_wconf 89' lang='lat' dir='ltr'><strong>(sc.</strong></span> <span class='ocrx_word' id='word_1_101' title='bbox 1448 1480 1612 1564; x_wconf 78' lang='grc' dir='ltr'><strong>κλήρους)</strong></span> 
     </span>
     <span class='ocr_line' id='line_1_12' title="bbox 320 1586 1611 1676; baseline -0.003 -22"><span class='ocrx_word' id='word_1_102' title='bbox 320 1592 410 1674; x_wconf 78' lang='grc' dir='ltr'><strong><em>ἄλφα</em></strong></span> <span class='ocrx_word' id='word_1_103' title='bbox 434 1589 470 1654; x_wconf 83' lang='grc' dir='ltr'><strong>ἐν</strong></span> <span class='ocrx_word' id='word_1_104' title='bbox 493 1587 649 1676; x_wconf 81' lang='grc' dir='ltr'><strong><em>ἑκατέρω,</em></strong></span> <span class='ocrx_word' id='word_1_105' title='bbox 678 1588 711 1665; x_wconf 81' lang='grc' dir='ltr'><strong><em>ἐς</em></strong></span> <span class='ocrx_word' id='word_1_106' title='bbox 733 1589 796 1654; x_wconf 74' lang='grc' dir='ltr'><strong>δύο</strong></span> <span class='ocrx_word' id='word_1_107' title='bbox 820 1586 858 1654; x_wconf 74' lang='grc' dir='ltr'><strong>δὲ</strong></span> <span class='ocrx_word' id='word_1_108' title='bbox 880 1590 917 1654; x_wconf 88' lang='grc' dir='ltr'><strong><em>τὸ</em></strong></span> <span class='ocrx_word' id='word_1_109' title='bbox 940 1592 1039 1672; x_wconf 85' lang='grc' dir='ltr'><strong><em>βήτα,</em></strong></span> <span class='ocrx_word' id='word_1_110' title='bbox 1066 1587 1122 1653; x_wconf 79' lang='grc' dir='ltr'><strong>καὶ</strong></span> <span class='ocrx_word' id='word_1_111' title='bbox 1145 1587 1179 1666; x_wconf 79' lang='grc' dir='ltr'><strong><em>ἐς</em></strong></span> <span class='ocrx_word' id='word_1_112' title='bbox 1201 1589 1323 1665; x_wconf 85' lang='grc' dir='ltr'><strong><em>ἀλλους</em></strong></span> <span class='ocrx_word' id='word_1_113' title='bbox 1345 1589 1407 1652; x_wconf 74' lang='grc' dir='ltr'><strong>δύο</strong></span> <span class='ocrx_word' id='word_1_114' title='bbox 1430 1587 1469 1651; x_wconf 80' lang='lat' dir='ltr'><strong>rb</strong></span> <span class='ocrx_word' id='word_1_115' title='bbox 1495 1586 1611 1670; x_wconf 90' lang='grc' dir='ltr'><strong><em>γάμμα</em></strong></span> 
     </span>
     <span class='ocr_line' id='line_1_13' title="bbox 321 1689 1611 1781; baseline -0.005 -19"><span class='ocrx_word' id='word_1_116' title='bbox 321 1695 376 1762; x_wconf 80' lang='grc' dir='ltr'><strong>καὶ</strong></span> <span class='ocrx_word' id='word_1_117' title='bbox 395 1696 468 1781; x_wconf 80' lang='grc' dir='ltr'><strong><em>ἑξῆς</em></strong></span> <span class='ocrx_word' id='word_1_118' title='bbox 490 1697 572 1762; x_wconf 84' lang='grc' dir='ltr'><strong><em>κατά</em></strong></span> <span class='ocrx_word' id='word_1_119' title='bbox 591 1697 630 1760; x_wconf 84' lang='grc' dir='ltr'><strong><em>τά</em></strong></span> <span class='ocrx_word' id='word_1_120' title='bbox 649 1695 744 1778; x_wconf 88' lang='grc' dir='ltr'><strong><em>αὐτά,</em></strong></span> <span class='ocrx_word' id='word_1_121' title='bbox 767 1694 810 1778; x_wconf 84' lang='grc' dir='ltr'><strong>ήν</strong></span> <span class='ocrx_word' id='word_1_122' title='bbox 831 1700 967 1771; x_wconf 86' lang='grc' dir='ltr'><strong><em>πλείους</em></strong></span> <span class='ocrx_word' id='word_1_123' title='bbox 989 1697 1024 1760; x_wconf 83' lang='lat' dir='ltr'><strong>ct</strong></span> <span class='ocrx_word' id='word_1_124' title='bbox 1044 1693 1189 1778; x_wconf 80' lang='grc' dir='ltr'><strong><em>ἀθληταὶ</em></strong></span> <span class='ocrx_word' id='word_1_125' title='bbox 1212 1689 1305 1778; x_wconf 82' lang='grc' dir='ltr'><strong><em>ὦσιν,</em></strong></span> <span class='ocrx_word' id='word_1_126' title='bbox 1329 1695 1391 1759; x_wconf 76' lang='grc' dir='ltr'><strong>δύο</strong></span> <span class='ocrx_word' id='word_1_127' title='bbox 1414 1691 1466 1757; x_wconf 78' lang='grc' dir='ltr'><strong>ἀεὶ</strong></span> <span class='ocrx_word' id='word_1_128' title='bbox 1490 1699 1611 1778; x_wconf 80' lang='grc' dir='ltr'><strong><em>κλῆροι</em></strong></span> 
     </span>
     <span class='ocr_line' id='line_1_14' title="bbox 320 1796 1696 1890; baseline -0.004 -22"><span class='ocrx_word' id='word_1_129' title='bbox 320 1805 357 1868; x_wconf 93' lang='grc' dir='ltr'><strong><em>τὸ</em></strong></span> <span class='ocrx_word' id='word_1_130' title='bbox 377 1805 458 1870; x_wconf 85' lang='grc' dir='ltr'><strong><em>αὐτὸ</em></strong></span> <span class='ocrx_word' id='word_1_131' title='bbox 478 1804 611 1890; x_wconf 87' lang='grc' dir='ltr'><strong><em>γράμμα</em></strong></span> <span class='ocrx_word' id='word_1_132' title='bbox 629 1805 767 1887; x_wconf 78' lang='grc' dir='ltr'><strong><em>ἔχοντες.</em></strong></span> <span class='ocrx_word' id='word_1_133' title='bbox 802 1803 1001 1889; x_wconf 84' lang='grc' dir='ltr'><strong><em>προσελθὼν</em></strong></span> <span class='ocrx_word' id='word_1_134' title='bbox 1019 1803 1061 1886; x_wconf 75' lang='grc' dir='ltr'><strong>δή</strong></span> <span class='ocrx_word' id='word_1_135' title='bbox 1084 1813 1152 1866; x_wconf 85' lang='grc' dir='ltr'><strong><em>τῶν</em></strong></span> <span class='ocrx_word' id='word_1_136' title='bbox 1175 1801 1333 1885; x_wconf 78' lang='grc' dir='ltr'><strong><em>ἀθλητῶν</em></strong></span> <span class='ocrx_word' id='word_1_137' title='bbox 1355 1800 1492 1876; x_wconf 80' lang='grc' dir='ltr'><strong><em>ἕκαστος</em></strong></span> <span class='ocrx_word' id='word_1_138' title='bbox 1509 1817 1614 1884; x_wconf 86' lang='grc' dir='ltr'><strong><em>προσ·</em></strong></span> <span class='ocrx_word' id='word_1_139' title='bbox 1695 1796 1696 1799; x_wconf 50' lang='lat'>&#39;</span> 
     </span>
     <span class='ocr_line' id='line_1_15' title="bbox 321 1907 1612 2000; baseline -0.004 -25"><span class='ocrx_word' id='word_1_140' title='bbox 321 1909 497 1996; x_wconf 75' lang='grc' dir='ltr'><strong><em>ταξάμενος</em></strong></span> <span class='ocrx_word' id='word_1_141' title='bbox 529 1921 573 2000; x_wconf 76' lang='grc' dir='ltr'><strong><em>τῷ</em></strong></span> <span class='ocrx_word' id='word_1_142' title='bbox 604 1912 667 1975; x_wconf 85' lang='grc' dir='ltr'><strong>Διῒ</strong></span> <span class='ocrx_word' id='word_1_143' title='bbox 693 1907 810 1986; x_wconf 76' lang='grc' dir='ltr'><strong><em>καθεὶς</em></strong></span> <span class='ocrx_word' id='word_1_144' title='bbox 843 1911 905 1993; x_wconf 81' lang='grc' dir='ltr'><strong><em>τήν</em></strong></span> <span class='ocrx_word' id='word_1_145' title='bbox 936 1922 1029 1996; x_wconf 81' lang='grc' dir='ltr'><strong><em>χεῖρα</em></strong></span> <span class='ocrx_word' id='word_1_146' title='bbox 1063 1908 1098 1986; x_wconf 81' lang='grc' dir='ltr'><strong><em>ἐς</em></strong></span> <span class='ocrx_word' id='word_1_147' title='bbox 1128 1910 1190 1992; x_wconf 86' lang='grc' dir='ltr'><strong><em>τήν</em></strong></span> <span class='ocrx_word' id='word_1_148' title='bbox 1221 1909 1343 1974; x_wconf 88' lang='grc' dir='ltr'><strong><em>κάλπιν</em></strong></span> <span class='ocrx_word' id='word_1_149' title='bbox 1374 1907 1508 1994; x_wconf 78' lang='grc' dir='ltr'><strong><em>ἀνασπᾷ</em></strong></span> <span class='ocrx_word' id='word_1_150' title='bbox 1541 1918 1612 1970; x_wconf 84' lang='grc' dir='ltr'><strong><em>τῶν</em></strong></span> 
     </span>
     <span class='ocr_line' id='line_1_16' title="bbox 320 2012 1611 2104; baseline -0.002 -22"><span class='ocrx_word' id='word_1_151' title='bbox 320 2021 453 2104; x_wconf 90' lang='grc' dir='ltr'><strong><em>κλήρων</em></strong></span> <span class='ocrx_word' id='word_1_152' title='bbox 481 2017 539 2083; x_wconf 80' lang='grc' dir='ltr'><strong>ἕνα</strong></span> <span class='ocrx_word' id='word_1_153' title='bbox 566 2015 621 2083; x_wconf 81' lang='grc' dir='ltr'><strong>καὶ</strong></span> <span class='ocrx_word' id='word_1_154' title='bbox 648 2016 719 2102; x_wconf 81' lang='grc' dir='ltr'><strong><em>μετ’</em></strong></span> <span class='ocrx_word' id='word_1_155' title='bbox 744 2017 872 2082; x_wconf 78' lang='grc' dir='ltr'><strong><em>ἐκεῖνον</em></strong></span> <span class='ocrx_word' id='word_1_156' title='bbox 899 2015 1010 2102; x_wconf 81' lang='grc' dir='ltr'><strong><em>ἕτερος</em></strong></span> <span class='ocrx_word' id='word_1_157' title='bbox 1140 2016 1200 2081; x_wconf 89' lang='grc' dir='ltr'><strong><em>τὸν</em></strong></span> <span class='ocrx_word' id='word_1_158' title='bbox 1226 2012 1287 2099; x_wconf 70' lang='grc' dir='ltr'><strong>μὲν</strong></span> <span class='ocrx_word' id='word_1_159' title='bbox 1310 2018 1348 2081; x_wconf 87' lang='grc' dir='ltr'><strong><em>τὸ</em></strong></span> <span class='ocrx_word' id='word_1_160' title='bbox 1372 2017 1463 2100; x_wconf 69' lang='lat' dir='ltr'><strong>erpa</strong></span> <span class='ocrx_word' id='word_1_161' title='bbox 1489 2017 1611 2099; x_wconf 78' lang='grc' dir='ltr'><strong><em>ἔχοντα</em></strong></span> 
     </span>
     <span class='ocr_line' id='line_1_17' title="bbox 320 2120 1610 2213; baseline -0.004 -23"><span class='ocrx_word' id='word_1_162' title='bbox 320 2135 365 2213; x_wconf 73' lang='grc' dir='ltr'><strong><em>τῷ</em></strong></span> <span class='ocrx_word' id='word_1_163' title='bbox 389 2126 428 2190; x_wconf 90' lang='grc' dir='ltr'><strong><em>τὸ</em></strong></span> <span class='ocrx_word' id='word_1_164' title='bbox 455 2124 569 2212; x_wconf 79' lang='grc' dir='ltr'><strong><em>ἕτερον</em></strong></span> <span class='ocrx_word' id='word_1_165' title='bbox 597 2127 688 2210; x_wconf 83' lang='grc' dir='ltr'><strong><em>άλφα</em></strong></span> <span class='ocrx_word' id='word_1_166' title='bbox 712 2123 867 2190; x_wconf 80' lang='grc' dir='ltr'><strong><em>ἐσπακότι</em></strong></span> <span class='ocrx_word' id='word_1_167' title='bbox 891 2127 1045 2190; x_wconf 76' lang='grc' dir='ltr'><strong><em>παλαίειν</em></strong></span> <span class='ocrx_word' id='word_1_168' title='bbox 1069 2122 1088 2206; x_wconf 81' lang='grc' dir='ltr'>ἢ</span> <span class='ocrx_word' id='word_1_169' title='bbox 1111 2123 1365 2209; x_wconf 77' lang='grc' dir='ltr'><strong><em>παγκρατιάζειν</em></strong></span> <span class='ocrx_word' id='word_1_170' title='bbox 1388 2122 1551 2186; x_wconf 76' lang='grc' dir='ltr'><strong><em>συνάπτει</em></strong></span> <span class='ocrx_word' id='word_1_171' title='bbox 1574 2120 1610 2207; x_wconf 85' lang='grc' dir='ltr'><strong>(ὁ</strong></span> 
     </span>
     <span class='ocr_line' id='line_1_18' title="bbox 320 2226 1612 2321; baseline -0.004 -24"><span class='ocrx_word' id='word_1_172' title='bbox 320 2231 535 2321; x_wconf 79' lang='grc' dir='ltr'><strong><em>ἀλυτάρχης),</em></strong></span> <span class='ocrx_word' id='word_1_173' title='bbox 563 2234 622 2298; x_wconf 88' lang='grc' dir='ltr'><strong><em>τὸν</em></strong></span> <span class='ocrx_word' id='word_1_174' title='bbox 649 2229 686 2296; x_wconf 74' lang='lat' dir='ltr'><strong>dt</strong></span> <span class='ocrx_word' id='word_1_175' title='bbox 714 2235 751 2297; x_wconf 93' lang='grc' dir='ltr'><strong><em>τὸ</em></strong></span> <span class='ocrx_word' id='word_1_176' title='bbox 779 2235 863 2316; x_wconf 85' lang='grc' dir='ltr'><strong><em>βῆτα</em></strong></span> <span class='ocrx_word' id='word_1_177' title='bbox 890 2241 936 2319; x_wconf 76' lang='grc' dir='ltr'><strong><em>τῷ</em></strong></span> <span class='ocrx_word' id='word_1_178' title='bbox 964 2232 1002 2296; x_wconf 89' lang='grc' dir='ltr'><strong><em>τὸ</em></strong></span> <span class='ocrx_word' id='word_1_179' title='bbox 1029 2234 1128 2315; x_wconf 80' lang='grc' dir='ltr'><strong><em>βῆτα,</em></strong></span> <span class='ocrx_word' id='word_1_180' title='bbox 1155 2229 1278 2314; x_wconf 86' lang='grc' dir='ltr'><strong><em>ὁμοίως</em></strong></span> <span class='ocrx_word' id='word_1_181' title='bbox 1304 2226 1360 2293; x_wconf 80' lang='grc' dir='ltr'><strong>καὶ</strong></span> <span class='ocrx_word' id='word_1_182' title='bbox 1383 2231 1462 2305; x_wconf 88' lang='grc' dir='ltr'><strong><em>τοὺς</em></strong></span> <span class='ocrx_word' id='word_1_183' title='bbox 1484 2230 1612 2304; x_wconf 87' lang='grc' dir='ltr'><strong><em>ἀλλους</em></strong></span> 
     </span>
     <span class='ocr_line' id='line_1_19' title="bbox 320 2332 1613 2428; baseline -0.004 -23"><span class='ocrx_word' id='word_1_184' title='bbox 320 2342 399 2416; x_wconf 85' lang='grc' dir='ltr'><strong><em>τοὺς</em></strong></span> <span class='ocrx_word' id='word_1_185' title='bbox 425 2339 660 2428; x_wconf 74' lang='grc' dir='ltr'><strong><em>ὁμογράμμους</em></strong></span> <span class='ocrx_word' id='word_1_186' title='bbox 686 2340 769 2404; x_wconf 85' lang='grc' dir='ltr'><strong><em>κατὰ</em></strong></span> <span class='ocrx_word' id='word_1_187' title='bbox 796 2339 913 2404; x_wconf 87' lang='grc' dir='ltr'><strong><em>ταύτά·</em></strong></span> <span class='ocrx_word' id='word_1_188' title='bbox 946 2338 1033 2404; x_wconf 77' lang='grc' dir='ltr'><strong><em>οὕτω</em></strong></span> <span class='ocrx_word' id='word_1_189' title='bbox 1061 2334 1122 2423; x_wconf 67' lang='grc' dir='ltr'><strong>μὲν</strong></span> <span class='ocrx_word' id='word_1_190' title='bbox 1148 2336 1228 2421; x_wconf 88' lang='grc' dir='ltr'><strong><em>γάρ,</em></strong></span> <span class='ocrx_word' id='word_1_191' title='bbox 1260 2334 1302 2419; x_wconf 77' lang='grc' dir='ltr'><strong>ἣν</strong></span> <span class='ocrx_word' id='word_1_192' title='bbox 1329 2337 1437 2420; x_wconf 87' lang='grc' dir='ltr'><strong><em>ἀρτιοι</em></strong></span> <span class='ocrx_word' id='word_1_193' title='bbox 1465 2332 1552 2401; x_wconf 82' lang='grc' dir='ltr'><strong><em>ὦσιν</em></strong></span> <span class='ocrx_word' id='word_1_194' title='bbox 1575 2339 1613 2400; x_wconf 79' lang='lat' dir='ltr'><strong>ot</strong></span> 
     </span>
     <span class='ocr_line' id='line_1_20' title="bbox 319 2437 1611 2531; baseline -0.004 -19"><span class='ocrx_word' id='word_1_195' title='bbox 319 2447 516 2531; x_wconf 86' lang='grc' dir='ltr'><strong><em>ἀγωνισταί,</em></strong></span> <span class='ocrx_word' id='word_1_196' title='bbox 544 2439 617 2512; x_wconf 90' lang='grc' dir='ltr'><strong><em>οἷον</em></strong></span> <span class='ocrx_word' id='word_1_197' title='bbox 644 2447 729 2513; x_wconf 84' lang='grc' dir='ltr'><strong><em>ὀκτὼ</em></strong></span> <span class='ocrx_word' id='word_1_198' title='bbox 759 2437 779 2530; x_wconf 77' lang='grc' dir='ltr'>ἢ</span> <span class='ocrx_word' id='word_1_199' title='bbox 802 2445 953 2531; x_wconf 84' lang='grc' dir='ltr'><strong><em>τέτταρες</em></strong></span> <span class='ocrx_word' id='word_1_200' title='bbox 975 2444 995 2529; x_wconf 86' lang='grc' dir='ltr'><strong><em>ή</em></strong></span> <span class='ocrx_word' id='word_1_201' title='bbox 1019 2445 1160 2510; x_wconf 77' lang='grc' dir='ltr'><strong><em>δώδεκα·</em></strong></span> <span class='ocrx_word' id='word_1_202' title='bbox 1193 2443 1236 2526; x_wconf 81' lang='grc' dir='ltr'><strong>ἢν</strong></span> <span class='ocrx_word' id='word_1_203' title='bbox 1259 2441 1295 2508; x_wconf 78' lang='grc' dir='ltr'><strong>δὲ</strong></span> <span class='ocrx_word' id='word_1_204' title='bbox 1318 2447 1478 2531; x_wconf 83' lang='grc' dir='ltr'><strong><em>περιττοί,</em></strong></span> <span class='ocrx_word' id='word_1_205' title='bbox 1509 2442 1611 2508; x_wconf 83' lang='grc' dir='ltr'><strong><em>πέντε</em></strong></span> 
     </span>
     <span class='ocr_line' id='line_1_21' title="bbox 321 2548 1610 2642; baseline -0.003 -23"><span class='ocrx_word' id='word_1_206' title='bbox 321 2551 402 2620; x_wconf 79' lang='grc' dir='ltr'><strong><em>ἑπτὰ</em></strong></span> <span class='ocrx_word' id='word_1_207' title='bbox 428 2554 538 2638; x_wconf 79' lang='grc' dir='ltr'><strong><em>ἐννέα,</em></strong></span> <span class='ocrx_word' id='word_1_208' title='bbox 571 2555 704 2642; x_wconf 91' lang='grc' dir='ltr'><strong><em>γράμμα</em></strong></span> <span class='ocrx_word' id='word_1_209' title='bbox 731 2577 764 2618; x_wconf 88' lang='grc' dir='ltr'><strong><em>τι</em></strong></span> <span class='ocrx_word' id='word_1_210' title='bbox 791 2553 946 2639; x_wconf 89' lang='grc' dir='ltr'><strong><em>περιττὸν</em></strong></span> <span class='ocrx_word' id='word_1_211' title='bbox 969 2550 1019 2617; x_wconf 78' lang='grc' dir='ltr'><strong>ἑνὶ</strong></span> <span class='ocrx_word' id='word_1_212' title='bbox 1045 2553 1156 2639; x_wconf 77' lang='grc' dir='ltr'><strong><em>κλήρῳ</em></strong></span> <span class='ocrx_word' id='word_1_213' title='bbox 1185 2548 1610 2636; x_wconf 71' lang='grc' dir='ltr'><strong><em>ἑγγραφὲνσυμβάλλεται</em></strong></span> 
     </span>
     <span class='ocr_line' id='line_1_22' title="bbox 320 2656 1611 2748; baseline -0.002 -22"><span class='ocrx_word' id='word_1_214' title='bbox 320 2661 448 2746; x_wconf 80' lang='grc' dir='ltr'><strong><em>αὐτοῖς,</em></strong></span> <span class='ocrx_word' id='word_1_215' title='bbox 477 2662 684 2748; x_wconf 85' lang='grc' dir='ltr'><strong><em>ἀντίγραφον</em></strong></span> <span class='ocrx_word' id='word_1_216' title='bbox 707 2663 787 2726; x_wconf 85' lang='grc' dir='ltr'><strong><em>ἀλλο</em></strong></span> <span class='ocrx_word' id='word_1_217' title='bbox 812 2661 874 2726; x_wconf 84' lang='grc' dir='ltr'><strong>οὐκ</strong></span> <span class='ocrx_word' id='word_1_218' title='bbox 896 2663 984 2745; x_wconf 80' lang='grc' dir='ltr'><strong><em>ἔχον·</em></strong></span> <span class='ocrx_word' id='word_1_219' title='bbox 1008 2658 1046 2736; x_wconf 78' lang='grc' dir='ltr'><strong><em>ὃς</em></strong></span> <span class='ocrx_word' id='word_1_220' title='bbox 1067 2657 1100 2723; x_wconf 83' lang='lat' dir='ltr'><strong>d&#39;</strong></span> <span class='ocrx_word' id='word_1_221' title='bbox 1125 2658 1168 2723; x_wconf 86' lang='grc' dir='ltr'><strong>ἀν</strong></span> <span class='ocrx_word' id='word_1_222' title='bbox 1191 2667 1290 2723; x_wconf 87' lang='grc' dir='ltr'><strong><em>τοῦτο</em></strong></span> <span class='ocrx_word' id='word_1_223' title='bbox 1313 2657 1503 2744; x_wconf 81' lang='grc' dir='ltr'><strong><em>ἀνασπάσῃ,</em></strong></span> <span class='ocrx_word' id='word_1_224' title='bbox 1533 2656 1611 2743; x_wconf 83' lang='grc' dir='ltr'><strong><em>ἐφε-</em></strong></span> 
     </span>
    </p>
   </div>
   <div class='ocr_carea' id='block_1_3' title="bbox 248 2871 1610 4461">
    <p class='ocr_par' dir='ltr' id='par_1_4' title="bbox 248 2871 1610 4461">
     <span class='ocr_line' id='line_1_23' title="bbox 321 2871 1610 2961; baseline -0.002 -21"><span class='ocrx_word' id='word_1_225' title='bbox 321 2875 542 2961; x_wconf 86' lang='grc' dir='ltr'><strong><em>ἀντίγραμμα·</em></strong></span> <span class='ocrx_word' id='word_1_226' title='bbox 566 2878 624 2940; x_wconf 90' lang='grc' dir='ltr'><strong>καί</strong></span> <span class='ocrx_word' id='word_1_227' title='bbox 645 2875 713 2940; x_wconf 84' lang='grc' dir='ltr'><strong><em>ἐστι</em></strong></span> <span class='ocrx_word' id='word_1_228' title='bbox 736 2883 834 2940; x_wconf 84' lang='grc' dir='ltr'><strong><em>τοῦτο</em></strong></span> <span class='ocrx_word' id='word_1_229' title='bbox 859 2876 899 2940; x_wconf 88' lang='grc' dir='ltr'><strong>οὐ</strong></span> <span class='ocrx_word' id='word_1_230' title='bbox 923 2875 1023 2959; x_wconf 85' lang='grc' dir='ltr'><strong><em>μικρά</em></strong></span> <span class='ocrx_word' id='word_1_231' title='bbox 1047 2872 1182 2958; x_wconf 83' lang='grc' dir='ltr'><strong><em>εὐτυχία</em></strong></span> <span class='ocrx_word' id='word_1_232' title='bbox 1204 2881 1265 2937; x_wconf 88' lang='grc' dir='ltr'><strong><em>τοῦ</em></strong></span> <span class='ocrx_word' id='word_1_233' title='bbox 1287 2871 1446 2955; x_wconf 88' lang='grc' dir='ltr'><strong><em>ἀθλητοῦ,</em></strong></span> <span class='ocrx_word' id='word_1_234' title='bbox 1469 2873 1509 2938; x_wconf 90' lang='grc' dir='ltr'><strong><em>τὸ</em></strong></span> <span class='ocrx_word' id='word_1_235' title='bbox 1529 2872 1610 2958; x_wconf 83' lang='grc' dir='ltr'><strong><em>με’λ-</em></strong></span> 
     </span>
     <span class='ocr_line' id='line_1_24' title="bbox 321 2979 1609 3067; baseline -0.001 -21"><span class='ocrx_word' id='word_1_236' title='bbox 321 2986 391 3047; x_wconf 92' lang='grc' dir='ltr'><strong><em>λειν</em></strong></span> <span class='ocrx_word' id='word_1_237' title='bbox 414 2981 542 3067; x_wconf 83' lang='grc' dir='ltr'><strong><em>ἀκμῆτα</em></strong></span> <span class='ocrx_word' id='word_1_238' title='bbox 569 2995 638 3060; x_wconf 81' lang='grc' dir='ltr'><strong><em>τοῖς</em></strong></span> <span class='ocrx_word' id='word_1_239' title='bbox 664 2985 841 3067; x_wconf 86' lang='grc' dir='ltr'><strong><em>κεκμηκόσι</em></strong></span> <span class='ocrx_word' id='word_1_240' title='bbox 872 2988 1128 3067; x_wconf 71' lang='grc' dir='ltr'><strong><em>σνμπεσελσθαις</em></strong></span> <span class='ocrx_word' id='word_1_241' title='bbox 1159 3003 1222 3065; x_wconf 91' lang='lat' dir='ltr'><strong>quo</strong></span> <span class='ocrx_word' id='word_1_242' title='bbox 1251 3001 1325 3045; x_wconf 88' lang='lat' dir='ltr'><strong>cum</strong></span> <span class='ocrx_word' id='word_1_243' title='bbox 1352 2985 1437 3045; x_wconf 88' lang='lat' dir='ltr'><strong>teste</strong></span> <span class='ocrx_word' id='word_1_244' title='bbox 1463 2979 1609 3065; x_wconf 88' lang='lat' dir='ltr'><strong>locuple·</strong></span> 
     </span>
     <span class='ocr_line' id='line_1_25' title="bbox 320 3087 1608 3175; baseline 0 -23"><span class='ocrx_word' id='word_1_245' title='bbox 320 3088 449 3154; x_wconf 89' lang='lat' dir='ltr'><strong>tissimo</strong></span> <span class='ocrx_word' id='word_1_246' title='bbox 469 3110 661 3174; x_wconf 88' lang='lat' dir='ltr'><strong>componere</strong></span> <span class='ocrx_word' id='word_1_247' title='bbox 684 3089 776 3154; x_wconf 88' lang='lat' dir='ltr'><strong>iuvat</strong></span> <span class='ocrx_word' id='word_1_248' title='bbox 794 3088 915 3154; x_wconf 86' lang='lat' dir='ltr'><strong>Iuliani</strong></span> <span class='ocrx_word' id='word_1_249' title='bbox 932 3088 1014 3175; x_wconf 92' lang='lat' dir='ltr'><strong>Imp.</strong></span> <span class='ocrx_word' id='word_1_250' title='bbox 1034 3088 1158 3154; x_wconf 83' lang='lat' dir='ltr'><strong>conviv.</strong></span> <span class='ocrx_word' id='word_1_251' title='bbox 1180 3111 1211 3173; x_wconf 90' lang='lat' dir='ltr'><strong>p.</strong></span> <span class='ocrx_word' id='word_1_252' title='bbox 1226 3089 1290 3153; x_wconf 80' lang='lat'><strong>317</strong></span> <span class='ocrx_word' id='word_1_253' title='bbox 1313 3087 1380 3172; x_wconf 84' lang='lat' dir='ltr'><strong>Sp:</strong></span> <span class='ocrx_word' id='word_1_254' title='bbox 1402 3088 1484 3172; x_wconf 81' lang='grc' dir='ltr'><strong><em>μετὰ</em></strong></span> <span class='ocrx_word' id='word_1_255' title='bbox 1507 3096 1608 3152; x_wconf 83' lang='grc' dir='ltr'><strong><em>τοῦτο</em></strong></span> 
     </span>
     <span class='ocr_line' id='line_1_26' title="bbox 321 3193 1610 3284; baseline -0.001 -24"><span class='ocrx_word' id='word_1_256' title='bbox 321 3195 338 3260; x_wconf 89' lang='grc' dir='ltr'>ὁ</span> <span class='ocrx_word' id='word_1_257' title='bbox 356 3198 439 3272; x_wconf 85' lang='grc' dir='ltr'><strong><em>Ζεὺς</em></strong></span> <span class='ocrx_word' id='word_1_258' title='bbox 457 3197 554 3283; x_wconf 85' lang='grc' dir='ltr'><strong><em>ήρετο</em></strong></span> <span class='ocrx_word' id='word_1_259' title='bbox 573 3200 652 3274; x_wconf 86' lang='grc' dir='ltr'><strong><em>τοὺς</em></strong></span> <span class='ocrx_word' id='word_1_260' title='bbox 669 3198 783 3280; x_wconf 84' lang='grc' dir='ltr'><strong><em>θεούς,</em></strong></span> <span class='ocrx_word' id='word_1_261' title='bbox 806 3200 949 3284; x_wconf 87' lang='grc' dir='ltr'><strong><em>πότερον</em></strong></span> <span class='ocrx_word' id='word_1_262' title='bbox 970 3198 1032 3282; x_wconf 81' lang='grc' dir='ltr'><strong>χρὴ</strong></span> <span class='ocrx_word' id='word_1_263' title='bbox 1056 3195 1182 3271; x_wconf 80' lang='grc' dir='ltr'><strong><em>πάντας</em></strong></span> <span class='ocrx_word' id='word_1_264' title='bbox 1205 3193 1258 3260; x_wconf 79' lang='grc' dir='ltr'><strong><em>ἐπὶ</em></strong></span> <span class='ocrx_word' id='word_1_265' title='bbox 1280 3195 1339 3260; x_wconf 87' lang='grc' dir='ltr'><strong><em>τὸν</em></strong></span> <span class='ocrx_word' id='word_1_266' title='bbox 1360 3194 1475 3276; x_wconf 81' lang='grc' dir='ltr'><strong><em>ἀγῶνα</em></strong></span> <span class='ocrx_word' id='word_1_267' title='bbox 1491 3199 1610 3259; x_wconf 82' lang='grc' dir='ltr'><strong><em>καλεῖν</em></strong></span> 
     </span>
     <span class='ocr_line' id='line_1_27' title="bbox 321 3300 1609 3391; baseline -0.001 -24"><span class='ocrx_word' id='word_1_268' title='bbox 321 3301 341 3385; x_wconf 70' lang='lat' dir='ltr'><strong>il</strong></span> <span class='ocrx_word' id='word_1_269' title='bbox 367 3303 519 3391; x_wconf 85' lang='grc' dir='ltr'><strong><em>καθάπερ</em></strong></span> <span class='ocrx_word' id='word_1_270' title='bbox 548 3303 585 3369; x_wconf 78' lang='grc' dir='ltr'><strong>ἐν</strong></span> <span class='ocrx_word' id='word_1_271' title='bbox 612 3317 682 3382; x_wconf 80' lang='grc' dir='ltr'><strong><em>τοῖς</em></strong></span> <span class='ocrx_word' id='word_1_272' title='bbox 710 3316 884 3389; x_wconf 80' lang='grc' dir='ltr'><strong><em>γυμνικοῖς</em></strong></span> <span class='ocrx_word' id='word_1_273' title='bbox 911 3303 1015 3386; x_wconf 87' lang='grc' dir='ltr'><strong><em>ἀγῶσι</em></strong></span> <span class='ocrx_word' id='word_1_274' title='bbox 1043 3306 1184 3386; x_wconf 89' lang='grc' dir='ltr'><strong><em>γίνεται,</em></strong></span> <span class='ocrx_word' id='word_1_275' title='bbox 1216 3301 1234 3366; x_wconf 88' lang='grc' dir='ltr'>ὁ</span> <span class='ocrx_word' id='word_1_276' title='bbox 1258 3309 1319 3366; x_wconf 88' lang='grc' dir='ltr'><strong><em>τοῦ</em></strong></span> <span class='ocrx_word' id='word_1_277' title='bbox 1345 3303 1470 3378; x_wconf 85' lang='grc' dir='ltr'><strong><em>πολλάς</em></strong></span> <span class='ocrx_word' id='word_1_278' title='bbox 1491 3300 1609 3366; x_wconf 89' lang='grc' dir='ltr'><strong><em>ἀνελο-</em></strong></span> 
     </span>
     <span class='ocr_line' id='line_1_28' title="bbox 319 3404 1607 3498; baseline -0.002 -24"><span class='ocrx_word' id='word_1_279' title='bbox 319 3407 423 3493; x_wconf 81' lang='grc' dir='ltr'><strong><em>μένου</em></strong></span> <span class='ocrx_word' id='word_1_280' title='bbox 441 3414 536 3488; x_wconf 91' lang='grc' dir='ltr'><strong><em>νίκας</em></strong></span> <span class='ocrx_word' id='word_1_281' title='bbox 554 3415 728 3498; x_wconf 80' lang='grc' dir='ltr'><strong><em>κρατήσας,</em></strong></span> <span class='ocrx_word' id='word_1_282' title='bbox 752 3410 825 3487; x_wconf 80' lang='grc' dir='ltr'><strong><em>ἑνὸς</em></strong></span> <span class='ocrx_word' id='word_1_283' title='bbox 842 3414 1095 3497; x_wconf 83' lang='grc' dir='ltr'><strong><em>περιγενόμενος</em></strong></span> <span class='ocrx_word' id='word_1_284' title='bbox 1114 3404 1214 3474; x_wconf 74' lang='grc' dir='ltr'><strong><em>οὐδὲν</em></strong></span> <span class='ocrx_word' id='word_1_285' title='bbox 1232 3411 1369 3472; x_wconf 84' lang='grc' dir='ltr'><strong><em>ἔλαττον</em></strong></span> <span class='ocrx_word' id='word_1_286' title='bbox 1387 3408 1480 3472; x_wconf 76' lang='grc' dir='ltr'><strong><em>δοκεῖ</em></strong></span> <span class='ocrx_word' id='word_1_287' title='bbox 1498 3407 1607 3473; x_wconf 77' lang='grc' dir='ltr'><strong><em>κάκεί-</em></strong></span> 
     </span>
     <span class='ocr_line' id='line_1_29' title="bbox 321 3512 1607 3604; baseline 0.001 -24"><span class='ocrx_word' id='word_1_288' title='bbox 321 3539 391 3580; x_wconf 85' lang='grc' dir='ltr'><strong>νων</strong></span> <span class='ocrx_word' id='word_1_289' title='bbox 418 3516 590 3600; x_wconf 82' lang='grc' dir='ltr'><strong><em>γεγονέναι</em></strong></span> <span class='ocrx_word' id='word_1_290' title='bbox 617 3523 790 3604; x_wconf 83' lang='grc' dir='ltr'><strong><em>κρείσσων,</em></strong></span> <span class='ocrx_word' id='word_1_291' title='bbox 818 3521 853 3582; x_wconf 82' lang='grc' dir='ltr'><strong>οἳ</strong></span> <span class='ocrx_word' id='word_1_292' title='bbox 872 3518 1142 3599; x_wconf 86' lang='grc' dir='ltr'><strong><em>προσεπάλαισαν</em></strong></span> <span class='ocrx_word' id='word_1_293' title='bbox 1165 3512 1226 3600; x_wconf 71' lang='grc' dir='ltr'><strong>μὲν</strong></span> <span class='ocrx_word' id='word_1_294' title='bbox 1245 3514 1398 3599; x_wconf 76' lang='grc' dir='ltr'><strong><em>οὐδαμῶς</em></strong></span> <span class='ocrx_word' id='word_1_295' title='bbox 1419 3515 1521 3603; x_wconf 72' lang='grc' dir='ltr'><strong><em>αὐτῷ,</em></strong></span> <span class='ocrx_word' id='word_1_296' title='bbox 1544 3525 1607 3581; x_wconf 88' lang='grc' dir='ltr'><strong><em>τοῦ</em></strong></span> 
     </span>
     <span class='ocr_line' id='line_1_30' title="bbox 321 3621 1608 3711; baseline 0 -24"><span class='ocrx_word' id='word_1_297' title='bbox 321 3623 545 3709; x_wconf 76' lang='grc' dir='ltr'><strong><em>κρατηθέντος</em></strong></span> <span class='ocrx_word' id='word_1_298' title='bbox 573 3622 609 3690; x_wconf 73' lang='lat' dir='ltr'><strong>dl</strong></span> <span class='ocrx_word' id='word_1_299' title='bbox 639 3627 759 3709; x_wconf 80' lang='grc' dir='ltr'><strong><em>ἥττους</em></strong></span> <span class='ocrx_word' id='word_1_300' title='bbox 789 3625 951 3707; x_wconf 81' lang='grc' dir='ltr'><strong><em>ἐγένοντο.</em></strong></span> <span class='ocrx_word' id='word_1_301' title='bbox 1003 3624 1039 3690; x_wconf 88' lang='lat' dir='ltr'><strong>Si</strong></span> <span class='ocrx_word' id='word_1_302' title='bbox 1070 3625 1173 3711; x_wconf 88' lang='lat' dir='ltr'><strong>igitur</strong></span> <span class='ocrx_word' id='word_1_303' title='bbox 1206 3623 1248 3687; x_wconf 85' lang='lat' dir='ltr'><strong>sd</strong></span> <span class='ocrx_word' id='word_1_304' title='bbox 1280 3623 1457 3688; x_wconf 87' lang='lat' dir='ltr'><strong>certamina</strong></span> <span class='ocrx_word' id='word_1_305' title='bbox 1488 3621 1608 3707; x_wconf 86' lang='lat' dir='ltr'><strong>luctae,</strong></span> 
     </span>
     <span class='ocr_line' id='line_1_31' title="bbox 248 3721 1608 3818; baseline 0 -24"><span class='ocrx_word' id='word_1_306' title='bbox 248 3721 252 3729; x_wconf 72' lang='grc'><strong>’</strong></span> <span class='ocrx_word' id='word_1_307' title='bbox 319 3731 497 3818; x_wconf 83' lang='lat' dir='ltr'><strong>pugilatus,</strong></span> <span class='ocrx_word' id='word_1_308' title='bbox 518 3733 679 3818; x_wconf 84' lang='lat' dir='ltr'><strong>pancratii</strong></span> <span class='ocrx_word' id='word_1_309' title='bbox 703 3739 844 3818; x_wconf 81' lang='lat' dir='ltr'><strong>quatuor</strong></span> <span class='ocrx_word' id='word_1_310' title='bbox 866 3733 1016 3818; x_wconf 85' lang='lat' dir='ltr'><strong>pluresve</strong></span> <span class='ocrx_word' id='word_1_311' title='bbox 1039 3732 1173 3797; x_wconf 85' lang='lat' dir='ltr'><strong>nomina</strong></span> <span class='ocrx_word' id='word_1_312' title='bbox 1195 3730 1335 3816; x_wconf 86' lang='lat' dir='ltr'><strong>professi</strong></span> <span class='ocrx_word' id='word_1_313' title='bbox 1358 3734 1460 3816; x_wconf 86' lang='lat' dir='ltr'><strong>erant,</strong></span> <span class='ocrx_word' id='word_1_314' title='bbox 1482 3729 1517 3794; x_wconf 91' lang='lat' dir='ltr'><strong>in</strong></span> <span class='ocrx_word' id='word_1_315' title='bbox 1540 3730 1608 3794; x_wconf 92' lang='lat' dir='ltr'><strong>duo</strong></span> 
     </span>
     <span class='ocr_line' id='line_1_32' title="bbox 320 3838 1608 3924; baseline -0.002 -21"><span class='ocrx_word' id='word_1_316' title='bbox 320 3838 454 3924; x_wconf 80' lang='lat' dir='ltr'><strong>plurave</strong></span> <span class='ocrx_word' id='word_1_317' title='bbox 485 3840 577 3924; x_wconf 86' lang='lat' dir='ltr'><strong>paria</strong></span> <span class='ocrx_word' id='word_1_318' title='bbox 611 3846 698 3906; x_wconf 87' lang='lat' dir='ltr'><strong>sorte</strong></span> <span class='ocrx_word' id='word_1_319' title='bbox 731 3840 1018 3905; x_wconf 77' lang='lat' dir='ltr'><strong>distribuebantur.</strong></span> <span class='ocrx_word' id='word_1_320' title='bbox 1073 3839 1182 3924; x_wconf 83' lang='lat' dir='ltr'><strong>Atque</strong></span> <span class='ocrx_word' id='word_1_321' title='bbox 1209 3839 1237 3904; x_wconf 90' lang='lat' dir='ltr'><strong>si</strong></span> <span class='ocrx_word' id='word_1_322' title='bbox 1267 3861 1327 3924; x_wconf 89' lang='lat' dir='ltr'><strong>par</strong></span> <span class='ocrx_word' id='word_1_323' title='bbox 1355 3860 1508 3902; x_wconf 90' lang='lat' dir='ltr'><strong>numerus</strong></span> <span class='ocrx_word' id='word_1_324' title='bbox 1536 3859 1608 3902; x_wconf 89' lang='lat' dir='ltr'><strong>cer-</strong></span> 
     </span>
     <span class='ocr_line' id='line_1_33' title="bbox 320 3944 1607 4034; baseline -0.003 -23"><span class='ocrx_word' id='word_1_325' title='bbox 320 3947 462 4012; x_wconf 85' lang='lat' dir='ltr'><strong>tantium</strong></span> <span class='ocrx_word' id='word_1_326' title='bbox 489 3947 567 4033; x_wconf 88' lang='lat' dir='ltr'><strong>fuit,</strong></span> <span class='ocrx_word' id='word_1_327' title='bbox 598 3952 635 4012; x_wconf 91' lang='lat' dir='ltr'><strong>ut</strong></span> <span class='ocrx_word' id='word_1_328' title='bbox 668 3948 777 4012; x_wconf 91' lang='lat' dir='ltr'><strong>nullus</strong></span> <span class='ocrx_word' id='word_1_329' title='bbox 809 3947 1061 4034; x_wconf 83' lang='lat' dir='ltr'><strong>relinqueretur,</strong></span> <span class='ocrx_word' id='word_1_330' title='bbox 1096 3946 1275 4032; x_wconf 89' lang='lat' dir='ltr'><strong>simplicior</strong></span> <span class='ocrx_word' id='word_1_331' title='bbox 1305 3946 1384 4010; x_wconf 92' lang='lat' dir='ltr'><strong>ordo</strong></span> <span class='ocrx_word' id='word_1_332' title='bbox 1417 3944 1607 4009; x_wconf 79' lang='lat' dir='ltr'><strong>certaminis</strong></span> 
     </span>
     <span class='ocr_line' id='line_1_34' title="bbox 320 4050 1608 4139; baseline -0.002 -22"><span class='ocrx_word' id='word_1_333' title='bbox 320 4059 396 4120; x_wconf 85' lang='lat' dir='ltr'><strong>erat.</strong></span> <span class='ocrx_word' id='word_1_334' title='bbox 442 4054 529 4119; x_wconf 84' lang='lat' dir='ltr'><strong>Nam</strong></span> <span class='ocrx_word' id='word_1_335' title='bbox 558 4055 585 4120; x_wconf 90' lang='lat' dir='ltr'><strong>si</strong></span> <span class='ocrx_word' id='word_1_336' title='bbox 614 4060 754 4139; x_wconf 87' lang='lat' dir='ltr'><strong>quatuor</strong></span> <span class='ocrx_word' id='word_1_337' title='bbox 783 4056 917 4121; x_wconf 85' lang='lat' dir='ltr'><strong>nomina</strong></span> <span class='ocrx_word' id='word_1_338' title='bbox 944 4056 1112 4133; x_wconf 87' lang='lat' dir='ltr'><strong>dederant,</strong></span> <span class='ocrx_word' id='word_1_339' title='bbox 1145 4075 1183 4118; x_wconf 83' lang='lat' dir='ltr'><strong>ex</strong></span> <span class='ocrx_word' id='word_1_340' title='bbox 1213 4053 1267 4137; x_wconf 90' lang='lat' dir='ltr'><strong>iis,</strong></span> <span class='ocrx_word' id='word_1_341' title='bbox 1300 4074 1381 4137; x_wconf 90' lang='lat' dir='ltr'><strong>quae</strong></span> <span class='ocrx_word' id='word_1_342' title='bbox 1409 4050 1608 4116; x_wconf 87' lang='lat' dir='ltr'><strong>Pausaniam</strong></span> 
     </span>
     <span class='ocr_line' id='line_1_35' title="bbox 320 4159 1608 4248; baseline -0.002 -24"><span class='ocrx_word' id='word_1_343' title='bbox 320 4161 550 4227; x_wconf 88' lang='lat' dir='ltr'><strong>decursorum</strong></span> <span class='ocrx_word' id='word_1_344' title='bbox 573 4161 740 4226; x_wconf 90' lang='lat' dir='ltr'><strong>ordinibus</strong></span> <span class='ocrx_word' id='word_1_345' title='bbox 763 4162 929 4227; x_wconf 89' lang='lat' dir='ltr'><strong>rettulisse</strong></span> <span class='ocrx_word' id='word_1_346' title='bbox 952 4186 1051 4248; x_wconf 87' lang='lat' dir='ltr'><strong>supra</strong></span> <span class='ocrx_word' id='word_1_347' title='bbox 1073 4162 1228 4244; x_wconf 79' lang='lat' dir='ltr'><strong>vidimus,</strong></span> <span class='ocrx_word' id='word_1_348' title='bbox 1252 4159 1405 4246; x_wconf 81' lang='lat' dir='ltr'><strong>colligere</strong></span> <span class='ocrx_word' id='word_1_349' title='bbox 1428 4180 1488 4222; x_wconf 91' lang='lat' dir='ltr'><strong>nos</strong></span> <span class='ocrx_word' id='word_1_350' title='bbox 1511 4179 1608 4244; x_wconf 92' lang='lat' dir='ltr'><strong>opor-</strong></span> 
     </span>
     <span class='ocr_line' id='line_1_36' title="bbox 321 4267 1607 4354; baseline -0.002 -22"><span class='ocrx_word' id='word_1_351' title='bbox 321 4273 383 4353; x_wconf 91' lang='lat' dir='ltr'><strong>tet,</strong></span> <span class='ocrx_word' id='word_1_352' title='bbox 416 4270 557 4354; x_wconf 90' lang='lat' dir='ltr'><strong>primum</strong></span> <span class='ocrx_word' id='word_1_353' title='bbox 590 4269 654 4333; x_wconf 91' lang='lat' dir='ltr'><strong>duo</strong></span> <span class='ocrx_word' id='word_1_354' title='bbox 687 4269 778 4353; x_wconf 86' lang='lat' dir='ltr'><strong>paria</strong></span> <span class='ocrx_word' id='word_1_355' title='bbox 810 4274 976 4334; x_wconf 86' lang='lat' dir='ltr'><strong>certamen</strong></span> <span class='ocrx_word' id='word_1_356' title='bbox 1005 4270 1133 4354; x_wconf 89' lang='lat' dir='ltr'><strong>iniisse,</strong></span> <span class='ocrx_word' id='word_1_357' title='bbox 1167 4268 1280 4333; x_wconf 90' lang='lat' dir='ltr'><strong>deinde</strong></span> <span class='ocrx_word' id='word_1_358' title='bbox 1310 4267 1366 4350; x_wconf 92' lang='lat' dir='ltr'><strong>qui</strong></span> <span class='ocrx_word' id='word_1_359' title='bbox 1396 4288 1435 4330; x_wconf 85' lang='lat' dir='ltr'><strong>ex</strong></span> <span class='ocrx_word' id='word_1_360' title='bbox 1465 4271 1607 4351; x_wconf 89' lang='lat' dir='ltr'><strong>utroque</strong></span> 
     </span>
     <span class='ocr_line' id='line_1_37' title="bbox 320 4374 1606 4461; baseline 0.002 -23"><span class='ocrx_word' id='word_1_361' title='bbox 320 4376 391 4459; x_wconf 86' lang='lat' dir='ltr'><strong>pari</strong></span> <span class='ocrx_word' id='word_1_362' title='bbox 424 4376 607 4460; x_wconf 89' lang='lat' dir='ltr'><strong>superiores</strong></span> <span class='ocrx_word' id='word_1_363' title='bbox 640 4376 879 4461; x_wconf 84' lang='lat' dir='ltr'><strong>discessissent,</strong></span> <span class='ocrx_word' id='word_1_364' title='bbox 911 4377 1016 4441; x_wconf 88' lang='lat' dir='ltr'><strong>denuo</strong></span> <span class='ocrx_word' id='word_1_365' title='bbox 1050 4376 1136 4440; x_wconf 91' lang='lat' dir='ltr'><strong>inter</strong></span> <span class='ocrx_word' id='word_1_366' title='bbox 1169 4397 1203 4439; x_wconf 90' lang='lat' dir='ltr'><strong>se</strong></span> <span class='ocrx_word' id='word_1_367' title='bbox 1233 4374 1272 4438; x_wconf 92' lang='lat' dir='ltr'><strong>de</strong></span> <span class='ocrx_word' id='word_1_368' title='bbox 1304 4395 1425 4439; x_wconf 90' lang='lat' dir='ltr'><strong>corona</strong></span> <span class='ocrx_word' id='word_1_369' title='bbox 1453 4377 1606 4440; x_wconf 83' lang='lat' dir='ltr'><strong>certasse.</strong></span> 
     </span>
    </p>
   </div>
   <div class='ocr_carea' id='block_1_4' title="bbox 319 4601 1606 4890">
    <p class='ocr_par' dir='ltr' id='par_1_5' title="bbox 319 4601 1606 4890">
     <span class='ocr_line' id='line_1_38' title="bbox 410 4601 1606 4674; baseline -0.001 -17"><span class='ocrx_word' id='word_1_370' title='bbox 410 4605 436 4672; x_wconf 87' lang='lat'><strong>1)</strong></span> <span class='ocrx_word' id='word_1_371' title='bbox 457 4603 499 4658; x_wconf 90' lang='lat' dir='ltr'><strong>De</strong></span> <span class='ocrx_word' id='word_1_372' title='bbox 523 4602 693 4660; x_wconf 85' lang='lat' dir='ltr'><strong>difficillima</strong></span> <span class='ocrx_word' id='word_1_373' title='bbox 716 4605 770 4660; x_wconf 84' lang='lat' dir='ltr'><strong>hac</strong></span> <span class='ocrx_word' id='word_1_374' title='bbox 793 4604 960 4674; x_wconf 81' lang='lat' dir='ltr'><strong>quaestione</strong></span> <span class='ocrx_word' id='word_1_375' title='bbox 982 4605 1066 4660; x_wconf 88' lang='lat' dir='ltr'><strong>multi</strong></span> <span class='ocrx_word' id='word_1_376' title='bbox 1089 4604 1184 4659; x_wconf 81' lang='lat' dir='ltr'><strong>varias</strong></span> <span class='ocrx_word' id='word_1_377' title='bbox 1207 4603 1236 4657; x_wconf 91' lang='lat' dir='ltr'><strong>in</strong></span> <span class='ocrx_word' id='word_1_378' title='bbox 1259 4606 1355 4674; x_wconf 82' lang='lat' dir='ltr'><strong>partes</strong></span> <span class='ocrx_word' id='word_1_379' title='bbox 1379 4601 1606 4672; x_wconf 69' lang='lat' dir='ltr'><strong>disputaverunt</strong></span> 
     </span>
     <span class='ocr_line' id='line_1_39' title="bbox 319 4673 1605 4748; baseline -0.001 -19"><span class='ocrx_word' id='word_1_380' title='bbox 319 4691 354 4729; x_wconf 88' lang='lat' dir='ltr'><strong>ex</strong></span> <span class='ocrx_word' id='word_1_381' title='bbox 377 4674 479 4742; x_wconf 85' lang='lat' dir='ltr'><strong>quibus</strong></span> <span class='ocrx_word' id='word_1_382' title='bbox 503 4679 616 4745; x_wconf 86' lang='lat' dir='ltr'><strong>praeter</strong></span> <span class='ocrx_word' id='word_1_383' title='bbox 638 4694 699 4745; x_wconf 89' lang='lat' dir='ltr'><strong>eos,</strong></span> <span class='ocrx_word' id='word_1_384' title='bbox 722 4677 824 4746; x_wconf 90' lang='lat' dir='ltr'><strong>quide</strong></span> <span class='ocrx_word' id='word_1_385' title='bbox 848 4678 931 4731; x_wconf 88' lang='lat' dir='ltr'><strong>rebus</strong></span> <span class='ocrx_word' id='word_1_386' title='bbox 952 4676 1137 4748; x_wconf 82' lang='lat' dir='ltr'><strong>gymnasticis</strong></span> <span class='ocrx_word' id='word_1_387' title='bbox 1156 4681 1191 4745; x_wconf 84' lang='lat' dir='ltr'><strong>(v.</strong></span> <span class='ocrx_word' id='word_1_388' title='bbox 1210 4695 1238 4746; x_wconf 85' lang='lat' dir='ltr'><strong>p.</strong></span> <span class='ocrx_word' id='word_1_389' title='bbox 1252 4679 1319 4742; x_wconf 73' lang='lat' dir='ltr'><strong>arn)</strong></span> <span class='ocrx_word' id='word_1_390' title='bbox 1343 4678 1373 4729; x_wconf 90' lang='lat' dir='ltr'><strong>et</strong></span> <span class='ocrx_word' id='word_1_391' title='bbox 1396 4675 1432 4727; x_wconf 93' lang='lat' dir='ltr'><strong>de</strong></span> <span class='ocrx_word' id='word_1_392' title='bbox 1474 4673 1605 4728; x_wconf 80' lang='lat' dir='ltr'><strong>entathlo</strong></span> 
     </span>
     <span class='ocr_line' id='line_1_40' title="bbox 319 4745 1606 4819; baseline 0 -20"><span class='ocrx_word' id='word_1_393' title='bbox 319 4750 354 4816; x_wconf 89' lang='lat' dir='ltr'><strong>(v.</strong></span> <span class='ocrx_word' id='word_1_394' title='bbox 375 4767 400 4816; x_wconf 92' lang='lat' dir='ltr'><strong>p.</strong></span> <span class='ocrx_word' id='word_1_395' title='bbox 416 4751 508 4816; x_wconf 73' lang='lat' dir='ltr'><strong>cxxiv)</strong></span> <span class='ocrx_word' id='word_1_396' title='bbox 528 4747 705 4817; x_wconf 82' lang='lat' dir='ltr'><strong>seripserunt,</strong></span> <span class='ocrx_word' id='word_1_397' title='bbox 727 4748 855 4818; x_wconf 88' lang='lat' dir='ltr'><strong>inprimis</strong></span> <span class='ocrx_word' id='word_1_398' title='bbox 874 4749 960 4802; x_wconf 88' lang='lat' dir='ltr'><strong>laudo</strong></span> <span class='ocrx_word' id='word_1_399' title='bbox 978 4750 1145 4819; x_wconf 87' lang='lat' dir='ltr'><strong>interpretes</strong></span> <span class='ocrx_word' id='word_1_400' title='bbox 1163 4747 1287 4814; x_wconf 88' lang='lat' dir='ltr'><strong>Pindari,</strong></span> <span class='ocrx_word' id='word_1_401' title='bbox 1306 4745 1428 4801; x_wconf 88' lang='lat' dir='ltr'><strong>Boeckh.</strong></span> <span class='ocrx_word' id='word_1_402' title='bbox 1467 4746 1523 4815; x_wconf 75' lang='lat' dir='ltr'><strong>npl.</strong></span> <span class='ocrx_word' id='word_1_403' title='bbox 1541 4751 1606 4815; x_wconf 73' lang='lat'><strong>318,</strong></span> 
     </span>
     <span class='ocr_line' id='line_1_41' title="bbox 321 4817 1015 4890; baseline 0 -16"><span class='ocrx_word' id='word_1_404' title='bbox 321 4821 350 4874; x_wconf 83' lang='lat' dir='ltr'><strong>et</strong></span> <span class='ocrx_word' id='word_1_405' title='bbox 368 4817 493 4888; x_wconf 84' lang='lat' dir='ltr'><strong>l&#39;ennell,</strong></span> <span class='ocrx_word' id='word_1_406' title='bbox 512 4819 592 4874; x_wconf 89' lang='lat' dir='ltr'><strong>Pind.</strong></span> <span class='ocrx_word' id='word_1_407' title='bbox 613 4819 691 4874; x_wconf 86' lang='lat' dir='ltr'><strong>Nem.</strong></span> <span class='ocrx_word' id='word_1_408' title='bbox 712 4821 768 4873; x_wconf 85' lang='lat' dir='ltr'><strong>and</strong></span> <span class='ocrx_word' id='word_1_409' title='bbox 787 4819 883 4876; x_wconf 89' lang='lat' dir='ltr'><strong>Isthm.</strong></span> <span class='ocrx_word' id='word_1_410' title='bbox 901 4839 928 4890; x_wconf 88' lang='lat' dir='ltr'><strong>p.</strong></span> <span class='ocrx_word' id='word_1_411' title='bbox 943 4839 1015 4874; x_wconf 84' lang='lat' dir='ltr'><strong>rxss.</strong></span> 
     </span>
    </p>
   </div>
   <div class='ocr_carea' id='block_1_5' title="bbox 0 0 1714 5434">
    <p class='ocr_par' dir='ltr' id='par_1_6' title="bbox 0 0 1714 5434">
     <span class='ocr_line' id='line_1_42' title="bbox 0 0 1714 5434; baseline 0 0"><span class='ocrx_word' id='word_1_412' title='bbox 0 0 1714 5434; x_wconf 95' lang='lat' dir='ltr'><strong> </strong></span> 
     </span>
    </p>
   </div>
  </div>
 </body>
</html>
