3417 5434
642 371 766 421 Nemas
786 371 834 422 ΙΙΙ.

151 532 220 595 ἵκεο
244 532 383 616 Δωρίδα
405 540 511 596 νᾶσον
533 538 703 613 Αί-γιναν.
745 532 842 596 ὕδατι
867 533 929 616 γάρ

150 635 280 721 μένοντ’
307 635 358 701 ἐπ’
382 635 546 726 Ἀ-σωπίφ
570 637 784 723 μελιγαρύων
797 636 975 714 -τέκτονες

117 746 275 828 σκώμων
297 749 441 828 νεανίαι,
465 744 565 809 σέθεν
589 747 654 810 όπα
677 748 858 829 μαιόμενοι.

152 853 235 936 διψῇ
259 847 296 916 δὲ
319 861 445 937 πρᾶγος
467 854 549 917 ἄλλο
571 848 633 936 μὲν
656 854 774 917 άλλου·

150 956 346 1046 ρἰεθλονικία
370 955 406 1023 δὲ
429 957 561 1044 μάλιστ’
587 959 721 1024 άοι-δύν
745 965 845 1043 φιλεῖ,

150 1065 328 1150 στεφάνων
351 1065 473 1151 ἀρετᾶν
495 1089 530 1132 τε
553 1065 752 1144 δεξιωτάταν
775 1066 911 1132 ὀπαδόν.

150 1271 210 1339 τᾶς
234 1261 406 1346 ἀφθονίαν
429 1264 527 1341 ὄπαζε
549 1265 664 1348 μήτιος
688 1264 772 1348 άμᾶς
795 1265 873 1329 άπο·
1157 1270 1238 1329 Αντ.
1258 1263 1300 1328 α’.
1349 1281 1381 1328 15

99 1387 131 1434 10
150 1371 232 1455 άρχε
256 1367 300 1449 δ’,
324 1369 471 1453 οὐρανοῦ
494 1370 703 1455 πολυνεφέλα
726 1369 872 1456 κρέον-τι
895 1371 1055 1455 θύγατερ,

151 1477 292 1561 δόκιμον
314 1476 435 1561 ὐμνον·
460 1475 523 1559 ἐγὼ
548 1474 584 1542 δὲ
607 1482 743 1542 κεί-νων
766 1477 803 1542 τέ
823 1503 879 1542 νιν
902 1478 1017 1562 ὀάροις

150 1586 239 1670 λύρᾳ
260 1608 295 1648 τε
318 1583 536 1668 κοι-νάσομαι.
573 1589 728 1670 χαρίεντα
751 1582 783 1649 δ’
808 1584 886 1663 έ-ξει
909 1589 1014 1650 πόνον
1347 1603 1381 1650 20

171 1766 197 1815 3.
218 1759 272 1830 γὰρ
292 1775 345 1814 om.
365 1758 395 1814 D
412 1791 448 1800 —
466 1767 491 1814 4.
511 1759 548 1829 μὴ
572 1760 685 1829 γαρύων
703 1760 733 1813 D
757 1793 789 1800 —
817 1765 841 1815 ὅ,
862 1757 948 1829 γέθεν
966 1761 996 1814 D
1015 1793 1047 1802 -
1068 1766 1092 1814 6.
1111 1770 1221 1830 πρῶτος
1239 1762 1281 1828 D,
1306 1761 1380 1830 quod

99 1832 382 1902 interpretamentum
405 1830 495 1884 falsae
519 1830 649 1885 lectionis
675 1834 830 1885 ΠΡΑΤΟΣ
854 1849 915 1886 esse
940 1831 1022 1886 docui
1045 1832 1130 1886 Beitr.
1155 1851 1177 1887 a.
1201 1832 1275 1888 Dial.
1300 1833 1379 1887 Pind.

98 1904 128 1956 in
146 1904 224 1957 Stzb.
245 1902 271 1956 d.
290 1902 318 1957 b.
337 1902 389 1956 Ah.
410 1908 477 1956 1891
502 1921 527 1972 p.
549 1919 575 1955 ao
594 1935 628 1943 -
648 1908 671 1956 7.
692 1901 815 1969 μάλλιστ’
838 1905 868 1957 Ι)
892 1935 925 1944 -
950 1909 974 1958 9.
994 1904 1066 1967 όκᾶς
1084 1905 1114 1958 D
1137 1937 1170 1944 -
1197 1911 1230 1958 10
1258 1906 1381 1972 οὐρανοῦ

101 1972 280 2043 πολυνεφέλα
308 1990 342 2028 cx
371 1973 511 2028 sententia
539 1973 653 2042 Didymi
676 1974 802 2029 Boeckh:
832 1975 942 2048 οὐρανῷ
966 1973 1142 2044 πολυνεφέλα
1167 1977 1241 2043 BD,
1270 1977 1381 2050 οὐρανῷ

99 2045 278 2120 πολυνεφέλα
288 2045 467 2099 Aristarchus
482 2047 511 2100 et
520 2045 696 2111 Ammonius,
712 2045 839 2100 dativum
853 2045 983 2117 agnoscit
997 2046 1084 2100 etiam
1094 2046 1179 2102 schol.
1190 2047 1254 2102 Eur.
1266 2047 1331 2102 Hec.
1343 2063 1382 2102 osa

99 2118 169 2171 salso
185 2135 252 2171 eum
266 2133 329 2170 cum
344 2116 411 2187 ἄρχε
426 2117 610 2186 coniungens3
625 2117 710 2172 schol.
726 2117 820 2172 Pind:
835 2119 947 2190 οὐρανῷ
962 2119 1091 2179 αίολικῶς
1105 2119 1168 2172 ἀντὶ
1182 2127 1232 2172 τοῦ
1247 2119 1379 2186 οὐρανοῦ.

98 2186 276 2256 πολυνεφέλα
305 2205 342 2242 an
369 2187 546 2263 πολυνεφέλα
575 2189 681 2243 scribas
710 2188 841 2244 dubitare
864 2190 955 2259 possis
983 2223 1018 2230 —
1047 2197 1087 2244 1⁶2.
1113 2189 1281 2260 κοινάσομαι
1309 2191 1380 2245 coni.

98 2261 225 2314 Boeclrh:
252 2261 422 2330 κοινάσομαι
441 2260 529 2328 codd,
549 2270 650 2322 κοινῶς
668 2259 772 2334 ᾄσομαι
789 2261 930 2332 paraphr,
950 2259 1024 2315 unde
1045 2259 1118 2316 κοίν’
1139 2259 1269 2332 ἀείσομαι
1288 2261 1379 2332 Bergk

97 2366 131 2374 -
151 2330 224 2398 ἕξεις
244 2331 315 2385 coni.
330 2331 538 2386 R-auchenstein
558 2364 591 2372 —

99 2481 186 2538 λωνος
207 2476 211 2548 Ι
233 2474 335 2544 ἄνδρες
353 2476 447 2529 ἀοιδοί
471 2473 550 2529 ἕαοιν
568 2475 673 2545 (hymn.
689 2491 724 2544 ss,
738 2479 769 2544 ε).
807 2475 885 2529 infra
908 2494 933 2530 v.
948 2492 974 2530 ss
998 2475 1108 2529 Musam
1132 2476 1245 2547 proprio
1268 2477 1380 2532 nominc

100 2549 204 2614 Κλειώ,
227 2564 300 2616 quas
320 2547 425 2600 famam
443 2547 588 2600 hominum
612 2545 752 2617 divulget,
778 2547 963 2618 appellat-
986 2555 1073 2616 μᾶτερ
1096 2547 1217 2617 ἁμετέρα
1240 2545 1379 2618 λίσσομαι·

100 2619 232 2672 similiter
250 2635 394 2672 numerum
414 2618 586 2688 pronominis
600 2618 695 2672 variat
707 2618 736 2672 P.
752 2638 783 2671 ιιι
797 2636 809 2672 a
824 2617 931 2686 ἤθελον
947 2663 952 2673 .
969 2659 974 2672 .
992 2663 996 2673 .
1013 2617 1149 2687 ἁμετέρας
1167 2619 1225 2673 άπὸ
1244 2621 1380 2690 γλώσσας·

100 2692 132 2744 cl.
153 2691 236 2745 Hom.
256 2690 287 2744 Il.
306 2707 316 2741 1
336 2708 369 2758 aa,
394 2690 476 2758 Verg.
496 2690 546 2744 ecl.
567 2706 587 2752 ι,
607 2707 642 2758 ιι,
670 2689 760 2744 Tacit.
780 2689 846 2744 hist.
868 2708 886 2758 1,
907 2707 917 2744 1
938 2722 970 2730 —
991 2697 1015 2744 2.
1036 2687 1195 2765 ἱερομηνίᾳ,
1215 2690 1302 2745 sacris
1321 2691 1381 2745 eius

100 2761 204 2816 mensis
219 2760 328 2827 diebus,
347 2778 402 2829 quo
422 2761 526 2816 Nemea
546 2761 769 2816 celebrabantur.
794 2761 828 2816 cf.
844 2761 969 2830 Thucyd.
985 2781 1002 2814 v
1016 2777 1042 2816 τι
1061 2766 1199 2829 Καρνεῖος
1218 2761 1245 2816 δ’
1263 2759 1299 2832 ἦν
1317 2763 1381 2832 μάν,

100 2831 248 2902 λερομηνία
267 2838 413 2901 Δωριεῦσι.
450 2833 596 2887 Redeuuto
615 2832 703 2902 igitur
721 2833 779 2901 die,
799 2850 854 2901 quo
875 2833 994 2887 victoria
1012 2836 1157 2903 reportata
1177 2837 1249 2902 erat,
1269 2851 1381 2889 carmen

101 2909 250 2960 cantatum
268 2921 329 2958 esse
347 2904 460 2958 videtur
477 2937 512 2944 —-
531 2911 556 2958 3.
572 2902 687 2971 Δωρίδα
702 2913 801 2958 νᾶσον·
822 2904 953 2958 Doricam
971 2903 1108 2974 originem
1127 2921 1194 2974 prae
1209 2923 1239 2960 se
1253 2905 1383 2960 ferebant

100 2977 269 3046 Aegincte03
290 2976 325 3030 cf.
340 2976 370 3030 Ο.
387 2995 436 3028 viu
450 2993 476 3030 eo
491 3010 524 3016 -
537 2982 563 3030 4.
584 2973 695 3044 μένοντ’
711 2976 729 3030 i.
745 2993 767 3030 e.
783 2975 904 3046 μένοντι,
923 2978 1088 3046 exspectant
1101 3008 1135 3017 -
1150 2974 1233 3030 ὐδατι
1248 2975 1380 3051 Ἀσωπίῳ·

100 3051 155 3101 tres
180 3045 242 3101 noti
265 3047 343 3100 fluvii
363 3047 450 3117 Asopi
473 3047 597 3114 fuerunt,
621 3065 692 3101 unus
712 3046 741 3101 in
759 3047 890 3116 Boeotia,
916 3048 987 3102 alter
1006 3047 1135 3116 Sicyonio
1160 3049 1189 3101 in
1209 3065 1276 3120 agro
1295 3065 1381 3120 prope

101 3119 250 3186 Nemeam,
276 3118 376 3173 tertius
402 3119 432 3172 in
456 3119 628 3174 Phthiotide.
673 3119 728 3173 Sed
754 3118 853 3173 horum
882 3119 929 3172 vix
957 3118 1107 3188 quisquam
1131 3118 1161 3173 in
1189 3121 1262 3173 hunc
1288 3119 1380 3175 locum

100 3191 230 3259 quadrat.
274 3190 401 3258 Namque
425 3190 597 3245 Phthiotidis
620 3190 730 3260 Asopus
756 3207 869 3261 prorsus
893 3192 929 3245 ab
954 3193 1119 3260 argomento
1142 3190 1225 3246 huius
1249 3192 1382 3246 carminis

101 3262 212 3316 alicnus
235 3266 291 3327 est,
318 3262 367 3315 sed
391 3262 525 3317 Boeotiae
548 3280 659 3331 quoque
682 3264 791 3332 Asopus
816 3265 876 3316 tum
898 3265 1009 3316 tantum
1033 3262 1087 3317 huc
1110 3262 1206 3317 referri
1225 3267 1333 3334 posset,
1357 3265 1381 3318 si

100 3334 228 3397 Thebae,
252 3332 326 3386 uude
353 3335 438 3402 poete
467 3351 577 3387 carmen
603 3334 694 3405 misit,
721 3334 751 3387 in
775 3333 839 3404 ripa
864 3334 951 3404 Asopi
980 3333 1052 3388 sitae
1081 3337 1175 3389 essent
1203 3337 1253 3389 aut
1280 3335 1381 3390 saltem

99 3405 186 3458 rivuli
200 3404 328 3458 Thebani
342 3403 427 3460 Dirca
446 3408 475 3459 et
488 3406 624 3460 Ismenius
643 3406 673 3460 in
687 3408 811 3476 Asopum
826 3405 984 3461 influerent.
1023 3406 1103 3471 Quod
1122 3423 1188 3462 vero
1202 3405 1381 3460 Aristarchus

101 3475 264 3545 Sicyonium
288 3476 404 3530 fluvium
423 3476 564 3531 intellexit
585 3481 621 3545 (v.
637 3478 747 3547 schol),
773 3493 864 3548 paene
884 3477 1035 3532 ridiculum
1061 3479 1105 3531 est
1129 3480 1229 3548 putare
1252 3481 1381 3533 cantores

100 3548 226 3601 Nemeae
252 3546 282 3600 in
310 3547 373 3618 ripa
396 3548 483 3619 Asopi
507 3548 630 3618 Sicyonii
652 3549 803 3617 mansisse,
827 3549 915 3604 donec
939 3566 1051 3604 carmen
1071 3565 1088 3602 a
1106 3551 1191 3620 poeta
1214 3549 1381 3620 mitteretur,

99 3618 267 3689 praesertim
290 3618 314 3672 si
337 3619 434 3673 multis
458 3619 539 3674 annis
558 3624 623 3690 post
640 3621 788 3675 victoriam
807 3621 931 3674 Nemeae
950 3623 1061 3691 partam
1081 3621 1133 3676 hoc
1153 3638 1264 3676 carmen
1283 3624 1381 3676 canta-

100 3691 198 3757 batur3
216 3707 307 3758 neque
326 3691 401 3759 quod
420 3691 493 3745 infra
512 3710 536 3747 v.
555 3709 580 3746 ιο
600 3693 629 3747 ἐν
649 3689 815 3765 βαθυπεδίῳ
835 3691 932 3766 Νεμέᾳ
952 3691 1033 3758 dicit,
1058 3682 1094 3745 ad
1113 3693 1218 3760 locum,
1243 3710 1297 3761 quo
1322 3710 1380 3747 car-

100 3780 165 3816 men
189 3762 370 3830 eantabatur,
393 3763 442 3816 sed
466 3763 502 3816 ad
527 3781 603 3832 eum,
622 3783 677 3833 quo
700 3765 811 3819 labores
834 3763 975 3833 pancratii
999 3763 1223 3830 sustinebantur,
1241 3764 1381 3834 pertinere

101 3851 152 3902 par
176 3836 227 3886 est.
269 3833 349 3887 Nihil
377 3833 464 3902 igitur
490 3835 658 3904 relinquitur
680 3854 765 3905 quam
791 3837 823 3888 ut
847 3835 955 3889 scholia
977 3834 1126 3889 audiamus
1152 3836 1189 3889 ad
1215 3835 1329 3904 Didymi
1353 3838 1382 3890 et

102 3903 259 3958 Callistrati
286 3904 485 3959 auctoritatem
512 3908 712 3977 provocantia:
741 3907 755 3962 ὁ
784 3905 815 3961 δὲ
844 3909 969 3977 Δίδυμος
999 3903 1193 3976 διηπατῆοθαί
1221 3926 1290 3974 φησι
1317 3907 1381 3969 τούς

101 3975 418 4046 ι’·πομνηματισαμένους
440 3986 473 4048 τῇ
497 3977 641 4053 δμωνυμίμ
667 3989 722 4035 τῶν
749 3987 895 4048 ποταμῶν·
927 3977 954 4033 ol
977 3976 1030 4048 γάρ
1054 3976 1169 4032 Ἀσωποί
1194 3975 1318 4044 πλείους,
1342 3974 1382 4033 ὧν

103 4045 153 4100 ἕνα
178 4048 266 4116 φασὶν
289 4049 387 4116 (φησίν
409 4049 521 4103 Boeckh
544 4050 739 4120 probabiliter)
766 4046 839 4104 εἶναι
862 4051 910 4104 καί
932 4049 982 4104 τὸν
1007 4049 1037 4103 έν
1056 4047 1165 4121 Αἰγίνῃ·
1191 4050 1205 4103 δ
1229 4049 1261 4104 δὲ
1280 4051 1380 4104 Καλλί-

103 4139 220 4186 στρατος
235 4117 370 4177 Ἀσωπίδα
390 4119 420 4174 ἐν
434 4119 540 4193 Αἰγίνῃ,
559 4140 730 4190 quamquam
750 4122 825 4192 apud
843 4124 950 4176 ceteros
970 4120 1119 4190 scriptores
1139 4121 1173 4176 de
1188 4124 1244 4176 Aso
1266 4121 1379 4192 oAcgi·

102 4190 197 4244 nctico
216 4188 306 4244 altum
329 4190 472 4245 silentium
496 4196 540 4246 est
564 4227 595 4233 -
621 4200 644 4248 4.
663 4192 790 4256 τέκτονες
808 4194 908 4265 νόμον
932 4193 977 4246 hic
1001 4192 1150 4246 choreutae
1170 4141 1380 4264 inteliiguntur,

102 4261 130 4317 P.
151 4281 184 4314 m
199 4278 237 4316 ms
255 4265 358 4332 poetae
377 4295 410 4304 -
430 4269 453 4318 6.
474 4263 532 4318 alia
551 4264 609 4318 alia
628 4266 779 4336 postulare,
798 4265 947 4318 victoriam
966 4264 1087 4318 maxime
1107 4264 1239 4332 carmina,
1259 4264 1381 4337 amplius

42 4337 47 4344 '
102 4335 188 4402 poeta
205 4331 322 4402 exponit
335 4332 367 4387 0.
382 4354 411 4387 ιι
424 4334 461 4389 in.
481 4367 515 4376 -
535 4339 607 4407 διψῇ
625 4338 773 4391 conferunt
790 4335 925 4390 Artemid.
947 4335 1187 4391 Oneirocrit.1as:
1207 4337 1239 4390 τὸ
1258 4335 1309 4406 μὲν
1328 4335 1381 4407 γὰρ

102 4407 191 4474 διψῆν
215 4402 301 4459 οὐδὲν
324 4403 390 4458 ἄλλο
413 4405 487 4459 ἐστίν
510 4405 527 4475 ἢ
548 4407 710 4477 ἐπιθυμεῖν·
734 4408 770 4462 cf.
789 4408 819 4461 P.
834 4427 861 4460 ιιι
879 4423 915 4460 roe
941 4439 973 4448 —
997 4412 1021 4461 9.
1041 4415 1091 4470 τᾶς
1114 4405 1264 4476 ἀφθονίαν
1283 4407 1381 4474 ὄπαζε·

103 4476 135 4530 cl.
156 4475 222 4530 Hor.
242 4493 266 4528 c.
284 4494 316 4528 m
335 4492 355 4544 ι,
375 4494 387 4531 s
405 4479 450 4531 dic
469 4496 518 4544 αρε
541 4480 650 4550 imapum
670 4480 791 4545 Calliope
808 4481 890 4534 ascios
915 4509 950 4520 —
977 4483 1017 4532 10.
1038 4477 1147 4546 κρέοντι
1166 4479 1271 4548 pendet
1290 4497 1307 4533 a
1325 4480 1379 4534 θό-

101 4565 184 4616 γατερ
199 4547 245 4618 (cf.
261 4547 298 4600 ad
312 4547 341 4601 P.
356 4567 406 4601 vm
420 4551 465 4617 aa),
480 4551 603 4618 οὐρανοῦ
616 4549 793 4620 πολυνεφέλα
807 4567 825 4603 a
839 4547 958 4617 κρέοντι.
983 4547 1160 4620 πολυνεφέλα
1174 4551 1270 4604 fictum
1285 4553 1329 4604 est
1343 4551 1379 4604 ad

102 4619 261 4691 exemplum
274 4618 415 4672 Homerici
435 4619 653 4691 νεφεληγερέταο
668 4655 702 4662 -
719 4628 759 4677 11.
779 4618 905 4690 δόκιμον,
924 4621 1059 4690 hymnum
1073 4621 1122 4690 qui
1137 4621 1257 4692 gloriam
1272 4620 1380 4692 (δόξαν)

102 4690 214 4757 afferat,
234 4690 308 4743 hunc
322 4707 339 4741 a
353 4690 436 4744 Musa
454 4696 601 4762 acceptum
619 4696 704 4764 poeta
723 4710 787 4747 cum
805 4692 953 4746 iuvenibus
973 4692 1139 4747 canentibus
1154 4695 1183 4748 et
1196 4692 1299 4747 fidibus
1315 4709 1379 4748 can-

102 4761 143 4815 tui
166 4759 375 4816 succinentibus
399 4765 654 4819 communicat-urus
682 4768 726 4820 ost
748 4797 782 4805 —
807 4771 848 4819 12.
878 4766 960 4838 λόρμ·
989 4764 1054 4818 inde
1078 4781 1134 4819 non
1157 4764 1224 4819 licat
1247 4765 1380 4836 colligere

102 4832 168 4888 solis
185 4832 290 4888 fidibus
310 4833 406 4887 cantui
425 4839 605 4890 accantatum
623 4854 692 4907 esso,
711 4836 851 4906 siquidem
870 4835 944 4890 infra
957 4855 983 4891 ν.
999 4853 1023 4892 ιε
1038 4834 1158 4907 legimus
1173 4835 1253 4891 tibiis
1268 4853 1378 4907 quoque

1037 5086 1070 5144 X
