3417 5434
341 342 386 406 26
813 344 964 396 ΡΙΝΒΑΒῙ
981 344 1148 398 semels.

340 511 372 570 in
402 511 532 570 carmine
557 510 591 574 Ο.
614 531 651 570 ιιι
679 513 803 572 summis
833 511 1022 572 lineamentis
1051 511 1259 588 adumbrasse,
1294 513 1400 587 postea
1428 512 1461 570 in
1489 512 1610 571 carmine

340 599 374 660 Ο.
391 619 402 657 ι
421 600 606 676 splendidius
629 621 785 662 exornasse
809 605 840 661 et
861 601 1055 678 perpolirisse
1079 601 1220 660 dicamus.
1246 599 1409 660 Cantatum
1428 601 1484 661 hoc
1501 621 1610 661 carmen

340 692 385 748 est
406 689 498 748 sacris
512 690 689 750 Theoxeniis
707 691 930 768 Dioscurorum,
944 710 1072 767 quorum
1091 691 1188 750 favori
1201 690 1298 750 Thero
1311 691 1470 750 victoriam
1484 689 1610 766 Olympi·

341 798 406 838 cam
430 779 535 838 debere
558 781 712 840 ferebatur
740 773 781 862 (v.
806 781 895 840 schol.
920 770 1093 860 adinum),
1138 779 1254 840 Horum
1276 778 1372 856 igitur
1394 798 1546 840 sacrorum
1566 799 1609 855 op-

340 868 528 944 portunitate
552 869 648 928 Thero
672 870 809 930 similiter
832 873 924 946 atque
948 868 1130 929 Carneorum
1153 869 1323 928 Arcesilaus
1342 861 1390 948 (P.
1405 861 1439 948 v)
1464 887 1538 927 usus
1555 887 1610 927 ease

340 957 471 1034 videtur,
502 961 537 1016 ut
566 957 723 1018 victoriam
747 957 937 1036 Olympicam
965 959 1052 1017 Musa
1081 958 1216 1036 Pindari,
1248 958 1376 1016 fortasse
1403 960 1470 1017 tum
1497 958 1556 1016 iam
1583 959 1609 1015 in

341 1046 444 1105 Sicilia
467 1047 686 1124 commorantia,
710 1048 807 1107 denuo
826 1051 857 1106 et
875 1047 993 1124 publice
1017 1047 1224 1106 celebrandam
1243 1049 1369 1106 curaret.
1406 1047 1543 1124 Namque
1561 1047 1608 1105 boc

340 1155 459 1195 carmen
477 1155 536 1196 non
553 1137 697 1196 salumin
715 1137 865 1196 codicibus
885 1139 955 1212 post
971 1135 1005 1197 Ο.
1020 1155 1044 1194 ιι
1060 1138 1239 1196 collocatum
1257 1139 1313 1212 est,
1331 1137 1383 1195 sed
1401 1137 1493 1195 etiarn
1512 1138 1610 1194 auctor

341 1225 480 1284 carminis
509 1225 572 1301 ipse
603 1228 633 1284 et
660 1245 748 1286 versu
776 1228 884 1303 quarto
915 1217 1101 1307 (νεοσίγαλον
1124 1223 1241 1305 εὑρόντι
1269 1223 1392 1303 τρόπον·
1420 1225 1458 1285 cf.
1480 1225 1503 1284 I.
1525 1244 1546 1283 v
1567 1222 1608 1290 63)

340 1317 371 1373 et
393 1316 458 1373 toto
482 1317 659 1392 argumento
683 1315 831 1393 carminis,
855 1335 916 1391 quo
939 1315 1126 1391 prooemium
1148 1313 1287 1374 carminis
1310 1314 1485 1391 superioria,
1506 1313 1540 1373 Ο.
1553 1333 1574 1370 ιι
1587 1325 1608 1388 ε,

339 1403 474 1480 respicit,
504 1403 560 1463 hoc
591 1403 713 1464 tertium
743 1423 861 1464 carmen
890 1407 959 1480 post
981 1404 1145 1464 secundum
1167 1405 1312 1480 scriptum
1335 1421 1398 1462 esse
1428 1401 1606 1480 significarit
1667 1478 1668 1485 ρ

341 1492 419 1552 Nolo
450 1496 552 1551 tamen
582 1492 700 1552 silentio
729 1494 969 1569 praetermittere
999 1493 1183 1553 Boeckhium
1209 1493 1374 1570 Berginium
1397 1491 1473 1551 alios
1494 1492 1526 1549 in
1547 1511 1607 1550 con·
1667 1498 1668 1533 ἶ

340 1581 465 1640 trariam
495 1583 674 1641 sententiam
704 1583 857 1660 inclinare,
883 1585 920 1640 ut
944 1582 1075 1658 primum
1105 1584 1224 1658 poetam
1254 1581 1309 1641 hoo
1339 1581 1470 1640 carmine
1500 1580 1607 1656 publice
1667 1562 1668 1631 i

340 1670 498 1730 victoriam
521 1671 674 1748 Theronis,
698 1671 802 1731 deinde
826 1672 957 1731 carmine
976 1672 1105 1730 secundo
1129 1671 1207 1730 inter
1229 1671 1364 1747 privatos
1387 1670 1516 1745 parietes
1533 1688 1607 1746 prae-
1667 1640 1668 1721 δ

340 1759 453 1819 dicasse
484 1761 604 1820 ducant.
654 1761 790 1837 Denique
821 1761 956 1820 fabulam
986 1761 1021 1819 de
1051 1760 1180 1820 Hercule
1210 1759 1362 1820 conditore
1394 1757 1607 1834 Olympicomm
1667 1740 1668 1779 ¹

339 1849 480 1908 ludorum
506 1850 567 1908 iam
595 1852 684 1909 antea
712 1869 731 1908 a
757 1853 847 1926 poeta
878 1849 1008 1909 carmine
1032 1847 1066 1908 Ο.
1090 1867 1111 1907 ιι
1133 1849 1199 1908 fuse
1227 1851 1388 1908 tractatam
1419 1867 1482 1907 esse
1504 1867 1607 1907 moneo.

886 2020 931 2086 De
954 2021 1075 2086 matris.

429 2151 555 2210 Carmen
585 2151 797 2229 gravissimum
821 2152 859 2210 ad
886 2153 1043 2230 antiquam
1067 2156 1098 2211 et
1120 2172 1253 2212 severam
1286 2171 1422 2210 normam
1454 2151 1606 2211 carminum
1667 2196 1668 2243 l

342 2239 700 2316 dactylo-epitriticorum
719 2241 919 2318 compositum
938 2244 991 2319 est,
1009 2241 1089 2300 unde
1108 2241 1190 2317 quod
1207 2243 1299 2317 poeta
1321 2239 1492 2320 νεοσίγαλον
1509 2239 1606 2316 τρόπον
1667 2256 1668 2291 1

338 2349 369 2390 se
401 2329 549 2389 invenisse
579 2329 653 2388 dicit
681 2321 722 2410 (v.
746 2322 792 2410 4),
822 2350 882 2389 non
911 2351 1023 2390 novum
1052 2331 1202 2406 quendam
1225 2332 1256 2389 et
1279 2333 1369 2389 antea
1396 2349 1458 2389 non
1481 2329 1604 2388 auditum

337 2420 460 2479 modum
490 2437 521 2478 se
551 2439 699 2497 promere,
730 2420 781 2479 sed
811 2420 1084 2496 dactylo-epitritos
1113 2419 1204 2479 huius
1231 2419 1371 2478 carminis
1399 2438 1418 2477 a
1445 2418 1605 2495 paeonibus,
1667 2426 1668 2491 ξ

337 2508 447 2585 quibus
478 2509 509 2566 in
540 2508 727 2567 antecedenti
757 2509 887 2568 carmine
915 2527 989 2569 usus
1019 2513 1108 2587 esset,
1139 2509 1270 2569 diversos
1294 2526 1357 2568 asse
1380 2507 1535 2586 significat.
1576 2506 1605 2563 In

336 2597 440 2657 metris
458 2597 537 2656 enim
556 2598 776 2657 conformandis
795 2599 870 2657 adeo
888 2598 965 2656 nihil
983 2602 1074 2674 poeta
1092 2597 1224 2674 novavit
1243 2600 1279 2655 ut
1296 2598 1409 2657 formas
1428 2597 1605 2673 epitritorum
1667 2598 1668 2621 l

338 2690 370 2746 et
388 2687 606 2763 dactylicarum
625 2687 823 2762 tripodiarum
843 2688 922 2747 solas
941 2687 1112 2746 adhibuerit
1130 2690 1161 2746 et
1175 2687 1338 2746 secundum
1356 2689 1488 2745 veterem
1505 2704 1606 2745 morem
1667 2692 1668 2761 t

338 2777 504 2835 carminum
533 2783 725 2854 σχοινοτενῶν
753 2769 804 2856 (cf.
824 2777 861 2836 fr.
881 2770 928 2856 79)
958 2778 1098 2852 strophae
1127 2795 1231 2835 versus
1259 2778 1392 2852 quatuor
1417 2774 1604 2834 continuitate

338 2885 530 2924 numerorum
548 2865 742 2924 coniunxerit.
775 2865 873 2942 Epodi
897 2866 1107 2942 rhythmorum
1130 2884 1234 2925 cursus
1256 2865 1349 2941 paulo
1369 2864 1544 2924 concitatior
1559 2864 1605 2936 est-¹
1667 2872 1668 2947 g

337 2955 388 3014 sed
410 2974 447 3013 ne
470 2954 519 3012 hic
543 2953 664 3030 quidem
688 2955 718 3012 in
742 2955 847 3013 mediis
868 2955 1004 3014 versibus
1027 2973 1172 3031 umquam
1190 2955 1306 3013 rectum
1325 2953 1459 3014 ordinem
1478 2971 1604 3012 numero-

336 3063 404 3101 rum
423 3043 593 3118 interrupit.
630 3043 732 3102 Dorici
750 3063 820 3103 vero
839 3044 929 3120 modi,
954 3043 1063 3121 quibus
1086 3063 1204 3103 carmen
1227 3043 1428 3119 compositum
1451 3045 1497 3101 est
1519 3035 1557 3122 (v.
1571 3035 1605 3116 5),
1667 3056 1668 3101 ἐ

336 3131 454 3210 egregie
485 3132 631 3208 gravitati
662 3135 692 3190 et
721 3133 897 3191 austeritati
926 3152 1118 3192 numerorum
1149 3132 1519 3208 dactylo-epitriticorum
1546 3150 1604 3189 con·
1667 3120 1668 3153 l

335 3221 463 3281 veniunt
477 3253 519 3260 -
535 3220 698 3280 Cantatum
722 3225 768 3280 est
791 3241 910 3282 carmen
925 3223 1046 3282 acharo
1066 3215 1106 3303 (v.
1123 3212 1154 3304 b)
1170 3221 1278 3281 fidibus
1302 3225 1333 3280 et
1356 3220 1440 3280 tibiis
1458 3218 1604 3280 accinenti·
1667 3222 1668 3287 j

336 3311 392 3368 bus
416 3301 457 3390 (v.
482 3301 513 3390 8)
538 3310 570 3368 in
593 3310 770 3370 Theoxeniis
796 3311 1012 3371 Dioscurorum
1036 3303 1077 3391 (r.
1102 3305 1140 3390 1).
1187 3311 1298 3370 Utrum
1327 3313 1431 3369 autem
1453 3311 1484 3368 in
1507 3326 1605 3386 pompa
1667 3358 1668 3365 ,

337 3399 375 3457 ad
398 3400 501 3458 aedem
524 3399 739 3458 Dioscurorum
762 3403 919 3460 cantatum
942 3401 990 3478 sit,
1014 3421 1091 3477 quae
1115 3401 1345 3460 scholiastarum
1371 3399 1472 3475 opinio
1496 3401 1541 3459 est
1561 3393 1605 3476 (ad

335 3509 362 3546 v.
380 3480 436 3568 10),
461 3507 499 3546 an
522 3488 601 3547 inter
623 3489 728 3565 epulas
751 3490 897 3568 publicas,
922 3490 1031 3566 quibus
1054 3489 1085 3547 in
1108 3489 1200 3549 sacris
1214 3489 1452 3548 Theoxeniorum
1469 3489 1604 3564 populum

336 3577 432 3653 excipi
456 3575 579 3635 solitum
607 3596 669 3636 esse
702 3580 835 3655 exemplo
864 3579 1066 3655 Euphorionis
1094 3579 1175 3655 apud
1206 3578 1314 3639 Herod.
1339 3597 1371 3637 vr
1394 3589 1445 3637 127
1469 3578 1604 3649 docemur,

335 3686 394 3726 non
425 3666 591 3742 praefracte
622 3667 784 3726 diiudicare
815 3669 925 3745 ausim;
961 3668 1013 3728 sed
1047 3670 1147 3726 tamen
1183 3669 1312 3743 priorem
1347 3667 1525 3726 sententiam
1555 3664 1604 3722 fre·

336 3755 440 3832 quenti
464 3755 603 3814 anacrusi
626 3759 657 3814 et
679 3760 773 3816 metro
797 3751 862 3816 κατ’
887 3755 1025 3817 ἐνόπλων
1048 3757 1249 3817 commendari
1273 3757 1420 3817 existimo,

1386 3952 1436 4010 Στ
1460 3996 1468 4012 .
1491 3944 1533 4010 α’.

432 4053 655 4140 Τυνδαρίδαις
678 4078 712 4118 τε
736 4055 938 4139 φιλοξείνοις
960 4055 1054 4120 ἁδεῖν
1076 4053 1331 4141 καλλιπλοκάμῳ
1354 4052 1392 4118 δ’
1413 3970 1528 4140 ’ἕλε’νᾳ
1634 4073 1637 4076 ’

424 4159 558 4224 κλεινὰν
579 4158 782 4246 Ἀκράγαντα
805 4165 971 4247 γεραίρων
993 4163 1144 4246 εὔχομαι,

406 4390 486 4424 vassa
505 4389 609 4426 aromo.
642 4373 726 4425 lusor.
742 4392 779 4445 τῳ
798 4375 873 4445 αὐτῷ
893 4371 1004 4443 ἅρματι.
1032 4372 1168 4438 Θεοξένια
1183 4372 1250 4441 AO,
1269 4377 1307 4445 τῷ
1326 4374 1401 4445 αὐτῷ
1421 4373 1461 4436 εἰς
1482 4370 1604 4437 Θεοξένια

334 4442 397 4496 BD
418 4475 450 4482 -
472 4448 495 4496 1.
515 4439 637 4511 φιλοξίν.
657 4444 685 4498 Β
693 4445 715 4498 G
731 4475 764 4484 -

405 4603 594 4639 οοιιιιιιιιτιιιιι.
632 4604 657 4640 v.
680 4601 697 4640 1.
726 4585 896 4655 Tyndaridis
920 4590 1005 4656 poeta
1028 4586 1141 4657 placere
1160 4585 1234 4651 vult,
1253 4586 1329 4654 quod
1348 4603 1461 4641 carmen
1480 4586 1510 4640 in
1528 4583 1605 4639 saeris

334 4656 560 4725 Tyndaridarum
579 4657 756 4725 cantabatur,
776 4657 806 4711 id
825 4659 899 4726 quod
915 4660 944 4713 et
957 4662 1052 4711 vetere
1070 4657 1253 4728 inscriptione
1269 4657 1308 4720 εἰς
1324 4657 1460 4724 Θεοξένια
1474 4657 1606 4711 indicatur
1667 4716 1668 4723 ρ

335 4732 364 4781 et
387 4727 570 4782 adnotatione
594 4726 751 4782 Aristarchi
774 4731 954 4784 confirmatur
975 4729 1006 4782 in
1030 4729 1157 4784 scholiis:
1183 4727 1305 4797 Ἀρίσταρ
1325 4727 1355 4792 ός
1373 4747 1444 4798 φησι
1461 4728 1539 4798 παρὰ
1555 4735 1606 4788 τοῖς

332 4796 554 4870 Ἀκραγαντίνοις
573 4799 620 4854 διὰ
639 4807 719 4870 τιμῆς
739 4795 812 4856 εἶναι
830 4803 896 4864 τοὺς
911 4800 1100 4868 Διοσκούρους
1114 4802 1163 4854 καλ
1176 4797 1284 4874 πατρίῳ
1303 4750 1366 4856 ἔδει
1384 4802 1433 4855 καλ
1447 4810 1500 4857 νῦν
1514 4799 1606 4860 αὐτοὺς
