3417 5434
341 304 405 366 256
815 307 964 358 prunam
983 307 1149 358 aaaron.

395 466 432 542 ὃς
454 467 553 532 τάνδε
576 477 681 532 νᾶσον
704 465 815 531 εὐκλέα·
835 466 1022 551 προσέθηκε
1047 469 1133 554 λόγῳ

396 571 452 638 καί
476 575 598 658 σεμνὸν
622 573 777 656 ἀγλααῖσι
799 577 973 659 μερίμναις

342 697 375 744 70
394 684 533 744 Πυθίου
558 680 714 765 Θεάριον·
738 680 774 746 ἐν
797 677 834 744 δὲ
857 685 970 768 πεί-ρρι
993 680 1085 758 τέλος

395 787 617 872 διαφαίνεται,
641 782 689 853 ὧν
712 811 763 864 τις
785 785 981 872 ἐξοχώτερος
1004 786 1146 872 γίνηται,

395 1018 432 1083 ἐν
454 1018 550 1084 παισί
572 1017 679 1084 νέοισι
702 1031 788 1101 παῖς,
811 1017 848 1083 ἐν
872 1017 1035 1103 ἀνδράσιν
1059 1017 1170 1103 ἀνήρ,
1193 1022 1306 1104 τρίτον
1378 1019 1464 1086 Ἀντ.
1485 1019 1526 1084 δ’.
1575 1041 1614 1084 rte

402 1126 438 1191 ἐν
461 1125 697 1211 παλαιτέροισι,
720 1125 819 1210 μέρος
841 1125 981 1190 ἕκαστον
1005 1117 1093 1190 οἷ-ον
1117 1129 1232 1210 ἔχομεν
1667 1160 1668 1210 ρ

396 1237 535 1320 βρότεον
558 1237 671 1310 ἔθνος·
696 1232 754 1319 ἐλᾷ
777 1229 815 1297 δὲ
838 1230 894 1297 καί
916 1231 1076 1318 τέσσαρας
1099 1232 1216 1318 ἀρετάς
1573 1255 1614 1298 isc
1667 1211 1668 1258 ί

346 1342 415 1407 tad
438 1343 563 1426 μακρὸς
586 1342 695 1424 αί-ών,
718 1351 859 1425 φρονεῖν
883 1338 914 1404 δ’
941 1338 1047 1404 ἐνέπει
1070 1341 1108 1405 τὸ
1130 1343 1379 1426 παρ-κείμενον·

397 1461 465 1513 τῶν
487 1447 548 1512 οὐκ
571 1449 698 1512 άπεσσι.
735 1458 843 1531 χαῖρε,
867 1450 973 1532 φίλος.
1011 1447 1074 1530 ἐγὼ
1097 1449 1172 1512 τάδε
1195 1471 1246 1518 τοι

1668 1546 1669 1596 l

439 1682 481 1731 68.
502 1678 610 1731 stataet
626 1676 688 1731 BD
715 1708 751 1716 -
780 1679 821 1728 'la
846 1675 878 1729 ἐν
901 1671 929 1728 δ’
955 1675 1036 1742 ἀνδρ.
1059 1675 1133 1742 BD,
1166 1673 1193 1728 δ’
1214 1675 1282 1732 eiec.
1301 1675 1444 1731 Hermann
1473 1711 1505 1718 -
1533 1675 1618 1746 τρίτον

350 1750 433 1821 Βμι.ι
456 1746 582 1818 τρίτατος
600 1749 640 1817 Β,
665 1746 795 1815 τρίτατον
814 1746 857 1815 D,
884 1744 975 1814 τρίτος
994 1746 1087 1818 Bergk
1114 1777 1147 1786 -
1177 1753 1218 1802 ts.
1239 1749 1291 1811 τὰς
1308 1747 1445 1816 τέσσαρας
1463 1749 1563 1818 ἀρετάς
1581 1751 1618 1802 vel

347 1823 396 1874 sat
414 1818 526 1889 τετράδ’
548 1819 576 1884 ἐς
594 1821 696 1889 ἀρετᾶς
715 1837 789 1889 susp.
809 1817 957 1887 Bergk-
977 1823 1018 1873 tc.
1038 1817 1053 1872 ὁ
1072 1835 1125 1872 om.
1145 1819 1220 1887 BD,
1239 1820 1304 1875 add.
1325 1837 1358 1873 ex
1378 1821 1464 1874 schol.
1484 1821 1566 1876 Tricl.
1591 1854 1618 1860 -

347 1891 454 1962 ματρὸς
472 1891 516 1944 D:
542 1891 650 1954 θνατὸς
672 1893 699 1946 Β
724 1908 787 1944 oum
810 1889 973 1943 Aristarcho
1003 1921 1034 1930 —-
1063 1891 1146 1946 αἰάινι
1176 1889 1228 1944 sav
1247 1891 1274 1945 Β
1304 1923 1335 1932 -
1366 1897 1407 1946 aa.
1432 1893 1533 1947 ἄπεσσι
1556 1893 1619 1948 coni.

420 2059 462 2108 ⁷0.
480 2049 596 2107 Πυθίου
616 2051 750 2120 Θεάριον·
775 2051 875 2106 schol:
899 2049 974 2104 ἔστιν
997 2049 1027 2104 ἐν
1047 2047 1143 2122 Αἰγίνῃ
1163 2049 1278 2106 Πυθίου
1294 2050 1460 2116 ’Λπόλλωνος
1482 2051 1571 2122 ίερόν,
1594 2052 1620 2106 ἐν

348 2117 370 2178 ὦ
390 2123 418 2178 ολ
435 2126 541 2192 θεωροὶ
560 2126 695 2195 διῃτῶντο
715 2122 742 2176 ol
759 2121 795 2176 τὰ
813 2127 882 2176 θεῖα
901 2121 1101 2191 φυλάσσοντες·
1121 2125 1226 2191 θεωροὶ
1250 2122 1303 2193 γὰρ
1323 2123 1349 2177 ολ
1367 2125 1558 2193 θεοφίλατες·
1581 2125 1621 2176 cui

347 2181 510 2250 testimonio
539 2195 612 2248 adde
635 2194 807 2248 Pausaniam
824 2213 846 2246 11
865 2209 931 2260 a1,s
954 2193 1075 2261 θεάριοτ
1098 2193 1228 2247 Doricam
1251 2211 1348 2249 vocem
1375 2211 1436 2249 esse
1461 2196 1621 2250 tradentem.

348 2268 408 2321 lam
431 2267 507 2335 quod
531 2267 604 2320 alter
627 2266 781 2320 scholiasta
804 2266 925 2318 adnotat
947 2265 979 2318 τὸ
1002 2264 1033 2318 st
1055 2265 1177 2332 Θεάριον
1200 2263 1284 2329 τόπος
1312 2266 1343 2320 ἐν
1366 2267 1464 2338 Αἰγίνῃ
1488 2266 1621 2337 δημότας,

351 2338 425 2393 ἔνθα
442 2337 478 2392 τὰ
497 2336 646 2408 συμπόσια,
665 2355 700 2393 ex
716 2355 748 2392 eo
768 2336 918 2392 verisimile
938 2337 978 2404 fit,
997 2335 1195 2390 Aristoelidem
1213 2355 1269 2391 non
1288 2337 1378 2392 solum
1397 2339 1493 2394 sobria
1511 2338 1622 2392 consilia

350 2410 381 2464 in
399 2409 519 2480 collegio
538 2410 716 2464 sacerdotum
730 2408 849 2476 dedisse,
870 2407 1021 2462 sedetiam
1034 2407 1182 2462 victoriam
1197 2408 1257 2462 eius
1271 2408 1301 2462 in
1315 2409 1503 2464 conciliabulo
1518 2409 1622 2464 illorum

348 2482 527 2536 sacerdotum
546 2481 633 2536 lautis
652 2480 742 2551 epulis
761 2480 933 2535 celebratam
951 2495 1012 2533 esse
1031 2510 1064 2520 -
1085 2485 1126 2534 70.
1147 2480 1177 2534 ἐν
1196 2478 1226 2534 δὲ
1245 2478 1329 2555 νείρᾳ
1347 2481 1435 2545 τέλος·
1460 2481 1495 2536 cf.
1516 2482 1547 2535 O.
1562 2501 1589 2534 ιτ
1601 2499 1623 2535 a

348 2556 378 2608 et
399 2553 502 2608 Herod.
521 2570 591 2608 rus
614 2553 672 2608 ἀπὸ
698 2551 797 2621 πείρης
823 2551 918 2606 πάντα
941 2552 1119 2620 ἀνθρώποισι
1147 2549 1237 2620 φιλέει
1263 2551 1402 2621 γίνεσθαι.
1447 2551 1623 2623 Experientia

349 2627 444 2694 autem
467 2624 602 2693 cernitur,
625 2623 727 2693 quibus
751 2622 869 2692 quisque
893 2622 923 2675 in
945 2623 1029 2676 rebus
1053 2622 1175 2676 excellat
1192 2622 1362 2694 virtutisque
1380 2625 1464 2678 finem
1483 2629 1623 2680 assecutus

349 2696 399 2767 sit,
418 2699 450 2751 ut
467 2713 537 2767 puer
556 2694 679 2751 emineat
702 2695 806 2749 virtute
824 2711 974 2765 puerorum
992 2693 1105 2764 propria
1124 2695 1169 2764 (cf.
1188 2694 1219 2749 P.
1238 2713 1266 2748 ιν
1280 2701 1343 2766 aar),
1362 2695 1405 2750 vir
1423 2695 1557 2766 virorum,
1575 2701 1622 2750 ter·
1671 2704 1672 2786 ρ

347 2768 420 2822 tium
438 2767 550 2836 (τρίτον,
568 2785 624 2822 non
638 2765 739 2837 τρίτος)
754 2766 847 2821 senior
865 2765 1005 2820 seniorum
1019 2797 1054 2806 —-
1070 2773 1111 2822 ta.
1125 2765 1319 2836 παλαιτέροις,
1337 2767 1473 2839 intellego
1492 2768 1623 2832 homines,
1671 2787 1672 2794 ι

349 2839 399 2908 qui
426 2839 634 2910 quinquaginta
662 2838 743 2892 annis
769 2837 891 2892 maiores
915 2836 972 2891 sint
994 2855 1084 2906 neque
1107 2841 1203 2892 tamen
1226 2855 1305 2893 senes
1329 2839 1385 2892 iam
1408 2839 1480 2894 facti
1507 2839 1623 2912 publicis

348 2910 431 2965 rebus
458 2911 594 2966 interesse
622 2909 764 2965 desierint.
805 2909 837 2963 in
865 2909 919 2964 hac
951 2913 1045 2964 aetate
1073 2913 1133 2963 tum
1166 2911 1299 2980 temporis
1326 2910 1512 2965 Aristoclides
1546 2911 1624 2966 luerit

349 2985 472 3052 oportet,
500 3000 630 3051 namque,
653 2980 783 3052 quamvis
807 2980 962 3035 communis
986 2981 1032 3035 hic
1060 2981 1138 3034 locus
1167 2980 1216 3049 sit,
1245 2986 1340 3036 tamen
1366 2981 1547 3037 Aristoclidis
1575 2982 1623 3036 vir-

348 3056 424 3108 tutes
442 3053 500 3107 iam
519 3055 654 3124 probatas
672 3053 786 3108 laudari
809 3052 840 3107 in
862 3055 960 3122 aperto
984 3055 1034 3107 est.
1072 3052 1132 3106 Iam
1154 3069 1227 3121 quae
1252 3057 1406 3122 sequuntur
1423 3055 1513 3109 verba
1531 3053 1580 3128 ἐλᾷ
1598 3052 1623 3107 a

348 3127 398 3180 sat
420 3123 556 3194 τέσσαρας
578 3125 681 3193 ἀρετὰς
703 3129 759 3180 stt.
779 3128 873 3178 nuum
896 3124 1029 3178 virtutem
1053 3141 1162 3194 senum,
1186 3124 1236 3194 qui
1258 3124 1402 3180 hominum
1425 3125 1624 3180 senescentium

348 3195 545 3267 (παλαιτέρων)
570 3199 694 3252 aetatem
716 3196 888 3268 superarint,
912 3195 1066 3266 propriam,
1091 3213 1128 3250 an
1151 3213 1326 3250 communem
1354 3196 1480 3266 aliquam
1505 3197 1624 3250 omnium

350 3271 485 3339 aetatum,
504 3285 577 3337 quae
596 3269 686 3323 tribus
705 3268 858 3323 virtutibus
877 3283 1026 3337 puerorum
1043 3266 1264 3322 adulescentium
1278 3268 1400 3323 virorum
1418 3269 1541 3339 propriis
1561 3273 1624 3322 tam·

350 3357 435 3410 quam
454 3344 556 3409 quarta
575 3340 700 3408 accedat,
719 3340 887 3410 significent,
906 3343 1015 3393 veteres
1034 3341 1062 3392 et
1080 3341 1205 3393 recentes
1223 3339 1389 3410 interpretes
1409 3340 1484 3394 inter
1502 3357 1532 3394 se
1549 3339 1624 3393 dissi-

350 3412 425 3467 dent.
453 3414 546 3481 Atque
560 3411 672 3466 facilior
686 3428 753 3466 sane
768 3413 797 3465 et
810 3411 902 3492 magis
917 3409 1091 3481 inpromptu
1105 3410 1199 3480 posita
1215 3410 1292 3480 prior
1310 3411 1450 3466 sententia
1470 3414 1523 3480 est,
1542 3427 1625 3480 neque

351 3500 413 3537 eam
431 3483 495 3538 ideo
514 3483 764 3552 derelinquendam
783 3499 845 3537 esse
864 3481 966 3550 iudico,
985 3482 1061 3552 quod
1079 3481 1276 3552 aristoclides,
1295 3481 1344 3551 qui
1363 3483 1399 3536 ab
1418 3482 1463 3536 his
1478 3483 1624 3538 virtutibus

349 3571 406 3608 non
429 3556 528 3609 abesse
550 3554 686 3609 laudatur
708 3557 774 3624 (τῶν
796 3556 849 3609 ota
873 3554 972 3608 ἄπεσσι
994 3571 1020 3609 v.
1036 3557 1085 3623 ιι),
1113 3570 1176 3606 τοττι
1200 3558 1331 3621 quartam
1360 3557 1484 3609 aetatem
1508 3555 1624 3608 nondum

350 3626 506 3696 attigisset,
536 3626 623 3680 etiam
650 3626 764 3680 virtutis
792 3631 910 3694 quartae
939 3623 1042 3680 aetatis
1070 3624 1199 3694 propriae
1224 3643 1336 3696 compos
1365 3643 1427 3681 esse
1450 3643 1507 3682 non
1531 3625 1624 3696 potuit.

349 3697 489 3752 Nimirum
516 3697 547 3752 in
572 3697 737 3752 laudatione
760 3697 899 3752 Pindarus
923 3715 940 3750 a
963 3696 1051 3750 nimia
1076 3695 1226 3766 diligentia
1249 3697 1419 3753 abhorrebat
1442 3701 1471 3752 et
1494 3698 1625 3752 hocloco

351 3770 439 3824 etiam
457 3769 549 3841 magis
567 3769 750 3842 neglegentia
768 3770 892 3837 quadam
911 3768 937 3822 ei
952 3768 994 3822 uti
1012 3768 1106 3836 licuit,
1125 3769 1201 3836 quod
1216 3769 1346 3823 extremis
1361 3769 1454 3825 verbis
1469 3778 1586 3840 φρονεῖν
1599 3766 1623 3821 δ’

348 3839 442 3896 ἐνέπει
459 3841 491 3896 τὸ
509 3843 700 3912 παρκείμενον
718 3845 754 3911 (τ.
774 3845 810 3910 τι)
832 3857 889 3894 non
908 3840 998 3894 virtus
1018 3839 1111 3908 quarti
1130 3840 1235 3910 gradus
1255 3841 1372 3908 aetatis,
1396 3840 1414 3896 i.
1434 3859 1449 3896 e
1478 3841 1623 3896 senectutis

349 3913 466 3984 propria
484 3913 640 3985 exponitur,
661 3913 711 3967 sed
729 3912 814 3966 cardo
829 3915 858 3966 et
872 3911 997 3966 medulla
1011 3912 1135 3966 omnium
1150 3914 1272 3981 quatuor
1285 3911 1430 3980 virtutum,
1449 3916 1483 3966 ut
1495 3913 1623 3978 homines,

350 3985 409 4040 sive
431 3986 512 4055 pueri
536 3986 595 4041 sive
615 3985 808 4039 adolescentes
827 3983 886 4038 sive
905 3983 960 4038 viri
978 3983 1038 4036 sive
1057 4001 1136 4038 senes
1155 3987 1233 4054 sunt,
1256 3983 1300 4052 id,
1326 3985 1403 4054 quod
1421 3985 1523 4054 cuique
1542 3983 1621 4038 aetati

369 4057 525 4126 repositum
543 4061 594 4124 est,
613 4060 714 4126 petant
730 4059 816 4124 atque
835 4057 984 4110 sectentur.
1017 4055 1109 4126 Magis
1128 4059 1223 4110 antem
1241 4055 1315 4124 huic,
1335 4073 1421 4126 quam
1439 4073 1484 4111 me
1499 4055 1624 4126 amplecti

349 4075 448 4198 iateor,
468 4128 624 4182 sententiae
643 4126 775 4182 convenit
793 4127 964 4181 adiectivum
979 4128 1083 4196 μακρὸς
1096 4143 1181 4195 quam
1195 4127 1303 4191 θνατὸς
1321 4127 1392 4183 aida
1406 4132 1442 4197 (v.
1454 4131 1502 4198 rs);
1522 4144 1578 4198 qua
1594 4127 1623 4179 de

350 4215 448 4267 causa,
471 4203 622 4326 postqpam
645 4200 694 4254 diu
717 4216 821 4269 anceps
844 4199 938 4266 haesi,
963 4199 1001 4252 ad
1023 4201 1193 4268 postremum
1217 4200 1253 4254 ab
1277 4198 1449 4254 auctoritate
1468 4197 1622 4262 Aristarchi,

348 4274 472 4340 atquae
495 4271 526 4325 in
571 4271 670 4326 indaro
691 4269 778 4327 multo
805 4270 894 4325 levior
920 4270 959 4324 sit
979 4287 1064 4338 quam
1085 4271 1114 4324 iu
1135 4271 1268 4340 Homero,
1293 4273 1424 4327 recedere
1449 4288 1535 4326 ausus
1561 4288 1621 4324 sum.

349 4341 425 4397 Bene
448 4360 514 4398 vero
535 4341 759 4397 Hammerichiua
779 4360 872 4412 meus,
892 4341 1044 4397 Commeat.
1067 4340 1136 4411 phil.
1156 4343 1228 4396 Mon.
1248 4361 1276 4414 p.
1296 4359 1349 4412 ras,
1367 4347 1460 4398 totam
1478 4345 1551 4397 hanc
1569 4360 1621 4396 seu-

349 4413 469 4468 tentiam
487 4414 603 4468 Pindari
622 4432 685 4470 cum
704 4415 817 4484 placitis
832 4415 1073 4484 Pythagoreorum
1092 4414 1127 4468 ds
1146 4415 1321 4483 praestantia
1335 4415 1445 4470 numeri
1459 4413 1622 4485 quaternarii

351 4485 499 4541 cohaerere
514 4487 651 4556 exposuit.
675 4486 770 4541 Possis
785 4487 873 4541 etiam
886 4484 1013 4539 Platonis
1028 4488 1148 4554 quatuor
1162 4484 1281 4540 virtutes
1296 4486 1483 4556 σωφροσύνην
1497 4489 1622 4556 ἀνδρείαν

350 4555 456 4627 σοφίαν
483 4559 666 4628 δικαιοσύνην
690 4559 744 4612 huc
767 4559 892 4626 trahere,
921 4573 1092 4625 quamquam
1114 4573 1132 4610 a
1155 4561 1250 4612 nostro
1274 4561 1359 4628 posta
1385 4557 1570 4630 philosophus
1595 4573 1621 4610 eo

350 4628 479 4698 discedit,
498 4629 575 4699 quod
593 4629 734 4684 iustitiam
751 4629 838 4683 trium
856 4629 981 4699 priorum
999 4627 1135 4682 virtutum
1153 4629 1368 4685 moderatricem
1387 4647 1448 4686 esse
1467 4630 1565 4686 voluit.

424 4706 464 4756 ts.
484 4709 579 4772 χαῖρε,
598 4700 677 4769 vale,
696 4702 749 4756 hoc
767 4703 853 4756 verbo
872 4704 958 4771 poeta
976 4700 1064 4754 etiam
1081 4699 1111 4755 P.
1130 4719 1152 4753 n
1166 4717 1191 4756 st
1214 4700 1409 4757 laudationem
1432 4707 1462 4758 et
1481 4721 1496 4760 e
1517 4701 1623 4758 inicium

353 4790 466 4828 carmen
493 4772 614 4844 claudit;
641 4773 700 4827 iam
722 4773 804 4827 addit
826 4789 931 4844 pauca,
960 4789 1032 4842 quae
1056 4773 1223 4828 admoram
1246 4775 1436 4828 excusandam
1458 4723 1574 4832 valiant
1596 4805 1622 4814 -·
