3417 5434
823 268 973 318 PINDARI
992 268 1158 321 ltPlNlClA.

561 431 593 493 εί
614 427 642 492 δ’
672 429 779 493 ἀεθλα
802 429 941 511 γαρύειν

562 535 687 618 ἔλδεαι,
710 538 812 618 φίλον
834 531 931 621 ἦτορ,

500 657 516 705 σ
561 639 668 726 μηκέτ’
698 640 812 726 ἀελίου
836 644 951 708 σκόπει

562 749 643 813 ἀλλο
667 753 898 833 θαλπνότερον
921 748 958 812 έν
981 749 1056 833 ἀμέ-

605 879 648 940 ρᾳ
670 857 819 940 φαεννὸν
841 856 965 940 ἀστρον
989 855 1125 940 έρή-μας
1148 853 1190 920 δι’
1219 853 1369 939 αἰθέρος,
1471 871 1501 918 10

560 959 638 1045 μηδ’
662 959 847 1046 Ὀλυμπίας
870 962 983 1045 ἀγῶνα
1006 961 1169 1047 φέρτερον
1192 961 1250 1026 αὐ·
1265 961 1424 1044 δαίσομεν·
1517 1027 1520 1034 ,

481 1153 484 1160 ,
564 1069 646 1133 ὅθεν
670 1068 687 1134 ὁ
712 1070 905 1152 πολύφατος
927 1069 1032 1154 ὕμνος
1054 1067 1295 1154 ἀμφιβάλλεται

561 1187 678 1258 σοφῶν
701 1180 869 1261 μητίεσσι,
891 1177 1043 1242 κελαδεῖν

484 1301 515 1346 ιο
561 1286 696 1366 Κρόνου
720 1283 808 1347 παῖδ’
837 1283 870 1360 ές
893 1284 1022 1368 ἀφνεὰν
1047 1282 1221 1368 ἱκομένους

560 1389 725 1474 μάκαιραν
743 1389 894 1476 Ἱέρωνος
917 1389 1043 1474 ἑστίαν,

560 1700 752 1779 θεμιστεῖον
776 1693 812 1770 ὃς
834 1692 977 1778 ἀμφέπει

605 1813 751 1865 σκᾶπτον
774 1800 811 1865 ἐν
833 1803 1011 1889 πολυμάλῳ

561 1911 714 1994 Σικελίᾳ,
737 1907 869 1992 δρέπων

604 2011 665 2099 μέν
688 2015 839 2099 κορυφὰς
861 2013 982 2095 ἀρετᾶν
1003 2016 1070 2079 άπο
1093 2027 1217 2098 πασᾶν,

560 2121 745 2203 ἀγλαΐζεται
769 2118 807 2186 δὲ
829 2119 884 2186 καὶ

483 2245 515 2293 15
560 2241 722 2313 μουσικᾶς
745 2229 782 2293 έν
805 2226 916 2316 ἀώτῳ,

560 2327 614 2400 οἷα
637 2339 794 2420 παίζομεν
817 2339 922 2419 φίλαν

418 2624 442 2673 3.
461 2618 566 2688 γαρύεν
584 2618 686 2684 AOD,
709 2635 735 2673 v.
755 2618 827 2674 Prol.
847 2638 875 2671 xl
896 2651 927 2659 -
948 2625 972 2674 6.
991 2617 1118 2686 φαεννὸν
1136 2617 1177 2672 E:
1195 2616 1305 2685 φαενδν
1320 2617 1388 2684 ΑΟ,
1402 2616 1520 2684 φαεινὸν
1529 2615 1563 2669 D.
1581 2643 1607 2651 -
1664 2652 1665 2663 ι

350 2693 372 2742 7.
389 2689 549 2760 αὐδάσομαι
566 2690 612 2744 vel
636 2689 712 2744 αὔδα
731 2690 764 2744 σί
783 2710 830 2760 μοι
849 2689 920 2746 coni.
935 2689 1037 2743 Naber.
1058 2721 1091 2729 -
1112 2694 1152 2742 10.
1169 2687 1315 2757 ἱκομένους
1328 2687 1392 2742 AD
1404 2689 1435 2740 et
1448 2685 1541 2741 schol:
1558 2681 1607 2738 ίκά
1664 2698 1665 2743 1

348 2780 426 2830 μενοι
448 2761 481 2829 C,
500 2759 640 2832 ἱκομένοις
657 2762 722 2831 Byr.
744 2794 776 2802 —
798 2769 838 2816 12.
857 2761 1005 2834 πολυμάλῳ
1023 2761 1134 2815 Τλιοιιι.;
1153 2758 1302 2832 πολυμάλῳ
1322 2759 1413 2814 AGD
1432 2791 1465 2798 -

610 2957 656 3021 'an
673 2941 768 3022 ¹entiae
786 2939 828 2994 rei
845 2938 940 3009 gratia
958 2939 1087 2994 additum
1106 2941 1150 2992 est
1168 2935 1329 3008 oppositum
1347 2934 1427 2992 νυκτί
1445 2955 1470 2991 v.
1485 2951 1498 2991 s
1512 2969 1541 2976 -
1555 2930 1608 2999 ἐρή-

418 2945 442 2992 6,
463 2937 530 2993 lvd
552 2939 601 2993 έα

347 3029 401 3079 μσς
415 3008 454 3063 δι’
468 2959 724 3077 αδθδάοὲἐιιιιιδιέοι
738 3028 756 3063 a
769 3010 892 3065 Pindaro
907 3011 1014 3064 dictum
1028 3014 1072 3064 est
1085 3013 1171 3078 atque
1185 3009 1222 3062 ab
1235 3009 1354 3063 Horatio
1368 3008 1396 3063 Ο.
1412 3027 1423 3060 ι
1436 3025 1455 3074 ι,
1469 3025 1495 3063 ιι
1507 3021 1607 3062 coruum
1664 3038 1665 3047 2

347 3099 419 3136 aero.
446 3081 572 3135 Vacuum
587 3085 682 3135 autem
697 3081 812 3136 aethera
827 3082 931 3136 dixisse
944 3085 1030 3150 poeta
1043 3082 1164 3148 videtur,
1178 3097 1236 3134 non
1250 3080 1326 3148 quod
1340 3096 1450 3151 semper
1463 3077 1608 3148 corporibus

347 3152 464 3206 terrenis
487 3152 676 3223 gravibusque
694 3155 822 3220 vacaret,
844 3154 894 3206 sed
913 3153 988 3222 quod
1006 3156 1067 3207 tum
1085 3154 1179 3206 cetera
1197 3151 1291 3204 sidera
1308 3151 1418 3232 fulgore
1438 3149 1505 3204 solis
1522 3149 1607 3216 fugata

347 3226 441 3277 essent
464 3256 497 3263 —
523 3230 546 3279 7.
566 3221 663 3278 σκέπει
684 3269 710 3279 ..
731 3223 798 3294 μηδ’
819 3225 993 3294 αὐδάσομεν·
1013 3224 1174 3292 αὐδάσομεν
1194 3240 1227 3276 ex
1245 3222 1393 3276 Homerico
1411 3239 1465 3274 usu
1483 3221 1537 3275 vim
1552 3234 1606 3270 con-

345 3293 464 3348 iunctivi
482 3294 582 3362 habet,
608 3298 640 3348 ut
659 3294 781 3368 βάσομεν
799 3312 849 3366 pro
870 3294 999 3368 βάσομεν
1023 3295 1054 3349 0.
1073 3310 1108 3349 v1
1125 3310 1164 3363 es,
1188 3292 1298 3359 δέξεται
1315 3310 1366 3363 pro
1386 3291 1499 3362 δέξηται
1515 3292 1545 3345 fr.
1563 3305 1606 3344 uss:

297 3389 299 3394 ·
347 3364 477 3418 similiter
499 3381 564 3420 vero
587 3365 785 3436 imperativum
813 3385 877 3421 cum
904 3365 1083 3421 coniunctivo
1107 3365 1253 3419 coniunxit
1274 3365 1294 3418 Ι.
1313 3380 1405 3420 νιιιι
1428 3362 1605 3432 θεράπευε..

347 3435 537 3506 δαμωσόμεθα
561 3469 593 3477 -
618 3443 642 3492 8.
663 3437 878 3510 ἀμφιβάλλεται’
898 3438 932 3492 cf.
952 3439 1032 3492 Hom.
1052 3437 1078 3490 K
1095 3452 1135 3492 σεε
1153 3437 1227 3506 ἀμφὶ
1245 3435 1349 3500 ιιτάπος
1368 3435 1457 3490 οὔατα
1469 3433 1560 3559 βάλλει
1578 3460 1604 3468 -
1664 3492 1665 3495 ρ

346 3513 370 3562 9.
395 3506 492 3580 σοφοί·
515 3513 616 3580 poetae
639 3509 817 3580 potissimum
840 3510 894 3564 hoc
915 3509 1028 3564 nomine
1051 3526 1069 3562 a
1092 3507 1214 3562 Pindcro
1238 3511 1373 3561 ornantur
1400 3507 1446 3576 (cf.
1494 3520 1550 3561 ,ιιι
1566 3517 1604 3555 ιο.
1664 3552 1665 3561 ,

346 3579 368 3633 Ι.
387 3594 398 3633 1
417 3583 462 3648 ιε),
488 3583 521 3632 ut
539 3597 556 3634 a
576 3579 687 3634 Catullo
706 3583 806 3649 poetae
826 3580 903 3634 docti
922 3581 1054 3635 dicuntur
1072 3612 1105 3619 —
1127 3585 1168 3633 10.
1189 3576 1346 3648 ἱκομένους·
1371 3594 1428 3632 ecc.
1448 3594 1471 3633 c.
1490 3576 1534 3630 inf.
1551 3573 1606 3642 post
1664 3622 1665 3651 3

344 3651 560 3719 praecedentem
570 3650 698 3704 dativum
713 3651 843 3706 similiter
858 3652 1006 3722 usurpavit
1021 3651 1050 3707 P.
1066 3667 1092 3705 11
1107 3668 1141 3718 ει,
1156 3650 1226 3704 Χειι.
1241 3666 1286 3704 an.
1300 3665 1340 3704 ιιι
1354 3667 1375 3715 ε,
1390 3667 1402 3704 ι
1417 3649 1465 3703 lto

344 3722 573 3791 καταστήσαντας
587 3726 746 3792 συγκαλεῖν·
767 3724 800 3777 of.
816 3723 924 3805 Kruiger
938 3724 1060 3779 Gramm.
1075 3723 1203 3790 σσ,1Αιι.
1219 3738 1280 3775 1-
1295 3728 1336 3776 12.
1355 3725 1527 3790 θεμιστεῖον,
1547 3738 1601 3774 σοι
1664 3760 1666 3769 .

345 3797 420 3848 trum
444 3795 519 3864 regis
542 3793 586 3848 ius
609 3793 764 3863 (θέμιστας)
788 3795 908 3849 dicentis
931 3827 965 3836 -
989 3801 1031 3849 12.
1054 3793 1203 3866 πολυμήλῳ
1227 3790 1342 3866 Σικελίᾳ
1365 3809 1451 3860 quarn
1474 3796 1580 3862 πολυμι
1664 3824 1666 3869 3

345 3869 407 3920 Σικ.
426 3865 472 3920 vel
490 3865 588 3920 invitis
612 3864 726 3936 optimis
750 3866 893 3920 codicibus
917 3866 1038 3921 scribere
1060 3865 1161 3930 malui,
1186 3865 1263 3933 quod
1285 3866 1370 3933 poeta
1393 3863 1423 3917 P.
1443 3878 1491 3917 xn
1512 3882 1521 3917 ι
1542 3885 1580 3933 μυ,
1664 3900 1666 3937 :

345 3934 428 4007 βάτου
453 3935 634 4007 Ἀκράγαντος
662 3936 750 4006 dixit,
778 3940 807 3992 et
835 3938 962 3992 Siciliam
984 3937 1075 4008 magis
1098 3935 1246 4008 pecoribus
1275 3935 1390 4004 (μήλοις)
1418 3951 1505 4003 quam
1534 3953 1583 4006 por
1664 3949 1666 3987 ε

345 4007 462 4078 (polluis)
485 4008 629 4062 abundare
653 4008 710 4062 iam
733 4011 814 4062 vetus
837 4009 914 4063 semu
939 4009 1105 4091 Polyphemi
1132 4007 1256 4078 pastoris
1279 4008 1308 4060 et
1330 4005 1503 4076 pastoriciee
1532 4023 1580 4077 po(
1664 4017 1666 4085 ξ

346 4078 424 4148 origo
445 4079 611 4149 prodebant.
649 4079 747 4149 Neque
766 4081 802 4134 ab
821 4080 875 4134 hac
894 4083 1036 4135 sententia
1054 4097 1099 4134 me
1118 4077 1229 4148 depulit
1251 4077 1398 4147 epitheton
1422 4076 1536 4132 Siculae
1556 4079 1585 4131 du
1633 4142 1634 4145 ρ
1664 4090 1666 4104 “

267 4213 270 4218 1
347 4151 496 4220 Δάματρος
523 4149 685 4222 μαλοφόρου
713 4169 757 4222 ep.
785 4152 868 4206 Pauo.
892 4171 903 4204 1
925 4169 965 4221 ιο,
993 4169 1006 4206 s
1033 4155 1063 4207 et
1089 4152 1120 4205 in
1147 4149 1233 4204 titulo
1261 4148 1419 4203 Selinuntio
1447 4166 1492 4219 ep.
1521 4147 1587 4202 Καί

344 4221 436 4276 lusu.
456 4239 508 4290 ²⁶83
531 4224 564 4275 ut
582 4223 657 4277 enim
675 4223 746 4277 bene
765 4223 819 4277 dea
837 4241 952 4293 pomum
977 4241 1062 4277 manu
1081 4226 1179 4277 tenens
1198 4218 1358 4292 μαλοφόρος
1375 4222 1564 4289 nuncupatur,

345 4293 875 4433 luti‘ninetllet‘bilibllllit?
892 4295 1268 4434 btfflt‘lt‘ubrlttft
1287 4291 1589 4432 {tilulum

345 4435 450 4506 χθονὸς
474 4436 532 4490 scil.
552 4437 658 4509 Λιβύας
682 4468 715 4476 -
740 4443 780 4491 13.
802 4435 913 4504 δρέπων
931 4436 983 4506 μὲν
1003 4481 1008 4492 ,
1025 4482 1030 4492 .
1047 4483 1052 4492 .
1072 4437 1230 4506 ἀγλαίζεται
1250 4431 1294 4489 δέ·
1319 4451 1370 4488 suo
1388 4449 1464 4487 more
1483 4433 1623 4487 Pindarus

345 4505 458 4580 dicendi
480 4506 630 4562 formulam
655 4507 749 4562 variet
777 4509 933 4564 indicativo
956 4512 1022 4580 post
1044 4508 1225 4578 participium
1248 4524 1315 4560 usus
1344 4537 1377 4545 -
1407 4511 1448 4559 15.
1472 4504 1624 4558 Hieronem

344 4578 551 4646 μουσικώτατον
570 4581 732 4648 ἀνθρώπων
755 4581 842 4634 etiam
865 4581 934 4635 Xen.
953 4581 1028 4635 Hier.
1047 4600 1076 4634 ιν
1095 4598 1120 4636 15
1138 4579 1251 4647 laudat3
1277 4581 1424 4648 praeterea
1442 4575 1539 4630 confer
1556 4575 1621 4654 Pin·

353 4652 444 4706 'arum
467 4648 559 4718 ipsum
583 4650 614 4706 0.
638 4671 667 4704 vr
689 4668 716 4708 οι
745 4683 777 4692 -
807 4658 848 4706 16.
872 4650 1007 4721 παίζομεν
1107 4651 1220 4719 ἀνδρεςΙ
1245 4648 1408 4703 amabiliter
1430 4650 1515 4718 poeta
1539 4646 1621 4713 ludit,

354 4721 437 4788 aubis
462 4721 609 4775 contrariis
633 4741 713 4794 usus,
738 4741 800 4778 cum
823 4724 898 4779 viros
921 4725 978 4777 ritu
1002 4741 1151 4794 puerorum
1173 4723 1204 4775 in
1227 4720 1356 4776 convivio
1374 4720 1471 4798 ludere
1490 4718 1568 4772 dicat
1588 4748 1620 4756 -
