3417 5434
357 368 420 433 108
823 372 973 426 1111111111
991 374 1158 427 semrom.

356 557 468 614 pompa
491 539 639 597 cantando
664 538 752 599 unice
779 540 951 618 conveniat,
974 560 1060 601 omne
1086 562 1204 602 cumen
1229 542 1361 603 numeris
1385 544 1502 603 senaiih
1522 538 1621 626 (ποσίν

355 620 529 708 ἕξασήμοις)
547 628 709 705 temperari
726 630 790 689 reri
808 629 905 689 simile
924 632 978 690 est.
1007 629 1073 701 Qua
1091 631 1127 692 de
1146 650 1238 693 eausa
1255 650 1359 693 versus
1378 634 1452 693 sexti
1469 653 1530 695 cum
1546 636 1619 695 dua-

354 736 423 775 rum
446 720 550 793 pateat
572 717 623 777 ria
646 717 827 778 divisionum

780 928 1208 981 ῲυωυιυωυβ-

356 1039 524 1116 dipodicam
548 1038 725 1099 divisionem
752 1040 977 1116 praeferendam
1001 1040 1085 1119 duxi,
1109 1041 1193 1101 etin
1217 1060 1305 1102 versu
1328 1042 1435 1120 quinto
1457 1044 1619 1105 dubitabam

356 1148 394 1187 an
417 1148 453 1187 ex
475 1128 568 1189 variis
590 1128 769 1189 lectionibus
791 1148 842 1189 eae
873 1130 1046 1209 selegerem,
1077 1149 1154 1207 quae
1178 1130 1347 1207 dipodicam
1370 1133 1545 1194 scansionem
1565 1136 1619 1193 ad·
1668 1142 1669 1145 ’

355 1218 518 1278 mitterent.
564 1218 692 1278 Maiores
715 1238 785 1278 vero
808 1218 1003 1279 difficultates
1032 1220 1156 1297 pariunt
1178 1220 1326 1297 tripediae
1350 1224 1534 1283 catalecticos
1554 1244 1617 1283 ver-

354 1327 443 1367 suum
472 1308 586 1385 quarti,
614 1308 747 1386 septimi,
774 1308 887 1386 octavi,
915 1328 1044 1385 quorum
1070 1328 1212 1370 versuum
1238 1310 1353 1387 primus
1381 1314 1412 1371 et
1439 1312 1538 1372 tertius
1563 1313 1620 1371 nisi

355 1397 495 1458 inanibus
522 1397 707 1474 temporibus
735 1398 858 1458 adscitis
882 1400 937 1457 ant
959 1398 1050 1476 longa
1072 1397 1156 1458 finali
1179 1399 1210 1458 in
1234 1399 1367 1477 spatium
1391 1418 1441 1461 sex
1463 1404 1619 1477 temporum
1670 1428 1671 1461 1

355 1487 501 1564 producta
524 1486 693 1563 dipodicam
716 1487 901 1547 scansionem
925 1506 984 1547 non
1013 1488 1192 1566 admittunt,
1221 1489 1353 1549 medium
1376 1490 1433 1550 hoc
1456 1490 1538 1551 modo
1558 1511 1618 1567 per-

353 1576 527 1637 cutiendum
550 1576 640 1636 dnco:

762 1686 780 1710 a
805 1678 965 1711 υ-υυλ..
1021 1686 1091 1710 -υυ
1118 1688 1136 1712 .·.
1163 1686 1181 1710 υ
1208 1704 1223 1713 .

355 1774 455 1833 htinns
477 1773 555 1832 illud
578 1793 658 1852 curo,
680 1776 783 1832 utrum
806 1792 842 1833 ex
865 1772 983 1833 duobus
1006 1772 1110 1850 primis
1133 1774 1287 1835 versiculis
1306 1794 1401 1835 unum
1420 1794 1535 1836 versum
1552 1775 1618 1835 duee
1671 1756 1672 1765 ί

355 1862 485 1941 Bergkio
508 1863 687 1941 faciendum,
711 1880 749 1921 an
772 1862 902 1922 Pindaro
926 1862 1079 1923 licentiam
1096 1882 1200 1923 versus
1223 1862 1254 1923 in
1277 1864 1454 1943 compagine
1476 1866 1619 1941 compositi

354 1951 484 2012 nominis
507 1944 747 2033 (φιλησί-μολιτε)
770 1951 848 2011 finiti
877 1952 1103 2013 condonandam
1126 1955 1157 2012 et
1178 1952 1307 2029 primam
1334 1954 1457 2033 longam
1479 1974 1536 2014 non
1556 1973 1620 2013 ana·

355 2041 465 2101 crusim
486 2042 538 2102 sed
559 2044 676 2118 partem
698 2042 813 2118 primae
836 2041 974 2117 dipodiae
998 2032 1050 2123 (cf.
1070 2041 1150 2101 Prol.
1167 2062 1196 2118 p.
1215 2035 1249 2124 n)
1272 2060 1335 2103 esse
1359 2043 1460 2103 ducas.
1493 2042 1619 2103 0111111111
1672 2056 1673 2083 l

354 2131 498 2190 lectiones
520 2130 611 2190 huius
633 2131 782 2209 carminis,
808 2151 877 2190 cum
900 2131 931 2190 in
954 2128 1063 2190 ultima
1085 2130 1198 2209 pagina
1220 2132 1330 2192 codicis
1353 2133 1508 2210 archetypi
1529 2152 1620 2193 eram·

356 2224 422 2279 tum
442 2220 558 2297 fuisset,
581 2220 642 2279 iam
661 2221 831 2297 antiquitus
854 2221 928 2281 adeo
952 2220 1092 2280 turbatae
1115 2224 1209 2298 erant,
1233 2224 1268 2279 ut
1289 2222 1407 2282 metrici
1425 2226 1544 2301 veteres,
1564 2241 1620 2299 qua

356 2312 442 2369 erant
464 2310 578 2389 ingenii
601 2310 816 2389 imbecillitate,
840 2329 959 2370 carmen
980 2329 1040 2369 non
1058 2310 1089 2369 in
1109 2310 1262 2387 stropham
1282 2312 1313 2369 et
1331 2311 1554 2389 antistropham,
1574 2312 1621 2370 sed
1673 2328 1674 2409 χ

356 2398 386 2457 in
415 2398 490 2459 duas
517 2399 646 2476 impares
674 2400 812 2475 strophas
840 2398 1014 2460 dividerent.
1060 2399 1197 2475 Denique
1225 2419 1331 2460 moneo
1359 2400 1499 2461 carminis
1521 2400 1620 2478 insigni
1673 2410 1674 2437 l

355 2489 501 2548 suavitati
524 2492 555 2548 et
577 2488 743 2565 Lydiorum
761 2489 919 2548 modorum
938 2488 1037 2547 decori
1056 2480 1107 2569 (cf.
1122 2488 1214 2547 Arist.
1228 2488 1314 2566 polit.
1328 2508 1383 2549 vm
1401 2501 1415 2549 1
1431 2480 1619 2567 p.1342¹’30)

356 2599 409 2638 nec
432 2599 492 2639 non
514 2578 640 2638 iuvenili
664 2578 758 2637 aetati
780 2578 903 2638 victoris
926 2596 1087 2653 puerorum
1110 2578 1235 2639 chorum
1257 2570 1389 2660 (παίδων
1408 2572 1510 2659 χορόν)
1533 2579 1619 2655 aptio-

354 2689 418 2728 rem
440 2669 533 2728 fnisse
557 2687 648 2745 quam
670 2668 803 2729 virorum
828 2660 961 2747 (ἀνδρῶν
984 2659 1095 2747 χορόν).

515 2827 694 2909 Καφισίων
715 2822 849 2889 ὑδάτων
873 2827 1023 2908 λαχοῖσαι
1326 2828 1407 2911 Dap,
1430 2822 1474 2889 α’.

568 2932 638 2997 αίτε
661 2932 769 2996 ναίετε
791 2933 1002 2996 καλλίπωλον
1024 2928 1141 3014 ἕδραν,

516 3037 542 3105 ὧ
565 3044 706 3124 λιπαρᾶς
728 3037 875 3122 ἀοίδιμοι
898 3040 1062 3122 βασίλειαι

515 3147 654 3231 Χάριτες
674 3143 882 3230 Ὀρχομενοῦ,
905 3147 1116 3227 παλαιγόνων
1140 3149 1279 3209 Μινυᾶν
1302 3143 1484 3229 ἐπίσκοποι,
1529 3162 1544 3210 5

514 3251 619 3335 κλῦτ’,
643 3251 711 3319 ἐπεὶ
734 3254 884 3337 εὔχομαι·

569 3362 634 3425 σὺν
656 3359 719 3446 γὰρ
743 3360 802 3444 ὔμ-
813 3383 872 3444 μιν
895 3358 936 3423 τοί
958 3382 993 3423 τε
1016 3358 1139 3444 τερπνὰ
1161 3356 1217 3423 καί

427 3573 508 3609 vanis
526 3572 630 3609 necno.
658 3554 743 3608 Inscr.
763 3569 816 3608 om.
837 3554 872 3622 B,
889 3549 1026 3626 Ἀσωτίχῳ
1044 3546 1176 3623 (haculo
1191 3552 1235 3621 E)
1250 3549 1417 3623 Ὀρχομενίοι
1431 3555 1540 3607 σταδιεῑ
1552 3550 1622 3605 παιδί

357 3625 521 3696 Κλεοδάμου
542 3627 651 3692 (ίΒΕς
668 3627 819 3751 χιιαοδοιοω
837 3624 902 3680 add.
918 3633 1031 3680 νικῶντι
1048 3624 1101 3693 τήν
1119 3608 1165 3689 ιζ]
1182 3624 1220 3679 δλ.
1240 3624 1270 3678 D
1288 3634 1333 3693 (ε
1354 3629 1387 3691 Δ,
1400 3609 1453 3679 ἰς’
1473 3640 1508 3678 ex
1527 3624 1566 3689 οῖ’
1584 3626 1623 3687 Ξ),

357 3697 503 3766 νικήσαντι
525 3697 577 3766 τὴν
601 3697 648 3759 ος’
685 3696 830 3767 λνμττιοίδα
853 3698 884 3751 Ε
900 3729 933 3737 -
953 3696 1058 3752 Schol.:
1085 3690 1166 3758 οὗτος
1189 3692 1298 3765 ἐνίκησε
1321 3696 1373 3765 τὴν
1396 3695 1444 3758 ος’
1461 3693 1623 3765 Ὀλυμπιάδα

356 3768 459 3843 σταδίῳ
472 3802 508 3810 -
523 3776 546 3823 1.
566 3786 678 3838 ααφισσ.
695 3768 725 3822 D
739 3801 772 3808 -
788 3766 848 3822 αίτε
863 3768 960 3823 codd:
978 3764 1054 3821 ταίτε
1074 3767 1175 3837 Bergk,
1194 3771 1328 3837 λαχοῖσαι
1342 3764 1404 3821 αίτε
1422 3766 1545 3835 Bocchh,
1563 3766 1622 3820 reri·

357 3840 487 3896 similiter
510 3872 542 3881 -
566 3838 740 3895 καλλίιτωλον
763 3841 791 3894 Β
798 3840 882 3895 θ’Βε
912 3836 1081 3912 καλλίβωλον
1105 3838 1128 3893 0
1135 3839 1152 3907 ¹,
1176 3842 1324 3907 utmmque
1348 3837 1434 3893 schol.
1459 3869 1492 3877 -
1517 3844 1541 3893 3.
1563 3837 1623 3906 Ὀρχ,

357 3913 493 3969 BODE:
509 3910 584 3983 Ἐρχ.
599 3930 633 3968 ex
651 3930 721 3967 rece.
737 3912 816 3967 codd.
832 3911 958 3976 Boeehh3
978 3910 1073 3965 ef.1.1
1092 3926 1130 3977 ως
1150 3910 1297 3978 antiquam
1315 3909 1435 3964 sormam
1450 3907 1526 3979 Ἐρχ.
1540 3908 1623 3973 luisse,

357 3988 498 4039 recentem
517 3982 590 4110 ὈρΖχ,
614 3984 645 4039 in
671 3982 768 4038 Attica
799 3985 901 4052 quarto
932 3981 1044 4037 saeculo
1074 3984 1141 4037 ante
1171 3980 1233 4037 Chr.
1258 3984 1349 4035 ortam
1379 3996 1440 4035 esse
1466 3981 1548 4035 docet
1571 3980 1622 4035 Joh.

359 4056 487 4110 Schmidt
504 4056 537 4109 Κ.
575 4100 581 4111 .
599 4056 634 4111 N.
650 4056 680 4110 F.
699 4074 738 4109 xn
752 4072 791 4109 eso
811 4086 844 4094 -
864 4061 889 4109 4.
910 4053 994 4125 ίμμιν
1013 4053 1169 4108 Hermanm
1193 4054 1259 4123 ὑμῖν
1278 4054 1305 4107 Β
1317 4053 1389 4121 01),
1408 4053 1460 4107 σὺν
1478 4052 1563 4121 ὔμμιν
1580 4051 1622 4122 pelo

358 4127 429 4183 coni,
448 4128 574 4198 Boechh,
600 4128 666 4182 ride
690 4125 800 4180 antisti.
820 4124 908 4180 -τοί
930 4144 959 4180 τε
982 4124 1089 4190 τερπνὰ
1113 4124 1184 4179 coni.
1203 4124 1358 4180 Hermann:
1381 4123 1417 4177 τδι
1435 4124 1542 4193 τερπνὰ
1561 4122 1623 4189 BD,

430 4289 618 4326 comprssu.
655 4288 681 4326 r.
702 4276 725 4326 1.
750 4266 898 4338 Καφισίων
914 4312 919 4324 .
937 4311 942 4323 .
959 4310 964 4321 .
981 4266 1079 4337 ἕδραν·
1099 4284 1172 4337 quae
1192 4268 1286 4321 sedem
1305 4266 1334 4321 in
1352 4264 1422 4337 ripis
1440 4266 1567 4337 Cephissi
1584 4266 1622 4320 flu·

358 4342 440 4397 minis
460 4342 577 4397 sortitae
595 4341 719 4397 incolite.
747 4341 923 4397 Sententiam
942 4340 1030 4411 igitur
1048 4340 1185 4421 optimam
1203 4338 1288 4393 lectio
1305 4342 1433 4409 λαχοῖσαι
1447 4338 1572 4407 praehet,
1585 4335 1623 4391 sed

357 4418 447 4469 metro
466 4418 496 4469 et
513 4414 594 4467 hiatu
617 4412 753 4468 orationis
771 4412 935 4467 coniectura
955 4411 1090 4465 Boeelshii
1109 4415 1243 4481 λαχοῖσαι
1262 4409 1474 4465 commendatur
1492 4440 1528 4451 -
1546 4404 1624 4463 notti-

357 4490 465 4540 πωλοι·
491 4485 602 4556 epinico
625 4484 744 4539 carmini
761 4483 855 4537 minus
874 4482 1032 4537 fertilitatis
1051 4479 1242 4555 (καλλίβωλον)
1260 4481 1323 4535 laus
1343 4480 1474 4535 convenit
1493 4498 1576 4549 qnam
1592 4477 1624 4533 rei

359 4556 504 4627 equestris.
541 4556 633 4612 Simili
657 4556 782 4627 epitheto
807 4556 932 4610 εδτώλοο
956 4554 999 4608 nsi
1021 4558 1087 4608 sunt
1104 4554 1184 4609 Hom.
1201 4557 1225 4608 Ε
1243 4570 1291 4609 esi.
1310 4555 1340 4606 Π
1357 4568 1409 4620 ere,
1429 4551 1512 4623 Soph.
1529 4551 1623 4607 011111

358 4662 393 4669 -
412 4635 436 4684 8.
455 4626 635 4698 παλαιγόνων
654 4632 783 4683 Μινυᾶν·
803 4627 916 4695 Minyas
934 4625 1041 4697 priscos
1063 4625 1170 4679 incolas
1190 4623 1357 4679 Orchomeni
1376 4626 1461 4693 poeta
1481 4622 1562 4693 dixit,
1581 4622 1624 4677 llo·

358 4700 493 4756 moricum
510 4702 543 4782 (B
557 4703 607 4769 sii)
622 4698 791 4770 Ὀρχομενὸν
809 4698 950 4753 Μινύειον
969 4700 1089 4752 secutus.
1127 4696 1286 4765 Minyarum
1306 4696 1401 4749 autem
1419 4694 1555 4765 populum
1569 4694 1624 4749 olim

358 4771 417 4826 late
438 4789 490 4842 per
511 4770 619 4825 msulae
643 4776 672 4826 et
695 4788 773 4825 oram
795 4770 931 4825 Graeciae
956 4769 1088 4823 diffusum
1111 4768 1198 4823 fuisse
1222 4770 1251 4821 et
1276 4784 1340 4821 oum
1363 4764 1422 4820 alia
1444 4765 1550 4837 oppida
1577 4770 1625 4819 tum

360 4842 565 4899 Orchomenum
582 4847 612 4897 et
629 4843 736 4899 Iolcum
754 4841 879 4897 tenuisse
897 4841 1036 4897 Pindarus
1055 4840 1171 4909 eiusque
1190 4838 1323 4909 aequales
1342 4837 1496 4893 credebant
1513 4869 1548 4878 —
