3417 5434
613 345 772 396 OLYMPIA
791 346 824 398 X.

235 505 345 590 πέφνε
369 504 398 570 δ’
426 508 596 591 Εὔρυτον,
620 506 665 581 ὡς
687 505 822 588 Αὐγέαν
846 507 983 591 λάτριον
1049 503 1132 570 Ἀντ.
1156 506 1203 589 β’.

235 611 378 697 ἀέκονθ’
404 610 489 678 ἑκὼν
512 614 637 697 μισθὸν
660 612 822 698 ὑπέρβιον
1240 630 1273 677 35

236 720 438 804 πράσσοιτο·
461 722 616 804 λόχμαισι
639 716 676 783 δέ
700 720 874 795 δοκεύσαις

290 826 358 891 ὑπὸ
382 830 544 892 Κλεωνᾶν
566 828 692 911 δάμασε
714 824 770 891 καὶ

291 937 424 1011 κείνους
442 932 626 1019 Ἡρακλέης
648 931 702 1018 ἐφ’
728 933 813 1022 ὁδῷ,

237 1042 292 1105 ὅτι
314 1044 445 1127 πρόσθε
467 1036 546 1105 ποτὲ
574 1041 760 1126 Τιρύνθιον

234 1151 381 1234 ἔπερσαν
405 1148 494 1236 αὐτῷ
518 1149 661 1233 στρατὸν

234 1268 356 1340 μυχοῖς
378 1256 495 1339 ἥμενοι
508 1253 644 1330 Ἄλιδος

238 1474 409 1547 Μολίονες
429 1469 640 1555 ὑπερφίαλοι.

291 1575 348 1642 καὶ
370 1578 438 1662 μάν
461 1574 643 1654 ξεναπάτας

161 1703 188 1719 ··
234 1684 377 1750 Ἐπειῶν
399 1686 555 1767 βασιλεὺς
578 1685 698 1749 όπιθεν

237 1792 279 1857 οὐ
302 1793 429 1856 πολλὸν
453 1791 503 1855 ίδε
525 1791 669 1876 πατρίδα
692 1797 794 1856 πολυ-

290 1897 432 1983 κτέανον
454 1898 520 1963 ὑπὸ
543 1909 665 1985 στερεῷ
687 1896 769 1983 πυρὶ

235 2012 380 2089 πλαγαῖς
402 2028 437 2069 τε
459 2005 602 2091 σιδάρου
625 2008 739 2089 βαθὺν
761 2007 809 2081 είς
832 2004 949 2089 ὀχετὸν
973 2008 1052 2082 ἀτας

236 2116 366 2193 ἵζοισαν
390 2109 448 2178 ἑὰν
470 2116 579 2178 πόλιν.

235 2233 347 2298 νεῖκος
370 2217 407 2285 δὲ
429 2222 620 2306 κρεσσόνων

158 2346 192 2393 40
237 2326 405 2394 ἀποθέσθ’
433 2329 570 2412 άπορον.

235 2435 293 2501 καὶ
314 2447 425 2512 κεῖνος
447 2435 590 2522 ἀβουλία
612 2434 753 2511 ὕστατος

236 2544 380 2619 ἁλώσιος
403 2542 562 2619 ἀντάσαις

292 2651 444 2715 θάνατον
467 2652 569 2715 αἰπὺν
593 2649 654 2714 οὐκ
677 2648 845 2734 ἐξέφυγεν.
1240 2670 1274 2717 50

152 2884 192 2937 λδ.
211 2878 278 2935 ὥστ’
290 2881 317 2934 A
333 2912 366 2920 -
382 2885 426 2935 29.
445 2878 538 2934 ἀέκων
551 2876 584 2933 δ’
605 2879 748 2934 01—30.
767 2876 917 2943 κάκείνους
931 2881 1011 2935 codd.
1028 2914 1061 2922 -
1076 2887 1119 2937 3³.
1139 2880 1238 2952 ἥμενοι
1252 2882 1361 2953 Heyne:

94 2948 185 3017 ἥμενον
198 2952 283 3023 (ἀμεν
293 2953 332 3021 Β)
341 2951 464 3007 ABoD
478 2955 508 3007 et
521 2950 608 3005 schol.
619 2982 652 2991 -
663 2957 706 3006 34.
717 2948 851 3022 μολίωνες
860 2954 887 3007 Α
898 2985 931 2991 -
943 2954 1052 3018 ξειναπ,
1064 2956 1090 3008 Α
1098 2955 1122 3009 G
1131 2986 1167 2993 —
1180 2960 1222 3009 35.
1233 2956 1362 3027 βασιλεὺς

94 3022 180 3077 ἐτειῶν
198 3024 261 3079 BD
279 3056 314 3064 —
340 3029 382 3078 36.
409 3023 453 3078 ἴδε
478 3025 561 3095 Byr:
588 3018 646 3077 εἶδε
671 3023 731 3076 AB
739 3023 794 3077 01)
819 3056 853 3063 -
880 3029 922 3079 41.
949 3024 1068 3100 ἀβουλίᾳ
1094 3025 1191 3081 Trici:
1217 3024 1363 3098 ἀβουλίαις

93 3094 200 3149 ΔΒΟΙ)
216 3127 253 3136 -
271 3101 315 3149 42.
334 3094 472 3159 ἀντάσαις
488 3094 617 3150 Boeokh:
637 3093 773 3157 ἀντιάσας
790 3096 852 3149 AB
861 3095 918 3150 OD
938 3128 969 3136 -

93 3252 181 3292 novum
198 3238 308 3293 bellum
325 3238 440 3293 molitus
459 3237 629 3293 Molionidas
647 3237 730 3305 istos,
756 3255 819 3292 cum
841 3238 880 3292 ad
902 3237 1041 3292 Isthmum
1058 3256 1109 3309 per
1131 3239 1260 3295 inducias
1279 3242 1362 3311 profi-

95 3308 256 3379 ciscerentur,
275 3326 363 3380 prope
380 3309 498 3364 Cleonas
517 3308 658 3379 oppressit
675 3310 704 3362 et
719 3310 846 3379 Augeam
865 3309 966 3381 ipsum,
984 3311 1127 3380 praesidio
1146 3312 1362 3367 fortissimorum

93 3378 194 3435 fratmm
219 3383 364 3449 orbatum,
387 3381 464 3436 ludit
486 3386 515 3436 et
538 3381 650 3435 occidit.
687 3381 758 3434 Rem
781 3381 842 3435 fuse
866 3385 984 3436 narrant
1002 3382 1084 3438 Paus.
1099 3403 1116 3436 v
1131 3399 1165 3439 as.
1189 3384 1270 3439 Diod.
1285 3404 1314 3439 ιν
1328 3402 1361 3440 aa.

96 3451 207 3520 lpollod,
222 3473 244 3506 rr
260 3470 281 3522 s,
296 3468 318 3522 5,
336 3453 454 3507 Hesiodi
471 3453 595 3523 vestigia
613 3455 646 3506 ut
664 3451 776 3506 videtur
794 3452 891 3507 secuti.
925 3454 1029 3507 Eorum
1047 3471 1081 3508 ex
1100 3454 1178 3509 fonte
1198 3471 1232 3509 ea
1250 3473 1362 3524 quoquc

95 3522 171 3587 petita
190 3525 336 3594 ridentur,
361 3540 435 3593 qnae
459 3525 544 3579 schol.
565 3524 602 3578 ad
623 3542 647 3579 v.
662 3540 688 3578 ιι
707 3523 842 3580 adnotat:
865 3527 984 3587 πολλοὺς
1006 3526 1263 3595 συστρατεύσαντας
1286 3529 1361 3601 αὐτῷ

98 3594 262 3652 ἀπέκτειναν·
283 3597 310 3651 οἱ
325 3595 356 3650 δέ
371 3595 569 3658 ἀποθανόντες
583 3595 614 3649 έν
627 3604 661 3667 τῇ
708 3594 750 3668 'xp
770 3596 841 3651 εἰσίν
860 3592 949 3650 οὗτοι·
977 3600 1117 3667 Τελαμών,
1137 3601 1296 3653 Χαλκώδων
1314 3600 1362 3653 καὶ

96 3661 208 3747 'spinosa
227 3669 243 3722 δ
260 3668 452 3741 πρεσβύτατος
470 3669 557 3722 αὐτοῦ
575 3616 715 3735 deleted?
724 3698 761 3707 —-
779 3673 822 3722 29.
841 3668 989 3741 ὑπέρβιον,
1014 3669 1176 3739 superbum,
1203 3670 1289 3741 iuugo
1308 3671 1362 3725 hoc

98 3738 226 3804 epitheton
252 3758 316 3794 cum
335 3737 457 3810 Αὐγέαν,
480 3757 537 3794 non
562 3756 625 3792 cum
650 3735 768 3809 μισθόν·
795 3739 836 3793 sic
853 3758 880 3793 v.
899 3756 924 3795 es
947 3740 1097 3809 Molioues,
1124 3742 1215 3795 socios
1237 3743 1361 3811 Augeae,

100 3808 272 3879 ὑπερφιάλως
295 3811 420 3866 dicit-
438 3816 481 3866 30.
500 3811 556 3865 tut
575 3814 720 3865 Κλεωνᾶν·
745 3809 881 3892 oppidum
904 3810 979 3865 enim
997 3810 1025 3865 in
1046 3812 1117 3867 colle
1137 3812 1223 3866 situm
1241 3816 1310 3880 erat,
1330 3817 1363 3867 ut

99 3882 202 3935 testatur
224 3884 327 3938 Strabo
345 3902 396 3936 vm
418 3901 445 3952 p.
464 3899 503 3938 ιιι
522 3915 558 3923 -
575 3884 636 3936 καὶ·
660 3880 833 3936 Moliomdae
855 3882 980 3951 insidiis,
1007 3884 1108 3953 quibus
1132 3884 1260 3938 Herculis
1284 3900 1361 3939 exer-

99 3950 170 4007 citum
182 3957 248 4009 ante
263 3955 475 4025 superaverant,
494 3957 523 4009 et
540 3954 597 4024 ipsi
614 3953 650 4007 ab
670 3953 790 4007 Hercule
809 3954 935 4024 superati
953 3972 1014 4009 esse
1034 3954 1167 4009 dicuntur
1186 3987 1219 3995 -
1238 3960 1280 4011 34.
1300 3960 1361 4010 Μο-

99 4020 172 4101 λίονες
189 4044 206 4080 a
223 4029 316 4081 matre
334 4026 460 4081 Molioua
479 4026 548 4080 dicti
567 4029 641 4095 sunt,
656 4021 816 4094 Ἀκτορίωνε
836 4025 879 4095 (ll.
895 4042 928 4095 ει,
943 4030 993 4096 see)
1011 4026 1099 4081 iidem
1113 4043 1130 4081 a
1146 4029 1227 4097 patre
1245 4028 1361 4097 Actora,

98 4093 115 4145 ri
133 4096 195 4151 socii
212 4098 329 4168 Augeae
352 4098 428 4167 regis
451 4097 538 4151 luisse
563 4097 622 4151 iam
645 4097 682 4151 ab
707 4096 828 4151 Homero
846 4104 871 4151 Λ
891 4114 930 4153 τοο
949 4098 1077 4151 feruutur
1101 4131 1135 4139 -
1161 4104 1203 4154 35.
1225 4096 1360 4154 Ἐπειῶν

98 4168 207 4223 seierum
233 4170 390 4224 incolarum
418 4168 520 4239 Elidis,
545 4171 577 4223 ut
603 4169 740 4223 Homerus
767 4173 788 4221 B
812 4184 858 4223 ιιι.
886 4175 911 4222 Α
930 4186 976 4224 cu.
996 4186 1036 4225 ees
1059 4168 1160 4238 tradit,
1188 4187 1361 4239 quamquam

99 4241 182 4303 postea
197 4241 289 4312 Epeos
308 4244 455 4309 tamquam
473 4239 702 4311 septentrionalis
721 4238 813 4293 Elidis
835 4239 943 4294 incolas
967 4241 1004 4295 ab
1027 4239 1103 4295 Eleis
1127 4240 1275 4297 distinctos
1299 4260 1360 4297 esse

99 4307 239 4367 Hecataeus
266 4315 389 4367 testatur
416 4330 460 4383 ap.
489 4312 582 4367 Strab.
605 4332 645 4367 vu
671 4330 698 4393 p.
722 4328 761 4367 ιιι
788 4342 822 4351 -
848 4309 986 4380 πατρίδα·
1014 4330 1117 4368 nomen
1143 4312 1254 4383 patriae
1282 4314 1360 4369 urbis

101 4381 209 4438 Φάκτεον
230 4385 361 4453 (Φότεισν
384 4401 453 4439 corr.
472 4384 624 4454 Luebbert)
646 4384 734 4437 fuisse
752 4384 873 4438 adnotat
891 4383 1052 4452 scholiasta,
1073 4385 1109 4438 ad
1128 4402 1224 4439 versus
1243 4385 1361 4440 Hesiodi

99 4468 235 4518 provocans
261 4488 295 4497 -
322 4462 364 4510 38.
391 4455 442 4510 ἐὰν
460 4454 555 4525 πόλιν,
578 4474 642 4510 oum
666 4472 750 4525 supra
768 4454 827 4508 iam
844 4452 968 4524 πατρίδα
987 4456 1117 4525 dixisset,
1137 4457 1228 4511 denuo
1248 4457 1361 4512 addidit

99 4523 128 4575 ed
143 4528 228 4581 cladis
244 4527 394 4582 tristitiam
413 4528 572 4597 augendam
590 4560 626 4568 -
644 4532 687 4581 41.
707 4525 824 4591 ὕστατος
843 4525 951 4581 scholia
966 4544 1028 4581 eum
1047 4528 1164 4590 ἁλώσιος
1181 4529 1309 4599 iungunt,
1328 4532 1361 4583 ut

99 4601 150 4661 post
172 4598 268 4653 urbem
295 4601 408 4669 captam
432 4603 552 4654 mortem
569 4598 734 4654 occubuisse
753 4598 875 4667 dicatur,
903 4598 977 4667 quod
997 4616 1061 4652 cum
1079 4601 1177 4653 contra
1195 4600 1360 4671 grammati-

100 4682 147 4721 cen
168 4673 266 4740 peccet
288 4674 317 4725 et
333 4672 450 4724 verbum
468 4671 604 4735 ἀντάσαις
621 4670 733 4726 obiecto
751 4686 847 4725 carere
864 4672 999 4739 nequeat,
1018 4669 1122 4724 rectius
1141 4672 1269 4743 Augeam
1294 4672 1360 4727 ulti·

100 4753 169 4811 mum,
186 4744 336 4812 postquam
354 4741 414 4795 eius
432 4742 501 4797 socii
520 4742 577 4796 iam
595 4742 770 4811 interierunt,
785 4741 922 4796 occidisse
939 4740 1168 4811 interpretaberis
1188 4775 1222 4785 —
1241 4751 1284 4799 42.
1304 4743 1360 4799 θά-

102 4827 172 4867 νατον
188 4814 278 4868 αἰπὺν
295 4812 333 4867 ad
350 4814 493 4883 exemplar
510 4815 653 4870 Homerici
670 4815 758 4869 αἰπὺν
778 4813 907 4882 ὄλεθρον.

1112 4905 1146 4965 0.
