3417 5434
634 375 766 426 PYTHIA
784 376 831 427 xi.
1304 373 1370 436 225

637 535 682 601 Ds
704 537 827 602 matria

185 649 333 709 Carminis
361 649 453 708 huius
479 649 597 708 numeri
618 649 751 709 medium
773 651 874 709 locum
896 649 976 708 inter
997 669 1147 726 paeonum
1170 651 1316 727 impetum
1340 652 1371 709 et

90 739 339 818 logaoedicorum
360 757 504 798 versuum
525 739 682 798 lenitatem
703 743 816 798 tenent.
851 739 945 797 Primi
964 757 1068 799 versus
1091 741 1230 817 strophae
1253 741 1371 816 syllaba

90 829 223 888 initialis
249 831 353 887 utrum
380 828 535 886 anacrusis
562 831 646 887 extra
673 829 806 888 ordinem
832 827 1035 904 rhythmicum
1058 831 1174 905 positae
1197 830 1295 889 locum
1320 829 1370 888 ob-

90 919 193 977 tineat
215 937 255 976 an
276 922 394 994 partem
417 917 531 994 primae
554 917 692 994 dipodiae
715 918 827 977 efficiat
854 917 986 976 dubitari
1009 922 1117 994 potest.
1162 919 1311 996 Equidem
1334 939 1370 976 ne

89 1007 227 1083 tripodis
254 1006 382 1084 dipodiis
410 1006 639 1085 immisceretur,
666 1007 796 1084 priorem
825 1007 1006 1066 sententiam
1035 1007 1261 1084 praeferendam
1290 1008 1370 1067 duxi.

90 1096 169 1156 Toto
203 1097 283 1155 enim
312 1096 344 1154 in
373 1095 503 1155 carmine
526 1115 630 1156 versus
660 1096 698 1155 ad
727 1094 897 1172 dipodicam
928 1096 1125 1175 scansionem,
1156 1098 1262 1173 utpote
1293 1117 1370 1174 quae

88 1205 222 1262 pompas
245 1185 333 1245 unice
357 1188 430 1261 apta
453 1187 539 1263 esset,
561 1185 695 1264 redigere
718 1188 844 1244 conatus
862 1205 935 1245 sum.
974 1185 1163 1262 Quamquam
1187 1187 1294 1245 similis
1317 1186 1370 1245 du-

88 1275 203 1334 bitatio
232 1275 324 1333 etiam
351 1275 382 1332 in
410 1275 478 1333 aliis
505 1274 653 1353 versibus,
680 1275 857 1351 praesertim
880 1275 911 1332 in
934 1275 1043 1335 ultimo
1067 1276 1206 1352 strophae
1230 1278 1262 1335 et
1284 1275 1371 1352 epodi

89 1365 232 1442 recurrit,
256 1365 287 1423 et
310 1366 452 1441 quartum
475 1383 596 1423 versum
618 1364 758 1440 strophae
782 1367 871 1423 amnt
895 1364 948 1439 qui
970 1383 1030 1424 uno
1055 1385 1090 1424 er
1112 1365 1159 1424 his
1178 1365 1274 1424 modis
1297 1365 1371 1424 divi-

89 1455 161 1513 dere
187 1453 298 1512 malint

89 1761 121 1817 et
150 1778 300 1834 paeonem
328 1778 383 1835 pro
413 1757 532 1834 dactylo
561 1758 673 1833 cyclico
701 1757 836 1834 positum
866 1757 1013 1816 similibus
1044 1758 1186 1836 exemplis
1213 1761 1372 1834 poetarum

89 1848 282 1926 tragicorum
302 1847 471 1924 defendant,
495 1866 572 1924 quae
591 1847 622 1905 in
641 1867 706 1907 meo
725 1846 801 1906 libro
820 1839 922 1907 Metr.²
940 1843 960 1922 ξ
980 1857 1031 1905 270
1050 1847 1194 1926 congessi.
1231 1847 1372 1908 Ceterum

90 1937 230 1996 conferre
253 1937 340 1997 iuvat
362 1936 473 1996 similia
495 1938 592 1994 metra
614 1936 779 1996 carminum
797 1935 831 1994 P.
849 1953 881 1995 n.
901 1954 929 1995 v.
948 1954 976 1994 x.
1002 1933 1036 1996 Ο.
1055 1955 1083 1994 x.
1099 1967 1144 1978 -—
1158 1935 1284 1996 Carmen
1303 1957 1371 1996 can-

90 2029 195 2085 tatum
225 2029 272 2085 est
298 2025 330 2084 in
357 2045 468 2103 pompa
490 2025 661 2102 vespertina
684 2017 725 2106 (v.
746 2017 793 2106 10)
817 2043 836 2082 a
859 2023 1019 2084 comitibus
1043 2025 1228 2102 Thrasydaei
1250 2025 1373 2088 victoris

90 2135 237 2175 coronam
270 2114 395 2191 Delphis
430 2116 549 2191 partam
581 2115 612 2172 in
644 2114 773 2174 Ismenio
804 2114 913 2174 sacello
944 2113 1017 2174 deae
1046 2115 1154 2175 Mehae
1188 2115 1372 2192 deponentis

90 2205 263 2265 Metrorum
281 2207 383 2264 autem
401 2224 437 2263 cx
455 2208 565 2262 natura
584 2203 723 2283 colligere
742 2221 829 2280 posse
848 2203 923 2261 mihi
941 2203 1051 2280 videor,
1071 2205 1195 2265 chorum
1218 2205 1373 2282 expueris

90 2294 265 2354 constitisse
295 2288 424 2371 (παίδων
446 2285 548 2374 χορόν)
577 2296 608 2352 et
634 2293 730 2354 modis
757 2292 889 2352 Asolicis
916 2311 984 2352 oum
1012 2293 1145 2370 tripudio
1176 2293 1374 2371 sollemnique

91 2384 211 2442 saltatu
235 2383 396 2442 incessisse.

146 2539 290 2622 Κάδμου
312 2540 424 2624 κόραι,
447 2536 576 2623 Σεμέλα
598 2534 659 2623 μὲν
679 2535 909 2622 Ὀλυμπιάδων
933 2537 1112 2620 ἀγυι-ἅτις,
1178 2543 1258 2624 Στρ.
1282 2537 1326 2602 α’.

139 2644 219 2710 Ἰνὼ
243 2640 288 2708 δὲ’
303 2643 478 2710 Λευκοθέα

192 2759 336 2816 ποντιᾶν
358 2751 550 2837 ὁμοθάλαμε
573 2753 783 2838 Νηρηίδων,

147 2865 197 2923 ἴτε
221 2860 286 2922 σὺν
308 2857 487 2943 Ἡρακλέος
501 2858 714 2959 ,ἀριστογόνῳ

145 2963 248 3049 ματρί
269 2965 336 3044 πὰρ
360 2969 492 3031 Μελίαν

193 3069 345 3158 χρυσεζῳν
369 3073 402 3150 ἐς
424 3075 549 3138 άδυτον
571 3074 740 3159 τριπόδων

111 3183 342 3265 οθηοανρόν,
364 3179 405 3244 δν
426 3179 575 3264 περίαλλ’
601 3181 745 3265 ἐνί-μασι
769 3178 905 3264 Λοξίας,

167 3356 251 3391 vanu
268 3355 373 3392 aromo.
401 3337 485 3392 Inscr.
501 3355 554 3392 om.
569 3339 631 3392 BD
643 3369 679 3377 -
694 3337 798 3392 Schol.:
817 3335 971 3407 γέγραπται
989 3337 1007 3407 ἡ
1026 3335 1084 3406 ᾠδὴ
1106 3335 1273 3411 Θρασυδαίῳ
1292 3341 1374 3394 παιδί

97 3407 215 3532 Θηραίῳ
234 3411 344 3463 σταδιεῖ
360 3409 506 3477 νικήσαντι
524 3409 571 3479 κη’
591 3409 738 3477 Πυθιάδα,
757 3410 805 3463 καὶ
830 3409 873 3478 λγ’
895 3407 1011 3463 δίαυλον
1026 3406 1055 3480 [ἢ
1070 3407 1198 3480 στάδιον]
1214 3409 1321 3480 ἄνδρας
1341 3443 1372 3452 -

97 3487 120 3534 1.
151 3484 207 3535 ort.
226 3481 340 3550 ἀγυιᾶτι
359 3511 391 3520 -
411 3487 436 3535 2.
456 3479 487 3534 dt
506 3481 583 3536 BD:
601 3501 630 3535 τε
649 3481 762 3535 Boeckh
781 3512 815 3520 —
835 3483 990 3550 Νηρηίδων
1009 3483 1091 3551 Βμι.ι
1110 3481 1249 3550 νηρείδων
1262 3483 1326 3536 BD
1341 3515 1371 3522 —

95 3557 119 3606 3.
138 3550 312 3626 ἀριστογόνῳ
332 3555 378 3621 (-ω
399 3553 439 3613 1))
461 3553 531 3620 BD,
552 3550 746 3622 ἀριστογόνου,
766 3552 840 3620 quod
862 3551 969 3606 scholia
989 3551 1217 3622 interpretantur,
1238 3554 1375 3624 praetulit

95 3623 253 3678 Mommsen
272 3655 306 3664 —
325 3630 350 3679 4.
370 3623 398 3686 ἐς
416 3622 512 3678 Tricl:
532 3624 572 3687 είς
589 3625 655 3679 BD
673 3655 706 3664 -

165 3783 356 3819 comarum.
393 3772 512 3821 ν.1-8.
534 3767 635 3836 Apollo
653 3765 684 3818 in
703 3781 784 3820 suum
801 3766 899 3820 fanum
918 3767 1076 3836 Ismenlum,
1097 3767 1172 3836 quod
1191 3770 1257 3821 ante
1276 3771 1372 3838 portas

96 3835 227 3891 Electrae
244 3836 300 3890 fuit
318 3837 410 3907 (Paus.
425 3856 455 3890 ιι
474 3854 507 3906 ro,
527 3839 557 3905 s),
576 3837 706 3891 heroinas
725 3837 875 3892 Thebanae
894 3841 1038 3908 convocat,
1057 3843 1089 3892 ut
1108 3855 1202 3893 secum
1221 3839 1322 3909 partini
1343 3855 1372 3892 es

96 3909 165 3962 fiant
183 3907 316 3976 publicae
334 3908 462 3963 laetitiae
481 3911 511 3962 et
527 3925 647 3978 pompae
667 3926 684 3962 a
702 3909 895 3978 Thrasydaeo,
919 3909 1038 3978 Pythico
1056 3909 1175 3978 victore,
1199 3909 1252 3963 deo
1271 3858 1373 3979 Pytbio

97 3979 251 4034 ducendae.
289 3979 369 4044 Quod
394 3983 490 4034 autem
508 3997 559 4034 eae
577 3979 734 4048 Pythonem
753 3983 838 4048 atque
857 3981 1021 4036 umbilicum
1040 3985 1130 4036 terrae
1148 3980 1239 4051 primo
1257 3997 1373 4050 vespero

100 4050 241 4105 celebrare
254 4049 407 4106 instituunt
418 4054 454 4121 (v.
465 4055 510 4121 ro),
525 4051 648 4122 virgines
662 4050 817 4120 imitantur,
832 4069 905 4121 quae
917 4052 960 4105 Da
980 4052 1035 4106 bne
1056 4052 1143 4106 horiis
1157 4070 1249 4106 ramos
1263 4052 1373 4106 laureoe

98 4125 243 4201 gestantes
261 4125 292 4176 et
308 4122 427 4192 hymnos
446 4122 624 4177 concinentes
643 4123 771 4193 praesule
790 4123 890 4177 iuvene
909 4072 1109 4194 daplmeplioro
1124 4124 1160 4178 ad
1176 4123 1274 4178 aedem
1290 4124 1373 4194 Apol-

99 4193 163 4247 hnis
183 4193 296 4247 Ismenii
314 4211 446 4264 pompam
465 4195 618 4262 ducebant3
637 4213 663 4248 v.
682 4194 770 4248 Procl.
791 4196 891 4250 chrest.
912 4211 933 4248 c.
955 4211 980 4248 sc
999 4197 1028 4248 et
1046 4195 1217 4249 Boeckhium
1237 4196 1273 4250 ad
1292 4195 1372 4250 Pind.

98 4265 190 4332 parth.
205 4284 216 4319 1
236 4297 269 4305 —
291 4275 313 4320 1.
330 4264 524 4336 Ὀλυμπιάδων
543 4267 671 4336 ἀγυιᾶτις
689 4268 719 4320 et
736 4265 901 4337 ὁμοθάλαμε
916 4268 947 4320 Ν
965 4267 1069 4335 ρηίδων
1088 4283 1151 4320 oum
1169 4267 1248 4320 iuxta
1267 4283 1372 4337 ponan-

99 4339 154 4405 tur,
174 4336 223 4390 vix
241 4336 358 4391 dubium
377 4340 432 4406 est,
452 4337 520 4406 quin
538 4341 619 4391 vetus
637 4337 775 4407 interpres
793 4338 888 4407 priora
907 4354 954 4392 vor
975 4353 992 4391 a
1010 4339 1085 4392 recto
1104 4337 1304 4408 interpretatus
1323 4339 1373 4393 sit:

98 4415 152 4461 τῶν
164 4405 321 4478 Ὀλυμπίων
334 4412 411 4463 θεῶν
426 4409 550 4463 σόνοιαε·
569 4409 637 4463 licet
650 4412 680 4463 et
693 4427 744 4462 usu
760 4408 872 4463 dicendi
887 4409 932 4478 (cf.
943 4407 1077 4479 ἀγυιάτης
1091 4409 1190 4464 Aesch.
1200 4411 1299 4480 Agam.
1312 4413 1373 4478 ros1)

100 4481 127 4532 st
144 4479 318 4550 etymologia
336 4479 426 4550 magis
444 4480 523 4534 notio
542 4478 654 4534 ‘tutoris
672 4481 842 4550 platearum’
860 4497 945 4549 quam
961 4480 1040 4534 ‘socii
1056 4483 1085 4534 ct
1098 4480 1195 4534 vicini'
1212 4481 1373 4552 comprobe-

99 4553 150 4606 tur,
187 4551 229 4604 De
252 4550 362 4605 Semela
383 4554 474 4605 matre
497 4551 602 4605 Bacchi
624 4552 698 4606 inter
720 4551 870 4606 caelicolas
894 4553 1007 4622 recepta
1025 4569 1050 4606 v.
1073 4551 1104 4607 Ο.
1124 4571 1144 4604 11
1163 4569 1189 4606 aa
1209 4585 1240 4593 -
1265 4559 1289 4607 2.
1312 4551 1372 4606 ’[νώ

99 4619 259 4691 Λευκαδία,
282 4622 381 4676 Cadmi
399 4626 429 4676 et
446 4623 616 4677 Harmoniae
638 4623 711 4691 filia,
734 4639 806 4692 quae
830 4623 937 4694 duplici
960 4623 1071 4677 nomine
1091 4623 1177 4678 etiam
1196 4624 1232 4677 ab
1252 4625 1373 4678 Homero

101 4709 168 4818 {frag
186 4693 456 4819 appellatur,3inlt,er
474 4694 541 4819 dpps
559 4695 814 4819 marinasApecepta
839 4698 869 4749 et
883 4694 978 4818 ,Nprei
1002 4695 1115 4776 filiabus
1128 4695 1297 4821 1οοοροιμαέίει
1316 4699 1372 4762 est3

102 4782 402 4910 ,apulimus
416 4783 921 4906 transsumuntur
930 4783 1127 4907 {escensu
1139 4783 1224 4907 lull
1240 4771 1373 4909 titt]

151 4936 276 4977 Pmoun·
291 4935 325 4974 sd
339 4935 443 4977 chrisa
1128 4932 1161 4981 15
