3417 5434
513 335 558 390 IV.
586 335 636 386 DE
654 333 738 386 VITA
756 335 913 389 PINDARI.
1307 333 1353 388 CV

80 493 236 576 ἐγίνοντο.
283 495 303 580 ή
332 493 368 560 δὲ
397 495 507 580 χέλυς,
536 498 554 562 ὅ
581 497 671 562 ἐστιν
698 497 718 581 ή
747 497 885 582 κιθάρα,
914 496 945 575 ἐξ
974 496 1190 582 ἀρχαιοτάτης
1210 499 1356 580 κλήσεως

79 606 354 689 κεκληρονόμηται
386 606 434 681 είς
465 605 599 690 φράσιν.
649 600 692 688 ἦν
722 606 786 690 γάρ
817 605 870 670 ὅτε
898 607 1061 691 ὄστρακον
1088 603 1218 688 χέλυος,
1250 606 1356 687 ήγουν

79 711 231 794 χελώνης,
259 712 307 788 είς
333 715 480 796 κοίλωμα
504 712 648 799 κιθάρας
671 722 716 800 τῷ
735 710 836 798 Ἑρμῇ
861 711 1110 797 έχρησίμευσεν,
1139 712 1184 788 ὡς
1205 711 1261 777 καὶ
1283 710 1353 797 μετ’

79 817 168 900 ὀλίγα
187 819 397 905 γεγράψεται,
415 819 494 884 καθ’
511 815 552 886 οὗ
572 819 760 885 ένταθεῖσαι
779 817 898 906 χορδαὶ
915 821 975 902 τήν
989 818 1136 904 κιθάραν
1150 817 1356 885 ἀπετέλεσαν.

81 925 95 990 ὁ
117 922 151 989 δέ
175 922 275 1010 ἑσμὸς
297 927 396 1009 δηλοῖ
416 923 478 1011 μέν
499 929 561 1011 τήν
583 927 751 1014 βοτρυδὸν
773 930 946 1011 συνίζησιν
969 937 1037 991 τῶν
1055 931 1231 1011 μελισσῶν,
1255 921 1303 992 ὧν
1321 925 1391 992 ἐνσ

81 1045 143 1109 τοῖς
169 1032 343 1120 κατωτέρω
370 1039 507 1100 πλατεῖα
535 1036 645 1119 μνήμη
674 1038 774 1101 ἐσται.
819 1034 998 1100 δασύνεται
1023 1034 1088 1119 γάρ
1113 1033 1177 1100 ἀπὸ
1199 1043 1260 1099 τοῦ
1283 1032 1355 1112 ἔξω·

82 1143 223 1226 κάθισμα
246 1143 310 1226 γάρ
334 1147 499 1226 μελισσῶν
522 1143 542 1226 ή
566 1141 651 1220 λέξις
673 1143 779 1226 δηλοῖ,
802 1140 857 1207 καὶ
880 1151 1021 1228 σννιστᾷ
1043 1143 1081 1206 τὸ
1105 1141 1190 1206 δασὺ
1210 1140 1358 1207 ἐνταῦθα

83 1258 205 1332 πνεῦμα
227 1248 246 1314 δ
270 1250 359 1334 παρὰ
380 1246 595 1335 Ἀριστοτέλει
619 1248 722 1337 ἐντῷ
746 1247 821 1335 περὶ
846 1250 938 1327 ζώων
958 1250 1105 1333 ἱστορίας
1123 1248 1279 1334 ἀφεσμός.
1320 1249 1357 1313 τὸ

84 1353 115 1419 δὲ
138 1356 317 1440 κηρόδετον
340 1354 412 1440 μέλι
436 1356 660 1441 άφομοιοῦταί
679 1377 749 1432 πως
767 1365 812 1444 τῷ
831 1353 910 1441 παρ’
928 1356 1084 1443 Αέσχύλῳ
1102 1357 1358 1444 κηροπλάστῳ

85 1465 231 1546 δόνακι,
254 1462 291 1540 ὃς
315 1465 413 1546 δηλοῖ
433 1464 470 1527 τὸ
494 1464 644 1549 σύριγγα.
682 1463 871 1538 Μαινάλιος
894 1459 930 1526 δέ
953 1464 1033 1539 θεὸς
1051 1462 1069 1527 ὁ
1089 1464 1167 1528 Πάν
1185 1464 1230 1540 ὡς
1246 1461 1359 1548 Ἀρκα-
1379 1479 1412 1527 10

86 1573 181 1648 δικός.
218 1569 254 1636 ἐν
273 1569 438 1659 Μαινάλῳ
459 1571 522 1656 γάρ
542 1569 682 1662 ἐτιμᾶτο,
704 1568 877 1657 Ἀρκαδίας
896 1572 974 1655 ὄρει.
1012 1572 1138 1655 κερόεις
1158 1567 1194 1634 δέ
1212 1569 1230 1635 δ
1250 1569 1360 1654 αὐτός,

87 1677 149 1743 ἐπεὶ
167 1680 373 1764 κερασφόρος
391 1677 575 1762 ἐπλάττετο,
593 1679 649 1744 διὰ
667 1679 726 1755 τάς
744 1665 811 1743 τῶν
830 1678 920 1764 ὀρῶν
939 1677 1050 1761 ἐξοχάς
1068 1678 1126 1754 τάς
1140 1676 1360 1762 ὑψηλοτάτας,

87 1789 120 1850 αἳ
144 1783 237 1852 αὐταί
265 1784 365 1871 μέρος
392 1783 455 1850 είσλ
482 1793 543 1850 τοῦ
570 1787 708 1868 παντός,
736 1786 783 1862 εἰς
807 1784 825 1850 ὃ
848 1785 1130 1870 μεταλαμβάνεται
1153 1782 1209 1850 καὶ
1231 1786 1249 1851 ὁ
1274 1786 1360 1852 Πάν.

89 1895 134 1958 ὅτι
165 1890 199 1958 δέ
225 1891 347 1978 κέρατα
375 1891 525 1976 ἐλέγοντο
553 1891 608 1958 καὶ
636 1895 673 1957 αί
697 1890 826 1978 ὀρειναὶ
853 1893 1027 1978 ὑπεροχαί,
1061 1893 1159 1976 δηλοῖ
1184 1891 1202 1957 ὁ
1230 1892 1361 1977 γράψας

89 1997 295 2085 ὑψικέρατα
318 1998 479 2085 πέτραν,
502 2002 564 2084 τήν
586 1997 641 2064 καὶ
664 1997 796 2083 ὑψηλήν
819 1997 874 2065 καλ
893 2002 941 2076 είς
959 1997 1018 2077 ὀξὺ
1038 2001 1215 2082 λήγουσαν.
1252 1999 1361 2084 ὕμνον
1382 2015 1413 2064 1⁶

91 2103 123 2170 δέ
145 2105 251 2182 ἀείσας
273 2106 397 2172 ταύτόν
420 2105 487 2172 ἐστι
511 2117 556 2196 τῳ
581 2105 663 2193 ᾅσας
685 2116 824 2190 παιᾶνα,
849 2108 924 2191 τὸν,
947 2107 992 2185 ὡς
1015 2107 1209 2191 δεδήλωται,
1233 2108 1361 2172 Πινδα-

92 2217 190 2296 ρικόν,
217 2216 248 2278 εί
268 2211 324 2278 καὶ
348 2215 455 2292 άλλως
478 2212 624 2301 ἑτεροῖόν
646 2237 677 2278 τι
700 2214 789 2297 παρὰ
811 2215 871 2279 τὸν
893 2214 1002 2299 ύμνον
1024 2215 1042 2280 ὁ
1066 2214 1178 2280 παιάν.
1225 2215 1362 2293 δόνακες

92 2318 124 2385 δὲ
149 2325 268 2407 νόμιοι,
297 2319 446 2387 τουτέστι
469 2325 562 2406 φίλοι
586 2333 656 2398 τοῖς
677 2319 827 2405 νέμουσι·
856 2319 912 2386 καὶ
934 2322 994 2406 ύλη
1018 2320 1134 2407 σύριγξ
1157 2321 1178 2405 ή
1202 2330 1246 2409 τρῖ
1272 2320 1362 2387 Πανὶ

92 2432 165 2511 φίλη
200 2429 254 2493 διά
290 2430 350 2505 τάς
385 2430 490 2506 πνοάς
526 2439 593 2493 τῶν
624 2430 840 2514 κατακόσμων
872 2427 1003 2512 ἀνέμων
1035 2426 1090 2494 καί
1122 2430 1201 2506 τοὺς
1233 2427 1363 2495 ἐκεῖθεν

92 2537 274 2620 συριγμούς,
297 2535 382 2624 ἀτρῖ
402 2535 493 2602 Πανί
513 2534 640 2621 [παντὶ]
660 2539 743 2619 φίλα
762 2537 834 2600 εἰσί.
871 2534 927 2601 καὶ
946 2535 1033 2600 οὕτω
1052 2532 1113 2621 μὲν
1130 2537 1167 2601 τὸ
1187 2534 1362 2620 εἰρημένον
1380 2551 1415 2601 20

94 2641 267 2730 ἐπίγραμμα
290 2650 435 2730 θεοφιλῆ
460 2643 612 2730 ἐμφαίνει
636 2641 792 2727 γενέσθαι
815 2643 875 2708 τὸν
899 2644 1083 2729 Πίνδαρον.

173 2749 298 2834 λέγεται
327 2747 364 2816 δέ
391 2750 446 2818 καὶ
474 2753 519 2829 ὡς
543 2752 703 2836 Δημήτηρ
727 2751 810 2836 ὄναρ
833 2746 912 2814 ποτὲ
936 2751 1026 2838 αὐτῷ
1049 2749 1246 2834 ἐπιφανεῖσα
1269 2749 1363 2836 ἐμέμ-

94 2867 183 2938 ψατο,
215 2861 245 2922 εί
275 2861 383 2943 μύνην
414 2865 507 2925 θεῶν
538 2859 642 2942 αὐτήν
675 2859 735 2942 οὐχ
767 2858 924 2943 ὕμνησεν.
973 2857 992 2923 δ
1024 2855 1061 2922 δέ
1092 2856 1147 2923 καὶ
1179 2860 1226 2934 είς
1258 2857 1364 2942 αὐτήν

96 2963 250 3050 ἐποίησεν,
282 2965 464 3052 ἀρξάμενος
496 2967 597 3032 οὕτω.
630 2968 781 3032 Πότνια
814 2967 1050 3051 θεσμοφόρε.
1101 2963 1155 3030 καὶ
1185 2966 1299 3051 βωμὸν
1327 2962 1363 3030 δὲ

96 3069 211 3155 ἀμφοῖν
233 3075 298 3158 πρὸ
322 3083 380 3157 τῆς
402 3076 508 3152 οίκιάς
532 3074 700 3161 ἱδρύσατο.
1382 3088 1416 3137 25

174 3179 367 3265 Χαμαιλέων
395 3179 435 3246 δέ
459 3199 541 3268 φασι
569 3180 623 3247 καλ
645 3180 772 3267 Ἴστρος
800 3181 1006 3266 ἱστοροῦσιν,
1034 3180 1080 3258 ὡς
1105 3179 1181 3264 περὶ
1204 3178 1365 3245 Ἑλικῶνα

98 3293 256 3370 θηρῶντος
285 3289 389 3353 αὐτοῦ
416 3287 471 3353 καὶ
499 3289 631 3376 καμάτῳ
660 3285 915 3371 κατενεχθέντος
940 3289 986 3363 είς
1008 3287 1131 3370 ὕπνον,
1158 3284 1295 3370 μέλισσα
1318 3297 1364 3374 τῷ

99 3398 219 3479 στόματι
242 3399 498 3481 προσκαθίσασα
521 3399 619 3482 κηρία
643 3393 790 3460 ἐνέθετο·
814 3397 849 3459 οῖ
866 3390 902 3458 δέ
921 3395 1004 3477 όναρ
1023 3389 1128 3477 φασὶν
1147 3394 1232 3458 ἰδεῖν
1251 3393 1365 3476 αὐτόν,

100 3501 137 3576 ὡς
160 3501 286 3586 μέλιτος
313 3499 367 3568 καὶ
395 3511 499 3589 κηροῦ
526 3507 648 3589 πλῆρες
674 3501 763 3590 αὐτῷ
792 3503 924 3584 γεγόνοι
952 3502 989 3565 τὸ
1018 3504 1130 3586 στόμα.
1176 3498 1231 3565 καὶ
1259 3500 1365 3576 οὕτως

101 3609 322 3696 οἰωνισάμενος
344 3611 454 3674 ἔπειτα
478 3611 524 3686 εἰς
542 3610 717 3693 ποιητικήν
736 3606 869 3694 ἐτράπη,
892 3608 1178 3692 καθηγησαμένων
1197 3607 1286 3696 αὐτῷ
1305 3617 1365 3673 τοῦ
1383 3623 1418 3674 ῖο

101 3723 208 3796 μαθεῖν
232 3716 253 3800 ἢ
275 3725 337 3781 τοῦ
361 3716 490 3800 Λάσου,
518 3716 563 3792 ὡς
586 3721 727 3802 εἴρηται,
755 3713 774 3797 ἢ
797 3724 858 3778 τοῦ
879 3713 1060 3799 Ἀθηναίου
1082 3714 1322 3799 Ἀγαθοκλέους
1345 3714 1365 3798 ή

99 3819 346 3910 Ἀπολλοδώρου,
369 3824 408 3889 ὃν
431 3842 514 3909 φασι
537 3822 591 3888 καὶ
614 3822 857 3909 προιστάμενον
879 3827 1026 3888 κυκλίων
1048 3833 1158 3908 χορῶν
1181 3819 1266 3907 [καὶ]
1285 3821 1365 3886 ἀπο-

103 3929 254 4014 δημοῦντα
281 3938 454 3997 πιστεῦσαι
483 3933 543 4015 τήν
570 3932 788 3996 διδασκαλίαν
816 3929 977 4018 Πινδάρῳ
1005 3927 1100 3996 παιδὶ
1127 3931 1214 3994 όντι·
1242 3929 1301 3994 τὸν
1328 3927 1365 3993 δὲ

99 4033 129 4102 εὖ
149 4039 182 4104 τὸ
199 4034 367 4104 πιστωθέν
386 4039 654 4125 διακοσμήσαντα
672 4040 926 4122 περιβοηθῆναι.
967 4033 1055 4113 τινες
1074 4034 1113 4101 δέ
1129 4059 1176 4120 γε,
1200 4036 1244 4112 ὡς
1261 4059 1365 4100 κατω-

100 4141 169 4228 τέρω
194 4146 391 4230 ῥηθήσεται,
419 4147 456 4210 τὸ
485 4159 621 4231 σημεῖον
648 4155 706 4229 τῆς
732 4147 889 4229 μελίσσης
914 4143 1009 4209 παιδί
1036 4143 1189 4230 νεωτάτῳ
1217 4145 1265 4208 ἐτι
1292 4145 1365 4209 ὄντι
1383 4159 1418 4208 35

101 4253 244 4340 Πινδάρῳ
264 4251 478 4335 ἐπιγενέσθαι
498 4255 697 4340 ἱστοροῦσιν.
735 4251 785 4317 ὅτι
806 4247 840 4316 δὲ
861 4251 897 4316 ἐν
916 4256 1045 4338 παλαιῷ
1065 4249 1286 4335 ἐπιγράμματι
1299 4261 1364 4314 κεῖ-
1431 4338 1437 4347 .

101 4381 143 4422 ται
163 4372 289 4448 γοργῶς
310 4369 423 4445 μνῆμα
445 4369 505 4425 τοῦ
523 4363 711 4445 μελισσείου
730 4360 828 4424 τοῦδε
847 4361 976 4443 κηρίον,
999 4359 1183 4441 δεδήλωται
1202 4355 1365 4442 ἀνωτέρω.
1475 4439 1479 4446 ¹

176 4595 199 4644 8.
219 4589 302 4645 Arist.
322 4589 388 4644 hist.
404 4588 488 4644 anim.
502 4609 520 4643 x
535 4595 569 4644 40
588 4609 614 4660 p.
630 4595 705 4658 624⁸,
721 4595 762 4642 28.
782 4619 817 4628 —-
837 4594 862 4642 9.
881 4587 980 4642 Aesch.
995 4587 1085 4642 Prom.
1102 4590 1161 4640 574.
1183 4617 1214 4625 -
1237 4591 1277 4640 10.
1297 4585 1366 4647 θεὸς

102 4660 160 4715 voni.
174 4660 381 4716 Schneidewin:
396 4661 481 4725 θετὸς
494 4661 555 4716 cod.
585 4695 605 4701 —-
630 4667 670 4716 19.
686 4661 748 4715 fort.
764 4669 819 4713 τῶν
834 4658 907 4713 κατὰ
921 4656 1025 4727 κόσμον
1041 4655 1160 4728 ἀνέμων.
1177 4689 1213 4698 -
1232 4661 1274 4710 20.
1289 4658 1367 4710 Πανὶ

103 4733 174 4786 mm!
191 4735 249 4788 cod.
276 4767 297 4772 -
324 4738 367 4787 24.
388 4731 523 4787 fabellam
541 4734 614 4788 hanc
633 4733 668 4788 de
683 4733 780 4788 Cerere
798 4729 945 4786 exornavit
958 4729 1040 4783 Paua.
1055 4748 1084 4783 τι
1098 4735 1140 4796 23,
1156 4734 1180 4782 3.
1202 4759 1232 4767 -
1254 4732 1295 4781 27.
1315 4732 1367 4782 θε-

104 4813 215 4869 mosmos
232 4803 303 4860 coni.
319 4805 415 4875 Unger
430 4804 628 4860 οοΠολοΡοοε.
643 4811 728 4874 112³,
744 4812 768 4859 2.
788 4835 823 4845 -
843 4807 885 4857 34.
904 4799 1059 4856 πιστευθὲν
1073 4799 1145 4856 coni.
1160 4800 1364 4854 Westermann.
