3417 5434
638 372 763 422 unum
784 372 831 425 111.
1307 370 1372 432 249

76 537 199 598 Melissi
233 539 369 598 Th0bani
395 531 433 620 (Ι.
457 529 502 620 iv)
533 539 752 614 comprobatur.
798 540 843 598 De
874 541 1007 616 tempore
1035 539 1175 598 carminis
1208 539 1282 596 nihil
1312 559 1371 597 me-

76 627 198 687 moriae
225 629 381 704 proditum
403 631 457 706 est,
479 629 531 688 sed
555 648 590 686 ex
613 631 678 688 totu
701 628 800 689 indole
824 628 964 688 carminis
988 629 1085 688 elucet
1107 628 1238 688 nondum
1261 629 1373 688 fractas

77 720 148 776 tum
171 717 273 777 fuisse
292 737 363 795 opes
380 717 606 796 Aeginetarum.
642 719 689 776 lix
707 737 816 796 magno
835 720 938 777 autem
957 735 1081 777 numero
1100 717 1243 795 locorum,
1263 717 1373 794 quibus

75 807 135 866 hoc
167 825 296 867 carmen
324 826 393 867 cum
421 807 603 867 carminibus
627 805 660 865 O.
681 826 699 865 1.
723 825 754 865 11.
778 826 821 868 111.
854 807 887 866 P.
912 825 934 865 11
960 807 1120 866 concordat
1151 799 1203 886 (cf.
1228 826 1373 866 commen·

78 896 240 956 tationem
267 917 380 974 meam,
411 897 470 956 Zur
498 896 696 974 chronologia
720 896 804 956 Pind.
828 897 1075 974 Siegesgestnge,
1107 896 1184 956 Stzb.
1209 897 1235 954 d.
1260 897 1293 955 B.
1318 895 1374 957 Ak.

83 987 172 1044 1889
199 1005 234 1062 p.
253 998 287 1045 52
308 979 354 1068 ff.)
376 986 516 1064 colligere
541 1003 633 1044 ausus
656 1004 736 1063 sum,
760 1005 820 1045 non
843 987 975 1045 multum
997 986 1053 1046 hoc
1076 1005 1194 1046 carmen
1219 1005 1238 1043 u
1260 989 1374 1061 tempo-

78 1075 167 1133 ribus
204 1075 330 1135 illorum
362 1072 530 1136 carminum
561 1076 685 1153 distare,
717 1075 797 1134 unde
829 1076 908 1134 circa
935 1095 961 1134 a.
986 1077 1049 1135 469
1080 1075 1111 1134 id
1140 1075 1285 1151 scriptum
1312 1093 1375 1134 esse

78 1163 190 1223 videri
233 1165 339 1241 Neque
359 1185 436 1241 quae
455 1185 474 1223 a
487 1165 675 1225 Fraccarolio
695 1164 854 1224 observatu
873 1167 919 1224 est
933 1165 1099 1224 similitudo
1113 1164 1193 1224 inter
1206 1165 1243 1224 N.
1258 1183 1294 1222 111
1310 1175 1342 1223 ⁷2
1353 1183 1374 1224 s.

80 1257 113 1311 et·
131 1254 223 1312 P.1v
241 1265 292 1314 281
304 1274 327 1314 s.
346 1255 531 1314 intercedens
549 1254 589 1313 ad
607 1274 704 1314 meam
723 1254 904 1314 sententium
922 1254 1113 1313 refutandum
1132 1255 1222 1330 valet,
1242 1254 1376 1330 quando·

80 1343 215 1418 quidem
247 1345 339 1403 unius
371 1343 576 1404 similitudinis
607 1364 667 1404 non
697 1345 800 1403 eadem
830 1347 922 1420 utque
952 1345 1117 1403 multarum
1149 1344 1195 1403 vis
1223 1346 1275 1402 est.
1327 1343 1376 1402 Sic

82 1435 194 1492 autem
220 1433 247 1493 si
269 1435 387 1493 natales
410 1434 550 1494 carminis
574 1434 758 1510 ordinamus,
785 1433 923 1493 idoneam
947 1453 1066 1510 quoque
1090 1451 1212 1492 causam
1236 1433 1376 1492 carminis

81 1541 149 1582 sero
180 1523 271 1582 missi
298 1515 339 1603 (v.
363 1515 412 1601 80)
440 1523 647 1583 nanciscimur.
694 1522 727 1581 Si
754 1523 834 1582 enim
860 1523 1009 1582 Nemeaeu
1038 1522 1164 1582 victoria
1188 1541 1213 1580 a.
1239 1523 1302 1581 473
1327 1522 1375 1582 vel

82 1615 144 1670 471
169 1612 213 1671 ab
233 1612 412 1672 Aristoclide
431 1615 519 1689 parta
538 1616 591 1689 est,
615 1616 679 1671 tum
697 1612 841 1688 temporis
859 1612 1015 1690 Pindarus,
1040 1612 1126 1671 cuius
1144 1612 1263 1670 Musam
1282 1611 1373 1689 Aegi-

81 1704 175 1760 netae
206 1701 346 1778 inprimis
373 1701 540 1779 ambibunt,
568 1702 600 1759 in
623 1701 727 1760 Sicilia
754 1701 1006 1779 commorabatur,
1034 1702 1113 1760 unde
1136 1701 1230 1760 redux
1253 1700 1371 1760 demum

83 1791 122 1848 ab
146 1791 262 1850 itinere
286 1791 473 1867 Syracusano
497 1791 600 1851 amicis
624 1791 807 1867 Aegineticis
829 1811 943 1852 morem
966 1810 1067 1869 gerere
1090 1790 1200 1867 potuit

176 1880 217 1939 In
238 1881 357 1941 exordio
376 1885 466 1957 poeta
483 1881 602 1939 Musam
621 1881 748 1956 invocat,
772 1883 808 1939 ut
829 1880 862 1938 in
882 1881 1024 1941 honorem
1043 1879 1209 1939 Nemeaeus
1228 1879 1372 1939 victoriae

84 1988 212 2028 carmen
241 1972 332 2028 canat
358 1970 411 2028 diu
433 1970 495 2028 iam
520 1969 700 2046 promissum
730 1972 762 2028 et
789 1973 995 2045 exspectatum
1022 1961 1143 2050 (1-t)3
1176 1969 1372 2028 certaminum

84 2058 168 2116 enim
202 2059 321 2118 coronis
350 2059 515 2118 curminum
545 2059 738 2135 praeconium
766 2059 894 2118 maxime
924 2057 1085 2135 postulari,
1121 2077 1183 2135 qua
1217 2058 1252 2116 de
1283 2077 1374 2118 causa

85 2147 149 2206 ium
169 2148 332 2226 Aeginam,
355 2152 452 2207 terrae
476 2149 574 2225 decus,
598 2168 627 2208 se
651 2149 875 2208 illustraturum
899 2167 961 2208 esse
985 2151 1015 2207 et
1038 2166 1185 2206 unacum
1204 2147 1373 2207 eaAJisto·

86 2237 214 2314 elidem,
240 2239 293 2314 qui
319 2237 568 2314 Myrmidonibus,
597 2237 702 2313 priscis
724 2238 830 2297 incolis
857 2238 987 2316 insulae,
1015 2237 1171 2314 pancratio
1194 2236 1320 2314 dignum
1343 2223 1373 2296 sd

86 2327 294 2404 praestiterit,
320 2330 357 2385 ut
378 2327 516 2388 Herculis
544 2328 698 2387 columnas
725 2327 787 2385 iam
813 2331 968 2387 assecutus
991 2345 1052 2386 esse
1075 2327 1215 2385 videatur
1238 2317 1373 2405 (6-21).

88 2413 309 2476 Columnarum
336 2417 475 2478 Herculis
506 2417 656 2476 mentione
684 2417 766 2475 factu
792 2435 859 2475 curn
887 2419 978 2493 poeta
1008 2417 1045 2475 ad
1072 2434 1132 2492 res,
1161 2434 1236 2492 quas
1263 2415 1315 2474 ille
1343 2415 1374 2473 in

87 2504 302 2565 remotissimis
329 2505 439 2565 finibus
468 2509 617 2565 terrarum
646 2508 677 2564 et
703 2505 832 2564 marium
861 2506 1012 2583 gessisset,
1041 2505 1205 2563 narrandas
1233 2504 1374 2580 abreptus

89 2598 185 2672 esset,
219 2595 288 2654 inde
312 2614 343 2654 sc
372 2598 494 2656 revocat
524 2596 561 2654 ud
591 2595 768 2655 domesticas
796 2595 900 2654 laudes
931 2595 1130 2654 Aeacidarum
1158 2593 1372 2670 praedicandas

90 2673 241 2763 (as-ss).
283 2685 319 2743 In
341 2685 500 2761 principali
523 2685 619 2763 igitur
637 2688 721 2761 purte
744 2684 884 2744 carminis
904 2684 1027 2744 Peleum
1051 2682 1163 2760 laudat,
1188 2683 1240 2760 qui
1259 2683 1374 2742 lolcum

90 2774 314 2852 expugnaverit
331 2778 362 2834 et
381 2774 537 2834 Thetidem
556 2775 713 2852 coniugem
732 2778 839 2834 nactus
859 2775 906 2852 sit,
930 2774 1130 2850 Telamonem,
1154 2772 1206 2848 qui
1225 2791 1287 2830 una
1306 2792 1374 2831 cum

90 2861 178 2923 Iolao
193 2863 428 2924 Laomedontem
444 2866 474 2923 et
487 2864 655 2923 Amazonas
669 2864 819 2940 devicerit,
835 2863 992 2940 Achillem,
1007 2861 1059 2938 qui
1073 2862 1134 2920 iam
1149 2879 1224 2938 puer
1237 2861 1375 2920 miranda

91 2951 231 3012 facinora
247 2953 374 3012 ediderit
389 2956 420 3012 et
437 2954 484 3013 vir
502 2954 601 3013 factus
620 2954 651 3012 in
671 2952 749 3013 bello
770 2953 899 3012 Troiano
919 2953 1040 3031 agmina
1056 2951 1217 3028 Lyciorum
1235 2953 1266 3010 et
1280 2951 1374 3028 Phry·

93 3061 168 3117 gum
192 3043 392 3118 prostraverit
415 3043 661 3119 Memnonemque
684 3043 789 3102 ducem
812 3042 996 3117 Aethiopum
1018 3040 1204 3100 interemerit
1231 3033 1375 3122 (ss-63).

94 3131 120 3186 A
145 3131 262 3192 fabulis
286 3133 324 3190 cd
346 3150 394 3191 res
417 3136 587 3208 praesentes
606 3132 782 3191 dexterrime
800 3134 891 3208 poeta
914 3131 959 3190 ita
976 3129 1063 3208 redit,
1085 3133 1122 3189 ut
1140 3149 1208 3189 curn
1228 3129 1375 3208 heroibus,

94 3220 147 3295 qui
172 3221 211 3281 de
234 3221 381 3299 sangnine
399 3222 479 3282 lovis
498 3222 638 3299 prognati
656 3221 892 3298 praeclarissime
913 3239 960 3280 res
979 3219 1133 3298 gesserint,
1156 3217 1376 3296 Aristoalidem,

95 3309 147 3384 qui
170 3310 253 3371 Iovis
277 3310 308 3369 in
330 3311 411 3370 ludis
433 3311 590 3370 Nemeaeis
613 3311 727 3388 vicerit,
751 3313 910 3387 componat
938 3329 1065 3386 eumque
1095 3309 1206 3387 optime
1230 3307 1376 3385 cuiusque

94 3400 209 3459 aetatis
232 3420 355 3459 munere
377 3401 465 3478 fungi
488 3400 592 3460 laudet
609 3392 753 3481 (64-76).
791 3399 853 3459 Sub
876 3399 964 3458 finem
988 3399 1041 3458 ubi
1059 3417 1090 3458 se
1109 3397 1272 3476 excusavit,
1296 3399 1376 3475 quod

95 3505 159 3548 sero
191 3507 309 3548 carmen
337 3489 464 3566 miserit,
492 3489 531 3548 ad
556 3491 687 3567 Musam,
714 3490 793 3549 unde
821 3509 942 3550 exorsus
970 3491 1047 3566 erat,
1074 3488 1164 3548 rediit
1186 3485 1376 3546 Aristoclidis

93 3595 196 3638 rerum
220 3579 386 3639 fautricem.

187 3667 344 3744 Aeginetis
370 3667 534 3728 victoribus
560 3673 680 3745 praeter
706 3670 763 3729 hoc
789 3667 950 3745 epinicium
977 3665 1126 3726 Pindarus
1155 3667 1287 3743 plurima
1315 3625 1376 3742 epi-

95 3755 176 3816 nicia
200 3757 328 3834 scripsit,
352 3776 430 3834 quae
454 3758 509 3818 hoc
532 3758 635 3819 ordine
658 3757 867 3835 chronologico
891 3775 954 3818 essu
977 3756 1143 3832 excipiunt:
1167 3755 1203 3814 N.
1228 3773 1247 3814 v
1272 3747 1376 3836 (481,
1496 3788 1499 3794 ·

96 3843 117 3902 l.
133 3865 166 3905 vr
183 3838 287 3926 (480),
306 3847 330 3905 Ι.
344 3865 400 3906 v111
415 3839 518 3925 (478),
532 3847 556 3906 Ι.
570 3867 591 3906 v
606 3839 709 3928 (476),
725 3847 761 3906 Ν.
777 3866 811 3905 111
826 3839 932 3928 (469),
946 3846 982 3906 Ν.
997 3864 1041 3904 vn
1055 3837 1160 3927 (467),
1174 3844 1211 3906 N.
1226 3863 1257 3902 ιν
1272 3839 1350 3922 (465
1367 3891 1375 3921 ,

97 3933 132 3992 N.
146 3955 180 3994 v1
201 3926 306 4016 (463),
328 3936 436 3994 N.vn1
454 3928 558 4017 (461),
582 3935 615 3997 Ο.
630 3956 687 3996 v111
705 3931 805 4018 (460),
828 3937 862 3996 Ρ.
877 3955 933 3994 vnx
952 3926 1055 4016 (450).
1093 3934 1183 3994 Vides
1206 3933 1295 4010 plura
1313 3952 1375 3992 car·

99 4024 181 4084 minu
194 4024 360 4084 Nemeaeus
375 4028 406 4084 et
414 4025 573 4086 Isthmicas
588 4047 679 4104 quam
689 4025 862 4103 Olympicus
877 4027 907 4085 et
920 4025 1063 4101 Pythicas
1077 4024 1219 4084 victorias
1233 4025 1375 4099 spectare,

98 4111 127 4172 id
154 4113 238 4192 quod
265 4114 339 4173 satis
366 4132 402 4174 ex
429 4134 479 4193 eo,
507 4115 589 4192 quod
612 4115 772 4177 Corinthus
799 4119 830 4175 et
851 4117 966 4175 Nemea
993 4114 1031 4173 ub
1054 4113 1154 4172 insula
1176 4111 1293 4190 Aegina
1316 4131 1375 4171 non

98 4205 230 4264 multum
243 4203 405 4281 distabunt,
420 4204 594 4281 explicatur.
629 4205 713 4277 Quod
732 4208 835 4264 antem
848 4205 984 4265 curulem
997 4202 1156 4263 victoriam
1169 4200 1375 4279 Aegineticum

98 4294 213 4353 nullum
235 4293 384 4353 Pindarus
411 4294 609 4374 praedicavit,
636 4295 780 4372 plurimus
803 4293 952 4370 pancratii
979 4295 1010 4352 et
1037 4292 1149 4362 luctae,
1177 4311 1263 4350 nemo
1286 4291 1375 4350 mira·

98 4379 188 4460 bitur,
212 4383 266 4460 qui
283 4382 431 4462 Aeginam
454 4383 584 4444 insulam
607 4384 745 4443 similiter
767 4386 858 4460 utque
877 4383 1013 4442 Ithacam
1036 4381 1121 4458 equis
1140 4379 1254 4439 alendis
1273 4371 1377 4461 (ἵππο-

99 4472 248 4551 scopate)
277 4473 378 4533 minus
405 4473 543 4532 idoneam
570 4474 661 4533 fuisse
688 4473 882 4549 reputaverit.
932 4473 1045 4532 antae
1072 4489 1142 4530 vero
1170 4474 1201 4528 et
1227 4469 1376 4545 pancratii

100 4563 198 4622 studia
222 4562 386 4640 Aeginetae
414 4562 542 4621 maxime
569 4561 756 4639 exercebant,
785 4562 866 4639 quod
893 4562 930 4620 iis
958 4560 1071 4636 optime
1099 4560 1221 4618 iuvenes
1245 4558 1283 4617 ad
1305 4558 1377 4618 belli

101 4653 231 4724 pericula
254 4651 392 4711 obeunda
414 4651 534 4710 institui
557 4652 714 4728 putabant,
737 4652 816 4710 unde
839 4651 931 4711 etiam
951 4650 1073 4709 Peleum
1096 4649 1281 4709 inventorem
1304 4667 1375 4724 pen·

101 4741 186 4800 tuthli
210 4740 304 4800 fuisse
327 4740 524 4817 perhibebunt
547 4733 589 4821 (v.
608 4741 698 4801 schol.
718 4740 755 4801 N.
774 4759 818 4799 v11
837 4751 867 4818 93
891 4741 926 4800 cl.
951 4740 1038 4799 Paua.
1059 4757 1079 4799 v
1099 4749 1141 4814 17,
1162 4748 1203 4797 10.
1235 4737 1376 4797 Philostr.

101 4847 195 4908 ayma.
216 4823 256 4912 3).
307 4829 343 4888 ln
370 4829 552 4896 carminibus
578 4833 681 4893 autem
708 4829 892 4914 Aegineticis
923 4829 1009 4906 quasi
1037 4829 1178 4888 sollemne
1213 4825 1272 4884 suit
1301 4829 1332 4886 et
1359 4847 1377 4885 a
