3417 5434
656 371 781 420 sauss
799 371 820 422 ι.
1310 363 1374 428 237

94 540 175 599 enim
194 540 329 617 stropha,
352 537 492 597 similiter
510 539 601 613 atque
620 536 742 613 epodus,
766 555 801 594 ex
820 537 954 612 quatuor
971 533 1100 611 periodis
1120 527 1182 616 (vv.
1198 545 1276 612 1—2,
1296 546 1375 612 3-4,

93 640 172 706 5-6,
199 620 232 709 7)
258 629 320 687 fere
344 627 425 704 paris
448 626 580 686 ambitus
604 628 735 703 constat,
764 627 795 684 et
817 624 940 684 licentia
963 623 1102 698 ancipitis
1126 623 1259 699 syllabae
1284 623 1377 682 etiam

92 719 124 777 in
150 717 254 777 medio
281 735 370 776 versu
398 717 495 793 primo
523 715 570 774 bis
599 714 729 774 admissa
752 718 798 773 est
820 706 882 796 (vv.
907 725 949 773 ol.
978 703 1036 795 69).
1060 745 1102 752 -
1128 712 1267 790 Carmen,
1296 713 1376 789 quod

92 827 119 867 v.
147 810 163 866 7
190 803 339 885 ἐγκώμιον
361 803 447 884 μέλος
470 805 592 882 dicitur,
617 803 774 880 Syracusis
796 803 827 860 in
850 802 1029 878 paeninsula
1053 799 1182 880 Ortygia
1205 802 1376 861 anteferes

92 896 231 955 Chromii
252 894 375 955 victoris
398 914 417 952 a
440 895 528 954 choro
557 896 714 952 cantatum
744 895 802 970 est,
831 892 923 950 lautis
952 891 1049 968 epulis
1077 891 1109 948 in
1137 890 1260 950 aedibus
1284 909 1375 967 appa-

91 984 176 1062 ratis,
201 985 314 1062 quibus
335 987 406 1061 post
428 985 550 1042 cantum
572 983 733 1042 choreutae
752 981 902 1059 ceterique
921 981 1011 1040 amici
1028 980 1151 1039 victoris
1171 979 1378 1056 exciperentur

92 1067 133 1155 (v.
155 1066 217 1154 22).
267 1073 416 1133 Pindarus
443 1073 506 1150 ipse
533 1072 638 1132 cantui
664 1071 834 1132 interfuisse
865 1073 896 1130 et
927 1072 1085 1146 tamquam
1115 1069 1260 1146 magister
1287 1069 1376 1128 choro

91 1163 259 1240 praeivisse
282 1162 451 1239 fidibusque
475 1161 657 1221 succinuisse
679 1162 800 1222 videtur
822 1152 864 1243 (v.
885 1151 940 1240 19).

139 1352 341 1438 ’Ἀμνινευμα
364 1355 487 1438 σεμνὸν
503 1351 661 1437 Ἀλφεοῦ,
1175 1354 1256 1436 Στρ.
1280 1348 1324 1414 α’.

144 1466 285 1526 κλεινᾶν
309 1465 532 1545 Συρακοσσᾶν
554 1460 660 1535 θάλος
678 1457 843 1545 Ὀρτυγία,

146 1567 288 1652 δέμνιον
306 1565 510 1653 Ἀρτέμιδος,

144 1676 269 1740 Δάλου
292 1676 488 1758 κασιγνήτα,
512 1673 611 1739 σέθεν
635 1673 780 1758 ἁδυεπὴς

110 1798 126 1846 5
144 1783 256 1867 ὕμνος
278 1781 418 1868 ὁρμᾶται
441 1779 545 1866 θέμεν
1360 1796 1376 1844 o

146 1884 249 1954 αἶνον
273 1889 485 1955 ἀελλοπόδων
507 1887 611 1972 μέγαν
633 1888 758 1970 ἵππων,
784 1888 891 1971 Ζηνὸς
914 1890 1078 1954 Αἰτναίου
1102 1888 1212 1975 χάριν·

147 1997 240 2082 ἅρμα
264 1995 293 2060 δ’
323 1996 456 2083 διρόνει
480 2000 628 2081 Χρομίου
651 1993 763 2079 Νεμέα
786 1992 821 2058 θ’

194 2102 358 2189 ἔργμασιν
379 2104 577 2187 νικαφόροις
600 2101 763 2187 ἐγκώμιον
787 2099 894 2179 ζεῦξαι
915 2100 1022 2186 μέλος.
1344 2119 1377 2166 10

164 2352 250 2386 vam
264 2350 368 2387 arcuo.
397 2332 480 2385 inser.
497 2348 549 2385 om.
564 2331 627 2384 BD
641 2362 674 2369 -
690 2329 795 2386 Sobel:
810 2327 990 2400 γίγρατταιδ
1002 2330 1126 2394 ἐπίνικος
1134 2331 1247 2404 Χρομίῳ
1257 2327 1377 2403 Αἰτναίῳ

97 2403 233 2478 (Αλτναίςο
255 2403 328 2458 falso
353 2420 371 2457 a
393 2402 586 2474 grammaticis
610 2419 645 2455 ex
667 2419 692 2455 v.
711 2419 724 2456 ο
747 2402 878 2456 additum
901 2419 961 2456 esse
981 2403 1146 2473 comprobat
1164 2401 1316 2470 Luebbert,
1342 2400 1377 2456 de

95 2474 170 2529 ludis
189 2474 303 2544 Pythiis
322 2473 461 2543 Sicyoniis
478 2493 505 2544 p.
526 2476 561 2543 ιι)
583 2504 620 2512 -
642 2478 667 2528 4.
686 2473 859 2543 κασιγνήταν
881 2473 985 2528 lemma
1003 2473 1033 2528 in
1052 2475 1093 2542 D,
1117 2475 1286 2544 κασίγνητον
1304 2473 1376 2528 coni.

94 2547 275 2602 Bornemann
292 2578 326 2586 —
348 2551 371 2601 l.
397 2545 430 2601 θ’
452 2544 568 2616 ἔργμασι
586 2546 660 2612 D⁸⁰,
678 2543 713 2599 θ’
734 2542 849 2614 ἔργμασι
868 2546 942 2615 D90,
960 2544 994 2599 δ’
1017 2543 1114 2616 ἕρμασι
1132 2547 1160 2599 Β
1179 2575 1213 2586 ·-

166 2708 359 2745 comarum
397 2707 423 2743 v.
445 2693 521 2743 1-4.
560 2685 707 2757 Ortygiam
730 2686 927 2756 paeninsulam
951 2688 1156 2757 Syracusanam
1184 2686 1213 2740 iu
1237 2686 1376 2758 principio

96 2762 232 2816 carminis
259 2764 345 2831 poeta
371 2759 498 2830 invocat,
526 2759 602 2828 quod
628 2757 658 2811 in
682 2759 735 2813 hac
761 2761 842 2828 parte
865 2759 943 2813 urbis
968 2762 997 2813 et
1019 2775 1131 2812 carmen
1155 2759 1324 2812 cantabatur
1348 2761 1377 2813 et

95 2831 244 2888 Chromius
262 2833 354 2888 victor
373 2849 452 2885 suam
471 2830 585 2884 domum
602 2829 741 2897 habebat3
761 2830 795 2886 cf.
815 2830 916 2886 schol:
936 2829 1006 2884 ἔνιοι
1025 2830 1075 2900 μὲν
1095 2825 1146 2884 οὖν
1165 2847 1261 2900 φασιν,
1281 2827 1324 2884 ὅτι
1341 2831 1377 2884 rei

97 2903 273 2974 λκαοτρόφια
291 2911 341 2959 τοῦ
361 2901 487 2971 Ἱέρωνος
504 2901 553 2956 καὶ
571 2910 621 2956 τοῦ
640 2903 764 2971 Χρομίου
783 2901 885 2972 ὁμοίως
904 2902 934 2956 ἐν
954 2910 988 2973 τῇ
1005 2898 1133 2976 Ὀρτυγίᾳ
1151 2895 1195 2969 ἦν.
1227 2901 1307 2955 Hane
1327 2901 1376 2955 Or-

95 2977 220 3046 tygiam,
243 2993 317 3045 quae
339 2975 422 3044 quasi
445 2975 529 3028 decus
553 2973 754 3042 Syracusarum
776 2973 845 3042 fuit,
875 2971 967 3028 cubile
990 2973 1036 3027 vel
1059 2972 1154 3026 sedem
1176 2972 1285 3027 Dianae
1308 2973 1378 3027 dicit

95 3048 130 3115 (v.
149 3051 186 3117 a),
217 3047 293 3118 quod
318 3047 427 3100 Dianae
450 3044 573 3099 fluvialis
597 3061 677 3100 sacra
703 3047 765 3098 erat
788 3045 834 3115 (cf.
854 3044 884 3100 P.
905 3063 925 3097 11
945 3048 980 3114 ι),
1008 3044 1083 3098 unde
1110 3060 1173 3099 eam
1198 3043 1274 3113 Deli,
1304 3061 1377 3113 quae

97 3134 163 3171 vera
186 3118 284 3188 patria
301 3117 485 3172 Latoidarnm
503 3115 570 3184 fuit,
589 3132 711 3170 sororem
729 3119 875 3185 nuncupat
892 3120 928 3188 (v.
946 3119 977 3185 ι).
1010 3115 1136 3184 Denique
1156 3114 1307 3186 ἄμπνευμα
1323 3114 1377 3169 Ἀλ-

95 3199 167 3256 pice
194 3207 261 3244 eam
289 3189 361 3244 dicit
383 3191 418 3258 (v.
439 3192 473 3258 ι),
497 3188 572 3257 quod
598 3189 770 3253 sacerdotes,
794 3190 827 3241 ut
848 3187 968 3242 eandem
991 3187 1122 3241 deamat
1144 3186 1174 3239 in
1192 3186 1257 3256 ripa
1274 3186 1377 3256 Alphei

96 3263 125 3313 et
141 3260 171 3314 in
189 3260 362 3332 paeninsula
377 3259 496 3342 Ortygia
513 3258 568 3314 coli
582 3259 606 3313 si
649 3260 654 3270 “
677 3261 781 3327 carent,
799 3259 940 3329 Alpheum
957 3259 1081 3326 fluvium,
1101 3275 1164 3312 eum
1178 3275 1265 3328 prope
1278 3258 1377 3313 Eleum

96 3333 170 3385 terra
193 3333 314 3387 haustus
339 3334 426 3400 esset,
450 3349 481 3385 m
505 3330 581 3385 fonte
655 3331 739 3384 thusa
759 3329 895 3402 Ortygiae
918 3347 1012 3384 rursus
1039 3329 1158 3384 ebullire
1180 3329 1375 3400 perhibebant.

97 3401 176 3456 Hanc
195 3408 293 3458 antem
310 3420 369 3458 rem
388 3406 421 3456 ut
437 3402 542 3457 fabulis
561 3405 735 3470 exornarent,
750 3403 891 3472 Alpheum
909 3401 1025 3455 fluvium
1039 3401 1168 3470 Dianam,
1188 3401 1268 3455 cuius
1283 3417 1377 3456 amore

97 3473 249 3544 flagrabat,
269 3474 425 3546 fugientem
444 3476 621 3544 persecutum
640 3490 713 3542 ease,
738 3477 849 3528 etcum
875 3476 940 3544 post
958 3472 1057 3543 longos
1076 3489 1182 3528 errores
1201 3489 1289 3542 prope
1308 3475 1375 3527 Are·

96 3543 196 3601 thuim
214 3547 323 3601 fontem
342 3562 405 3601 eam
423 3547 590 3600 consecutus
608 3547 690 3614 esset,
708 3544 739 3598 in
757 3561 876 3600 amoeno
894 3545 956 3600 loco
975 3543 1170 3614 conquievisse
1185 3543 1376 3599 comminisce-

86 3614 207 3676 bantur.
247 3615 353 3672 Schol:
375 3616 426 3671 τὸν
448 3615 501 3686 γὰρ
517 3615 641 3686 Ἀλφειόν
660 3634 748 3686 φασιν
767 3617 848 3686 ἔρωτι
867 3614 970 3671 ἁλόντα
993 3625 1044 3686 τῆς
1059 3613 1214 3686 Ἀρτέμιδος
1232 3617 1378 3682 ἐπιδιῶξαι

98 3688 185 3758 αὐτὴν
211 3689 276 3760 ἄχρι
298 3697 348 3759 τῆς
366 3691 508 3752 Σικελίας·
531 3697 582 3742 τοῦ
601 3686 632 3742 δὲ
651 3687 746 3752 τέλους
763 3697 813 3759 τῆς
830 3690 950 3754 διώξεως
969 3686 1073 3742 αότόδι
1092 3686 1251 3758 γενομένου,
1272 3687 1377 3742 αὐτόθι

97 3770 230 3830 συστῆναι
252 3759 304 3830 τὴν
327 3758 505 3828 Ἀρέθουσαν.
539 3759 588 3814 διὰ
610 3768 693 3813 τοῦτο
716 3758 747 3813 es
775 3761 824 3814 καί
846 3762 899 3828 τὴν
918 3757 1041 3830 Ἄρτεμιν
1061 3758 1211 3832 Ἀλφειῴαν
1238 3777 1375 3829 προσαγο-

99 3831 243 3894 ρεύεσθαι·
267 3832 317 3886 καὶ
340 3830 371 3885 ἐν
386 3828 514 3905 Ὀρτυγίᾳ
537 3830 569 3885 δὲ
592 3829 744 3899 suspects
766 3839 800 3901 τῇ
816 3829 950 3902 Ἀρτίμιδι
969 3828 1175 3900 συναφίδρυται
1194 3873 1199 3884 .
1221 3873 1226 3884 .
1247 3873 1253 3884 .
1273 3831 1326 3884 stoi
1345 3829 1376 3883 δὲ

99 3899 125 3954 οἳ
139 3901 292 3977 alermus
310 3903 361 3972 τὴν
374 3901 499 3973 ’Ἄρτεμιν
517 3901 628 3972 λέγουσι
645 3901 694 3956 διὰ
712 3905 744 3956 τὸ
762 3903 812 3956 τόν
828 3901 953 3972 Ἀλφειὸν
971 3901 1088 3972 πλησίον
1106 3910 1155 3971 τῆς
1170 3898 1279 3963 Ἠλείας
1291 3899 1376 3968 'ilpra-

98 3972 188 4100 ιλλ
209 3971 433 4099 effertur·
450 3973 923 4100 ·.uesucues¹e
940 3977 983 4098 λ
1002 3974 1036 4028 ‘¹⁶
1055 3971 1376 4098 111ελλλλλλ

98 4118 175 4182 parte
193 4065 319 4183 fitiulae,
337 4117 396 4170 iam
414 4064 458 4171 ati
470 4117 555 4186 Ibyco
574 4119 604 4171 et
622 4063 757 4170 'Palesritla
774 4089 899 4171 ericusa
918 4063 1195 4186 (δί.“εόίιοδ.’Τλισοοι.
1210 4118 1292 4184 1115),
1311 4115 1376 4170 vide

99 4184 174 4242 ltich.
193 4188 327 4256 Holland,
345 4188 387 4242 De
405 4188 514 4257 Alpheo
533 4191 563 4242 et
580 4188 732 4258 Arethusa,
752 4187 781 4241 in
800 4191 947 4243 comment.
966 4187 1101 4242 Ribbeck.
1126 4206 1153 4257 p.
1173 4203 1212 4242 seo
1232 4217 1264 4226 -—
1285 4193 1309 4240 ό.
1330 4187 1376 4256 δρ-

100 4265 181 4378 μᾶται
199 4259 302 4331 θέμεν·
326 4260 363 4313 ab
384 4259 502 4340 Ortygia
520 4258 637 4328 orditur,
659 4259 776 4314 atinde
795 4261 833 4314 ad
851 4260 965 4314 laudem
983 4257 1118 4313 victoriae
1137 4260 1272 4326 trauseat,
1299 4258 1375 4312 simi-

111 4332 267 4401 iteratque
289 4330 320 4384 in
343 4330 454 4402 hymnis
478 4347 495 4384 a
519 4330 573 4385 diis
592 4330 684 4385 exorsi
701 4334 802 4402 poetae
822 4331 955 4385 adtacta
979 4330 1123 4384 hominum
1142 4329 1315 4397 transibant3
1341 4331 1374 4384 cf.

101 4397 130 4453 O.
143 4419 172 4455 vr
189 4421 216 4459 ss
235 4407 264 4458 et
282 4403 362 4457 Hom,
382 4402 434 4457 Od.
453 4421 502 4456 vm
523 4419 563 4458 ceo
581 4402 597 4456 ό
616 4401 645 4456 δ’
666 4402 801 4473 ὁρμηθεὶς
824 4407 896 4457 θεοῦ
922 4401 1034 4492 ἤρχετο,
1058 4409 1143 4471 φαῖνε
1168 4399 1196 4455 δ’
1218 4401 1320 4469 ἀοιδήν
1340 4434 1374 4442 -

100 4469 185 4541 θέμεν
203 4470 288 4529 αἶνον
305 4472 520 4544 periphrastice;
539 4473 605 4527 vide
624 4473 661 4527 ad
680 4474 709 4527 P.
728 4493 757 4527 rv
771 4491 858 4528 ιιι-
875 4479 897 4527 6.
917 4494 1000 4544 γαριν
1019 4472 1161 4598 appositio
1183 4475 1226 4526 est
1243 4472 1375 4527 vocabuli

101 4537 190 4622 αίνον,
215 4545 297 4615 qnia,
320 4562 384 4600 cum
401 4544 463 4598 ludi
480 4545 615 4599 Nemeaei
634 4545 709 4599 lovis
728 4544 801 4599 sacri
819 4547 925 4614 essent,
950 4545 1037 4599 etiarn
1067 4545 1153 4598 audes
1173 4543 1375 4598 Nemeaeorum

102 4618 233 4671 uotorum
251 4615 313 4672 Iovi
331 4619 429 4686 gratae
448 4619 542 4685 araut3
561 4618 595 4672 cf.
615 4617 645 4670 P.
664 4636 694 4670 xi
712 4633 737 4670 rs
755 4649 789 4657 -
808 4618 901 4687 Ζηνὸς
920 4614 1062 4672 Αἰτναίου·
1083 4631 1238 4686 cognomen
1256 4616 1376 4670 Aetnaei

103 4682 159 4738 lovi
171 4688 201 4742 in
214 4687 313 4744 Sicilia
325 4687 449 4741 inditum
462 4692 514 4756 est,
529 4688 603 4756 quod
618 4687 649 4741 in
663 4705 770 4742 summo
783 4691 880 4742 monte
890 4691 982 4743 Aetna
995 4690 1141 4756 tamquam
1156 4686 1245 4740 altero
1255 4685 1375 4757 Olympo

104 4771 178 4812 suam
196 4761 292 4815 sedem
309 4758 415 4814 habere
434 4759 602 4827 ducebatur;
626 4777 652 4814 v.
672 4759 701 4814 P.
720 4779 732 4812 1
749 4775 783 4814 ss.
812 4763 843 4816 0.
859 4779 887 4815 vr
905 4777 930 4815 si
951 4791 984 4800 --
1004 4766 1027 4814 7.
1046 4759 1139 4825 ζεῦξαι
1157 4756 1249 4829 μέλος·
1270 4759 1303 4812 de
1322 4758 1376 4812 hae

103 4832 261 4902 metaphora
280 4831 352 4886 conf.
371 4831 402 4888 P.
420 4851 439 4884 x
457 4849 492 4900 ss,
512 4831 546 4885 de
564 4833 627 4885 tota
645 4831 787 4887 sententia
806 4831 836 4887 0.
852 4851 884 4885 111
903 4848 915 4886 s
933 4863 968 4872 -
