3417 5434
322 313 408 369 LXVI
827 314 1104 370 PROLEGOMENA.

323 479 412 544 feriis
446 479 579 544 deorum
611 477 811 561 heroumque
849 477 967 542 adiecti
1003 499 1074 541 esse
1106 475 1267 541 videntur.
1322 475 1432 563 Atque
1464 477 1611 561 primum
1698 526 1699 533 κ

325 586 464 651 Doricae
488 585 647 669 civitatee,
675 589 712 648 ut
736 606 817 669 quae
842 583 1002 670 gymnicis
1025 583 1314 672 exercitationibus
1336 584 1479 648 maxime
1503 586 1613 649 stude

324 698 397 757 rent
416 698 449 757 et
467 692 558 757 feriis
577 692 710 756 deorum
730 690 895 776 splendide
911 691 1104 756 exornandis
1118 713 1280 756 summam
1294 712 1427 776 operam
1440 699 1614 776 navarent,

324 822 426 865 novos
450 799 544 864 ludos
568 798 738 863 instituere
762 803 951 883 coepenmt3
978 802 1094 883 postea
1122 803 1231 862 autem
1255 798 1354 863 etiam
1377 798 1510 865 Ionicae
1534 801 1612 864 civi-
1698 796 1699 839 l

324 912 409 972 tates
434 930 507 973 cum
532 905 614 970 aliae
638 911 707 970 tum
733 904 943 971 Atheniensis
966 905 1110 970 Doribus
1132 905 1168 969 in
1186 905 1277 971 feriis
1295 906 1430 972 deorum
1449 908 1610 992 augendis

325 1019 359 1080 et
383 1013 618 1100 amplificandis
643 1015 753 1078 cedere
777 1013 959 1078 noluerunt.

412 1141 462 1204 Ex
491 1138 589 1204 variis
618 1138 859 1204 discriminibus
886 1139 1047 1223 ludorum,
1080 1161 1162 1224 quae
1189 1139 1309 1223 partim
1336 1139 1411 1204 inde
1439 1140 1481 1203 ab
1510 1141 1610 1205 initio
1699 1156 1700 1171 ³

323 1249 468 1332 fuerunt,
494 1247 614 1332 partim
644 1251 827 1331 temporum
855 1246 991 1312 decursu
1021 1251 1093 1311 orta
1116 1251 1206 1331 sunt,
1229 1246 1292 1311 duo
1315 1247 1378 1313 hoc
1401 1247 1474 1311 loco
1498 1248 1611 1312 adum·
1699 1314 1700 1321 ,

325 1356 419 1420 brarc
443 1354 549 1420 visum
574 1358 633 1436 est,
657 1354 790 1418 tertium
817 1353 904 1419 infra
931 1354 1196 1419 examinabimus.
1241 1353 1389 1419 Primum
1411 1355 1454 1419 ad
1475 1359 1609 1440 tempus
1699 1348 1700 1411 ἶ

322 1463 477 1548 pertinet,
509 1462 596 1546 quod
623 1461 708 1525 inter
736 1461 883 1547 singulos
910 1461 1004 1527 ludos
1032 1460 1285 1527 intericiebatur.
1332 1461 1399 1525 Alii
1427 1462 1515 1528 enim
1538 1462 1610 1527 ludi
1699 1450 1700 1487 ³

323 1575 416 1635 erant
440 1569 551 1652 annui,
576 1573 612 1632 ut
635 1568 745 1652 Iolaii,
768 1569 824 1632 alii
848 1569 1004 1633 trieterioi
1012 1565 1052 1653 ¹),
1075 1574 1113 1633 ut
1131 1568 1281 1634 Isthmici
1305 1574 1338 1633 et
1362 1567 1527 1654 Nemeaei,
1551 1570 1610 1634 alii

327 1677 519 1763 penteterici
527 1673 565 1761 1),
585 1681 622 1740 ut
636 1674 797 1761 Olympici
817 1681 850 1740 et
864 1675 983 1761 Pythii.
1013 1674 1168 1740 Ordinem
1186 1681 1296 1741 autem
1314 1675 1517 1742 trietericum
1531 1699 1610 1741 cum

323 1789 454 1849 vetusta
467 1790 651 1869 temporum
669 1783 873 1848 ordinatione
888 1789 922 1846 et
935 1805 1045 1846 mense
1059 1781 1245 1848 intercalari
1260 1784 1358 1848 tertio
1373 1804 1503 1867 quoque
1519 1805 1608 1848 anno

324 1891 403 1956 olim
417 1891 586 1956 duodecim
601 1889 766 1955 mensibus
783 1889 952 1954 lunaribus
971 1890 1046 1954 anni
1066 1889 1191 1954 adiecto
1208 1891 1381 1974 cohaerere
1399 1890 1466 1954 iam
1479 1895 1609 1955 veteres

323 1997 577 2086 chronographi,
611 1997 766 2062 Geminus
796 1999 815 2062 6
846 2002 881 2061 et
908 1996 1105 2062 Censorinus
1136 1999 1189 2081 18,
1221 1997 1338 2062 merito
1376 1996 1609 2083 statuerunt,²)
1700 1994 1701 1997 '

323 2087 543 2170 leonesvero
571 2105 710 2170 maxime
739 2105 780 2169 ad
806 2104 903 2168 ludos
927 2104 1095 2190 gymnicos
1120 2103 1287 2169 faciendos
1310 2105 1504 2170 videbantur
1525 2109 1610 2169 tem·
1700 2124 1701 2149 ³

323 2233 404 2296 pora
427 2217 483 2276 aut
507 2212 630 2277 mediae
650 2211 799 2296 aestatis,
821 2211 982 2276 mensium
1000 2210 1077 2274 Iulii
1095 2215 1129 2275 et
1148 2209 1304 2298 Augusti,
1328 2235 1393 2297 qua
1410 2217 1609 2297 tempestate

325 2319 477 2404 Olympia
509 2324 542 2383 et
574 2319 694 2404 Pythia
731 2324 805 2384 acta
842 2341 912 2384 esse
949 2323 1091 2403 constat,
1129 2322 1187 2382 aut
1217 2319 1316 2384 medii
1347 2319 1446 2406 veris,
1483 2321 1609 2385 mensis

325 2427 455 2511 Aprilis.
497 2427 607 2510 Atque
631 2426 658 2491 si
683 2431 913 2511 tempestatem
936 2426 1013 2489 anni
1035 2425 1143 2509 ipsam
1167 2431 1308 2512 spectas,
1330 2427 1415 2491 reris
1439 2449 1494 2491 aer
1512 2449 1609 2513 vege

323 2539 377 2599 tus
397 2534 503 2599 calore
524 2535 658 2600 aestatis
678 2534 785 2620 aptior
803 2533 917 2618 procul
931 2533 1030 2597 dubio
1045 2538 1129 2618 erat3
1152 2533 1181 2598 si
1193 2532 1297 2597 nihilo
1312 2533 1419 2599 minus
1434 2532 1608 2619 Olympiae

324 2646 357 2705 et
380 2641 582 2726 Delphorum
606 2647 639 2707 et
661 2639 804 2706 Nemeae
830 2641 1015 2706 sacerdotes
1039 2640 1164 2705 caelum
1187 2640 1347 2705 aestivum
1369 2642 1608 2726 praeferebant,

323 2749 443 2833 partim
466 2749 528 2814 hoc
552 2771 591 2814 ex
610 2748 838 2814 astronomicis
855 2747 1038 2813 rationibus
1059 2748 1199 2831 annique
1218 2747 1334 2814 Graeci
1352 2749 1461 2833 initio,
1483 2749 1608 2834 partim

323 2877 362 2920 ex
386 2861 532 2940 tempore
554 2857 683 2942 messis,
707 2878 771 2940 qua
793 2855 939 2941 perfecta
957 2855 1019 2922 diis
1038 2857 1266 2941 operabantur,
1288 2856 1514 2940 explicandum
1532 2878 1606 2921 esse

323 2962 458 3026 videtur.
497 2962 669 3028 Praeterea
691 2968 724 3028 et
747 2963 867 3027 rationi
890 2968 924 3027 et
946 2964 1020 3027 usui
1044 2968 1295 3028 consentaneum
1318 2984 1390 3027 esse
1407 2961 1545 3048 ridetur,
1568 2970 1607 3027 ut

323 3070 417 3134 ludos
445 3070 576 3134 eosdem
604 3070 716 3135 eodem
744 3091 874 3155 quoque
897 3092 1025 3154 semper
1047 3075 1194 3155 tempore
1217 3071 1294 3135 anni
1316 3070 1422 3136 factos
1446 3092 1516 3134 esse
1539 3092 1606 3135 cre

324 3178 447 3243 damus.
496 3177 548 3242 Ab
581 3178 644 3242 hoc
676 3181 784 3241 autern
818 3176 930 3241 ordine
963 3176 1136 3244 lsthmicos
1167 3182 1201 3242 et
1227 3177 1407 3243 Nemeseos
1435 3176 1531 3242 ludos
1558 3201 1606 3242 re-

324 3285 460 3350 cessisse
484 3284 562 3350 olim
585 3285 746 3370 putabant
765 3281 923 3370 Scaligeri
942 3290 976 3350 et
994 3283 1135 3350 Corsinii
1155 3285 1385 3350 auctoritatem
1408 3285 1526 3370 secuti,
1549 3287 1606 3370 qui

323 3391 384 3456 hos
412 3393 506 3457 ludos
535 3393 668 3458 alternis
692 3391 818 3456 vicibus
845 3391 952 3456 hieme
980 3397 1014 3457 et
1041 3397 1164 3456 aestate
1196 3397 1285 3458 actos
1314 3415 1384 3458 esse
1407 3397 1604 3457 statuerimt.

325 3498 371 3564 At
390 3505 503 3566 nostra
521 3499 679 3566 memoria
696 3498 776 3564 haec
794 3499 961 3564 distinctio
983 3499 1195 3564 hibernorum
1213 3505 1247 3565 et
1260 3501 1458 3565 aestivorum
1473 3500 1606 3566 Isthmi-

327 3629 419 3672 orum
443 3613 476 3672 et
499 3607 697 3673 Nemeorum
721 3607 869 3672 acumine
894 3606 1026 3692 Georgii
1050 3604 1174 3692 Ungeri
1193 3607 1326 3692 explosa
1347 3612 1411 3694 est,
1434 3607 1491 3693 qui
1515 3632 1607 3675 accu-

326 3714 490 3779 ratissima
504 3715 731 3798 disquisitione
747 3713 911 3779 Nemeaea
926 3736 1053 3799 semper
1071 3736 1181 3778 mense
1195 3714 1300 3800 Iunio,
1319 3713 1460 3781 isthmia
1477 3739 1607 3802 semper

204 3825 207 3840 '
327 3843 437 3886 mense
460 3822 566 3907 Aprili
595 3826 668 3888 acta
696 3844 765 3886 esse
794 3821 898 3887 evicit.
944 3821 1035 3886 Idem
1062 3822 1177 3886 turbas
1199 3821 1294 3908 istas,
1322 3845 1405 3908 quae
1428 3824 1470 3888 ad
1492 3825 1606 3890 distin·

328 3930 473 4016 guendos
497 3930 651 3994 hibernos
670 3935 704 3994 et
722 3930 864 3996 aestivos
882 3929 976 3994 ludos
996 3929 1166 4016 ducebant,
1189 3952 1228 3994 ex
1247 3953 1299 4015 eo,
1322 3930 1408 4016 quod
1425 3929 1608 4014 imperator

416 4199 443 4266 1)
462 4197 543 4252 Nach
570 4213 686 4252 unserer
713 4191 828 4251 Ztthlart
855 4193 1040 4252 behanntlich
1070 4194 1138 4252 ‘alle
1166 4194 1234 4252 zwei
1262 4196 1330 4252 oder
1357 4195 1413 4252 alle
1437 4197 1498 4252 rier
1519 4197 1607 4253 Jabrc

325 4267 571 4324 wiederkehrende
589 4269 692 4324 Feste’.

417 4361 444 4422 2)
454 4358 622 4414 Censorinus
632 4358 650 4414 l.
658 4359 675 4414 l.
685 4358 869 4412 tetrasterida
877 4374 987 4426 quoque
995 4357 1055 4412 eive
1064 4358 1162 4413 orbem
1170 4360 1292 4426 quatuor
1301 4359 1607 4414 annorumadmenees

327 4427 537 4484 intercalandos
555 4429 725 4500 pertinuisse
744 4430 888 4499 opinatur:
904 4437 999 4497 postea
1016 4432 1124 4501 coquito
1141 4447 1230 4485 errore
1250 4431 1419 4498 (maida)
1434 4431 1484 4486 hoe
1502 4439 1607 4500 tempus

326 4502 507 4568 duplicarunt
527 4509 551 4555 et
570 4503 743 4556 tetroetcrida
759 4503 882 4568 feceremt
897 4543 903 4554 .
920 4545 925 4554 .
941 4545 946 4554 .
962 4519 1046 4570 quare
1063 4519 1136 4572 upon
1154 4509 1179 4555 et
1201 4504 1232 4555 in
1251 4501 1334 4556 Elide
1352 4502 1415 4556 Iovi
1436 4504 1563 4574 Olympio
1581 4511 1606 4556 el

328 4571 431 4625 Rornae
452 4571 607 4640 Capitolino
631 4575 725 4642 quinto
748 4590 851 4642 meopte
869 4589 944 4626 anuo
961 4575 1088 4628 redeunte
1105 4575 1262 4628 celebratur.
1299 4573 1355 4626 Sed
1374 4573 1427 4628 hoe
1445 4591 1526 4629 secus
1545 4591 1606 4629 esse

327 4645 357 4695 et
379 4643 576 4712 pentaeterida
600 4643 732 4697 feriarum
751 4659 784 4696 ex
804 4660 844 4712 eo,
868 4643 944 4711 quod
964 4644 1067 4714 duplex
1086 4642 1267 4698 interuallum
1287 4643 1361 4698 inter
1379 4645 1506 4715 singulos
1524 4645 1606 4700 ludos

327 4713 498 4769 intercedere
524 4714 672 4782 voluerint,
698 4717 789 4769 ortam
815 4731 877 4769 esse
901 4715 955 4770 viri
979 4716 1079 4770 harum
1104 4733 1197 4770 rerum
1215 4714 1301 4785 periti
1319 4716 1434 4784 docent,
1459 4735 1486 4771 v.
1503 4718 1604 4789 Unger,

326 4783 532 4858 Zeitrechnung
551 4788 601 4842 der
619 4785 756 4841 Griechen
775 4804 801 4842 u.
820 4787 931 4855 Bdmer,
951 4787 980 4841 in
999 4787 1109 4842 Handb.
1125 4787 1151 4842 d.
1166 4787 1252 4842 klass.
1267 4787 1324 4844 Alt.
1339 4788 1361 4840 1²
1377 4793 1436 4842 732.
