3417 5434
907 1174 1060 1226 ΠΤΘΙΟΝ.
1079 1172 1118 1225 Δ’.

612 1339 990 1425 ΑΡΚΕΣΙΛΑι
1041 1334 1422 1420 ΚΤΡΗΝΑΙΩι

945 1534 1086 1585 ΑΡΜΑΤΙ.

929 1816 1105 1886 Strophae.

898 3551 1138 3634 Argumentum.

468 3684 641 3743 Arcesilaus
653 3684 705 3745 IV.
720 3684 806 3742 Batti
819 3684 871 3741 IV.
885 3682 974 3761 filius,
994 3682 1047 3759 qui
1062 3682 1245 3758 Cyrenarum
1265 3684 1389 3740 octavus
1407 3684 1478 3758 post
1490 3680 1605 3739 Battum
1620 3674 1637 3734 Ι.

379 3794 431 3834 rex
445 3774 505 3831 fuit
519 3766 561 3856 (v.
574 3774 653 3833 Prcl.
670 3765 787 3854 cxxvu),
801 3772 949 3849 Pythiade
965 3774 1005 3831 31
1018 3798 1060 3819 =
1071 3773 1134 3831 466
1151 3764 1245 3853 (462)
1261 3790 1287 3830 a.
1298 3770 1364 3830 Chr.
1376 3771 1532 3849 quadrigis
1545 3766 1636 3845 Pythia

380 3863 462 3923 vicit.
486 3862 622 3922 Eundem
636 3861 682 3923 Ol.
693 3866 735 3922 80
746 3888 788 3909 =
799 3865 865 3922 460
875 3880 901 3921 a.
913 3862 979 3920 Chr.
991 3859 1178 3938 Olympicam
1192 3860 1349 3920 victoriam
1364 3861 1529 3920 obtinuisse
1543 3856 1636 3918 scholia

381 3954 419 4011 ad
437 3953 471 4011 P.
485 3971 517 4011 1v
531 3952 617 4011 inser.
633 3952 766 4030 tradunt,
786 3970 914 4028 eumque
933 3952 993 4009 iam
1013 3953 1087 4029 tum,
1106 3970 1175 4010 cum
1191 3950 1224 4008 P.
1240 3968 1260 4009 v
1274 3950 1446 4028 canebatur,
1467 3948 1635 4026 Olympicum

380 4047 530 4101 certamen
553 4042 652 4102 animo
675 4041 804 4101 volvisse
827 4040 976 4099 Pindarus
999 4040 1061 4117 ipse
1085 4041 1216 4099 extremo
1240 4038 1369 4098 carmine
1394 4040 1500 4115 quinto
1524 4032 1563 4117 (v.
1584 4023 1634 4111 124)

380 4130 537 4209 significat.
583 4131 729 4191 Arcesilai
755 4130 851 4190 nostri
878 4148 1008 4207 proavus
1036 4132 1067 4189 et
1093 4129 1193 4207 regiae
1222 4128 1324 4204 stirpis
1348 4127 1527 4204 Cyrenaicae
1549 4126 1636 4183 arear

380 4222 490 4279 Battus
521 4220 558 4278 ab
588 4221 740 4281 Herodoto
770 4239 802 4279 1v
826 4231 877 4278 150
907 4219 1017 4279 dicitur
1046 4217 1156 4289 Βάττος
1187 4212 1203 4277 ὅ
1233 4215 1453 4296 Πολυμνήστου
1484 4214 1539 4276 ἐὼν
1567 4210 1635 4293 γένος

380 4308 564 4387 Εὐφημίδης
582 4317 641 4370 τῶν
660 4306 814 4371 Μινυέων.
844 4311 946 4385 Atque
965 4308 1114 4385 Euphemi
1132 4326 1239 4366 nomen
1258 4307 1312 4365 uni
1331 4328 1366 4366 ex
1385 4306 1543 4366 comitibus
1560 4300 1635 4375 Batti

380 4400 542 4459 conditoris
564 4400 656 4477 urbis,
679 4399 772 4458 fnisse
794 4398 933 4475 idemque
957 4398 1077 4475 aequali
1100 4396 1219 4457 cuidam
1242 4396 1337 4455 nostri
1359 4395 1483 4455 victoris
1502 4389 1635 4463 Arcesilai,

381 4507 440 4565 qno
456 4488 494 4547 ad
507 4489 725 4548 mercennarios
743 4488 854 4548 milites
873 4489 905 4547 in
920 4486 1045 4548 Graecia
1063 4486 1269 4548 conducendos
1287 4486 1339 4545 ille
1358 4504 1432 4545 usus
1447 4485 1495 4563 sit
1508 4484 1635 4558 Didymus
1682 4550 1683 4553 Ἴ

380 4578 412 4635 in
431 4578 551 4639 scholiis
570 4578 607 4637 ad
626 4578 657 4638 P.
677 4597 709 4637 1v
727 4590 779 4637 455
798 4577 884 4638 docte
903 4578 1032 4654 exponit.
1069 4578 1206 4653 Minyeae
1225 4578 1328 4635 autem
1350 4575 1474 4653 originis
1492 4572 1594 4633 iudicia
1608 4586 1635 4626 ei

380 4668 551 4726 nominibus
581 4667 812 4743 Cyrenaicorum
841 4667 1075 4746 magistratuum
1108 4659 1238 4736 Ἰάσονος
1268 4668 1298 4724 et
1321 4663 1459 4735 Αἴσωνος
1488 4660 1634 4723 Bceclrhius
1682 4692 1683 4701 κ

381 4757 465 4832 Expl.
486 4768 537 4814 ‘264
560 4757 634 4815 benc
664 4757 812 4833 repetivit.
859 4758 923 4816 Iam
954 4776 1022 4817 cum
1052 4774 1136 4834 reges
1167 4754 1351 4831 Cyrenarum
1379 4756 1410 4813 et
1437 4772 1456 4811 a
1484 4751 1586 4828 Minyis
1610 4766 1632 4805 se
