<?xml version="1.0" encoding="UTF-8"?>
<!DOCTYPE html PUBLIC "-//W3C//DTD XHTML 1.0 Transitional//EN"
    "http://www.w3.org/TR/xhtml1/DTD/xhtml1-transitional.dtd">
<html xmlns="http://www.w3.org/1999/xhtml" xml:lang="en" lang="en">
 <head>
  <title>
</title>
<meta http-equiv="Content-Type" content="text/html;charset=utf-8" />
  <meta name='ocr-system' content='tesseract 3.04.00' />
  <meta name='ocr-capabilities' content='ocr_page ocr_carea ocr_par ocr_line ocrx_word'/>
</head>
<body>
  <div class='ocr_page' id='page_1' title='image "./pindaricarminap01chrigoog_0371.png"; bbox 0 0 3417 5434; ppageno 0'>
   <div class='ocr_carea' id='block_1_1' title="bbox 462 1279 1034 1544">
    <p class='ocr_par' dir='ltr' id='par_1_1' title="bbox 462 1279 1034 1544">
     <span class='ocr_line' id='line_1_1' title="bbox 462 1279 1034 1378; baseline 0.002 -1"><span class='ocrx_word' id='word_1_1' title='bbox 462 1281 509 1377; x_wconf 90' lang='lat' dir='ltr'>N</span> <span class='ocrx_word' id='word_1_2' title='bbox 521 1279 792 1378; x_wconf 86' lang='grc' dir='ltr'>ΕΜΕΟΝ</span> <span class='ocrx_word' id='word_1_3' title='bbox 803 1280 1034 1378; x_wconf 87' lang='grc' dir='ltr'><strong>ΙΚΑΙΣ.</strong></span> 
     </span>
     <span class='ocr_line' id='line_1_2' title="bbox 728 1488 770 1544; baseline 0.048 -2"><span class='ocrx_word' id='word_1_4' title='bbox 728 1488 770 1544; x_wconf 78' lang='grc' dir='ltr'><strong>Δ’.</strong></span> 
     </span>
    </p>
   </div>
   <div class='ocr_carea' id='block_1_2' title="bbox 588 1652 900 1740">
    <p class='ocr_par' dir='ltr' id='par_1_2' title="bbox 588 1652 900 1740">
     <span class='ocr_line' id='line_1_3' title="bbox 588 1652 900 1740; baseline 0.01 -4"><span class='ocrx_word' id='word_1_5' title='bbox 588 1652 900 1740; x_wconf 63' lang='grc' dir='ltr'>ΧΡΟΜΙΩι</span> 
     </span>
    </p>
   </div>
   <div class='ocr_carea' id='block_1_3' title="bbox 101 3729 1384 4796">
    <p class='ocr_par' dir='ltr' id='par_1_3' title="bbox 101 3729 1384 4796">
     <span class='ocr_line' id='line_1_4' title="bbox 194 3729 1384 3812; baseline 0.003 -22"><span class='ocrx_word' id='word_1_6' title='bbox 194 3729 353 3791; x_wconf 83' lang='lat' dir='ltr'><strong>Chromius</strong></span> <span class='ocrx_word' id='word_1_7' title='bbox 375 3731 548 3812; x_wconf 81' lang='lat' dir='ltr'><strong>Agesidami</strong></span> <span class='ocrx_word' id='word_1_8' title='bbox 571 3733 663 3811; x_wconf 82' lang='lat' dir='ltr'><strong>filius,</strong></span> <span class='ocrx_word' id='word_1_9' title='bbox 691 3734 740 3794; x_wconf 92' lang='lat' dir='ltr'><strong>cui</strong></span> <span class='ocrx_word' id='word_1_10' title='bbox 762 3735 818 3794; x_wconf 90' lang='lat' dir='ltr'><strong>hoc</strong></span> <span class='ocrx_word' id='word_1_11' title='bbox 841 3753 959 3794; x_wconf 88' lang='lat' dir='ltr'><strong>carmen</strong></span> <span class='ocrx_word' id='word_1_12' title='bbox 984 3738 1015 3794; x_wconf 90' lang='lat' dir='ltr'><strong>et</strong></span> <span class='ocrx_word' id='word_1_13' title='bbox 1043 3736 1122 3811; x_wconf 88' lang='lat' dir='ltr'><strong>quod</strong></span> <span class='ocrx_word' id='word_1_14' title='bbox 1146 3735 1224 3794; x_wconf 85' lang='lat' dir='ltr'><strong>infra</strong></span> <span class='ocrx_word' id='word_1_15' title='bbox 1247 3735 1384 3812; x_wconf 86' lang='lat' dir='ltr'><strong>sequitur</strong></span> 
     </span>
     <span class='ocr_line' id='line_1_5' title="bbox 101 3820 1383 3902; baseline 0.002 -22"><span class='ocrx_word' id='word_1_16' title='bbox 101 3821 138 3881; x_wconf 89' lang='lat' dir='ltr'><strong>N.</strong></span> <span class='ocrx_word' id='word_1_17' title='bbox 158 3839 193 3881; x_wconf 83' lang='lat'><strong>11</strong></span> <span class='ocrx_word' id='word_1_18' title='bbox 216 3820 364 3881; x_wconf 75' lang='lat' dir='ltr'><strong>Pindarus</strong></span> <span class='ocrx_word' id='word_1_19' title='bbox 388 3822 519 3901; x_wconf 75' lang='lat' dir='ltr'><strong>scripsit,</strong></span> <span class='ocrx_word' id='word_1_20' title='bbox 542 3822 621 3883; x_wconf 90' lang='lat' dir='ltr'><strong>inter</strong></span> <span class='ocrx_word' id='word_1_21' title='bbox 642 3823 842 3884; x_wconf 83' lang='lat' dir='ltr'><strong>nobilissimos</strong></span> <span class='ocrx_word' id='word_1_22' title='bbox 864 3825 955 3884; x_wconf 80' lang='lat' dir='ltr'><strong>duces</strong></span> <span class='ocrx_word' id='word_1_23' title='bbox 979 3825 1181 3902; x_wconf 84' lang='lat' dir='ltr'><strong>Syracusanus</strong></span> <span class='ocrx_word' id='word_1_24' title='bbox 1204 3825 1271 3884; x_wconf 83' lang='lat' dir='ltr'><strong>fnit.</strong></span> <span class='ocrx_word' id='word_1_25' title='bbox 1317 3825 1383 3883; x_wconf 86' lang='lat' dir='ltr'><strong>Iam</strong></span> 
     </span>
     <span class='ocr_line' id='line_1_6' title="bbox 102 3911 1383 3990; baseline 0.001 -19"><span class='ocrx_word' id='word_1_26' title='bbox 102 3911 279 3971; x_wconf 73' lang='lat' dir='ltr'>adulescens</span> <span class='ocrx_word' id='word_1_27' title='bbox 303 3911 410 3971; x_wconf 85' lang='lat' dir='ltr'><strong>Geloni</strong></span> <span class='ocrx_word' id='word_1_28' title='bbox 433 3912 471 3970; x_wconf 82' lang='lat' dir='ltr'><strong>ad</strong></span> <span class='ocrx_word' id='word_1_29' title='bbox 494 3912 639 3972; x_wconf 87' lang='lat' dir='ltr'>Helorum</span> <span class='ocrx_word' id='word_1_30' title='bbox 659 3913 863 3990; x_wconf 79' lang='lat' dir='ltr'><strong>Syracusanos</strong></span> <span class='ocrx_word' id='word_1_31' title='bbox 886 3913 1024 3972; x_wconf 81' lang='lat' dir='ltr'><strong>fundenti</strong></span> <span class='ocrx_word' id='word_1_32' title='bbox 1048 3933 1135 3973; x_wconf 84' lang='lat' dir='ltr'><strong>unum</strong></span> <span class='ocrx_word' id='word_1_33' title='bbox 1158 3914 1249 3974; x_wconf 89' lang='lat' dir='ltr'><strong>robur</strong></span> <span class='ocrx_word' id='word_1_34' title='bbox 1272 3916 1302 3973; x_wconf 88' lang='lat' dir='ltr'><strong>et</strong></span> <span class='ocrx_word' id='word_1_35' title='bbox 1325 3913 1383 3972; x_wconf 82' lang='lat' dir='ltr'><strong>vir-</strong></span> 
     </span>
     <span class='ocr_line' id='line_1_7' title="bbox 101 3995 1381 4083; baseline 0 -21"><span class='ocrx_word' id='word_1_36' title='bbox 101 4003 200 4062; x_wconf 84' lang='lat' dir='ltr'><strong>tutem</strong></span> <span class='ocrx_word' id='word_1_37' title='bbox 233 3999 374 4077; x_wconf 83' lang='lat' dir='ltr'><strong>probavit</strong></span> <span class='ocrx_word' id='word_1_38' title='bbox 404 3995 454 4082; x_wconf 89' lang='lat' dir='ltr'><strong>(N.</strong></span> <span class='ocrx_word' id='word_1_39' title='bbox 478 3998 595 4080; x_wconf 78' lang='lat'>1142),</span> <span class='ocrx_word' id='word_1_40' title='bbox 622 4003 701 4062; x_wconf 89' lang='lat' dir='ltr'><strong>unde</strong></span> <span class='ocrx_word' id='word_1_41' title='bbox 733 4003 797 4081; x_wconf 88' lang='lat' dir='ltr'><strong>ille,</strong></span> <span class='ocrx_word' id='word_1_42' title='bbox 829 4022 898 4061; x_wconf 90' lang='lat' dir='ltr'><strong>cum</strong></span> <span class='ocrx_word' id='word_1_43' title='bbox 929 4003 1112 4080; x_wconf 75' lang='lat' dir='ltr'>Hippocrate</span> <span class='ocrx_word' id='word_1_44' title='bbox 1145 4005 1264 4062; x_wconf 89' lang='lat' dir='ltr'><strong>mortno</strong></span> <span class='ocrx_word' id='word_1_45' title='bbox 1288 3995 1381 4083; x_wconf 75' lang='lat'>(491)</span> 
     </span>
     <span class='ocr_line' id='line_1_8' title="bbox 103 4083 1382 4172; baseline -0.001 -21"><span class='ocrx_word' id='word_1_46' title='bbox 103 4091 237 4167; x_wconf 88' lang='lat' dir='ltr'><strong>primum</strong></span> <span class='ocrx_word' id='word_1_47' title='bbox 257 4089 356 4169; x_wconf 83' lang='lat' dir='ltr'>Gelae,</span> <span class='ocrx_word' id='word_1_48' title='bbox 381 4090 486 4151; x_wconf 85' lang='lat' dir='ltr'><strong>deinde</strong></span> <span class='ocrx_word' id='word_1_49' title='bbox 505 4083 600 4172; x_wconf 80' lang='lat'>(484)</span> <span class='ocrx_word' id='word_1_50' title='bbox 619 4093 711 4152; x_wconf 91' lang='lat' dir='ltr'><strong>etiam</strong></span> <span class='ocrx_word' id='word_1_51' title='bbox 730 4092 948 4169; x_wconf 77' lang='lat' dir='ltr'><strong>Syracusarum</strong></span> <span class='ocrx_word' id='word_1_52' title='bbox 966 4092 1091 4168; x_wconf 84' lang='lat' dir='ltr'><strong>imperio</strong></span> <span class='ocrx_word' id='word_1_53' title='bbox 1111 4093 1226 4168; x_wconf 86' lang='lat' dir='ltr'><strong>potitus</strong></span> <span class='ocrx_word' id='word_1_54' title='bbox 1246 4095 1331 4170; x_wconf 82' lang='lat' dir='ltr'><strong>esset,</strong></span> <span class='ocrx_word' id='word_1_55' title='bbox 1355 4092 1382 4151; x_wconf 88' lang='lat' dir='ltr'><strong>ei</strong></span> 
     </span>
     <span class='ocr_line' id='line_1_9' title="bbox 103 4180 1382 4260; baseline 0.001 -20"><span class='ocrx_word' id='word_1_56' title='bbox 103 4197 237 4240; x_wconf 83' lang='lat' dir='ltr'><strong>sororem</strong></span> <span class='ocrx_word' id='word_1_57' title='bbox 261 4198 347 4239; x_wconf 86' lang='lat' dir='ltr'><strong>suam</strong></span> <span class='ocrx_word' id='word_1_58' title='bbox 370 4180 402 4238; x_wconf 88' lang='lat' dir='ltr'><strong>in</strong></span> <span class='ocrx_word' id='word_1_59' title='bbox 425 4180 649 4240; x_wconf 73' lang='lat' dir='ltr'><strong>matrimonium</strong></span> <span class='ocrx_word' id='word_1_60' title='bbox 672 4181 755 4241; x_wconf 84' lang='lat' dir='ltr'><strong>dedit</strong></span> <span class='ocrx_word' id='word_1_61' title='bbox 776 4184 808 4240; x_wconf 90' lang='lat' dir='ltr'><strong>et</strong></span> <span class='ocrx_word' id='word_1_62' title='bbox 830 4182 959 4243; x_wconf 79' lang='lat' dir='ltr'><strong>moiicns</strong></span> <span class='ocrx_word' id='word_1_63' title='bbox 983 4182 1047 4241; x_wconf 88' lang='lat' dir='ltr'><strong>eins</strong></span> <span class='ocrx_word' id='word_1_64' title='bbox 1070 4185 1101 4240; x_wconf 92' lang='lat' dir='ltr'><strong>et</strong></span> <span class='ocrx_word' id='word_1_65' title='bbox 1123 4182 1257 4260; x_wconf 81' lang='lat' dir='ltr'><strong>Polyzeli</strong></span> <span class='ocrx_word' id='word_1_66' title='bbox 1280 4183 1382 4241; x_wconf 86' lang='lat' dir='ltr'><strong>fratris</strong></span> 
     </span>
     <span class='ocr_line' id='line_1_10' title="bbox 102 4267 1381 4347; baseline 0.002 -19"><span class='ocrx_word' id='word_1_67' title='bbox 102 4270 219 4329; x_wconf 86' lang='lat' dir='ltr'><strong>tutelae</strong></span> <span class='ocrx_word' id='word_1_68' title='bbox 250 4267 378 4329; x_wconf 88' lang='lat' dir='ltr'><strong>filiolum</strong></span> <span class='ocrx_word' id='word_1_69' title='bbox 410 4288 499 4329; x_wconf 90' lang='lat' dir='ltr'><strong>suum</strong></span> <span class='ocrx_word' id='word_1_70' title='bbox 531 4270 692 4347; x_wconf 78' lang='lat' dir='ltr'><strong>commisit3</strong></span> <span class='ocrx_word' id='word_1_71' title='bbox 724 4271 761 4331; x_wconf 90' lang='lat' dir='ltr'><strong>cf.</strong></span> <span class='ocrx_word' id='word_1_72' title='bbox 792 4271 949 4331; x_wconf 82' lang='lat' dir='ltr'><strong>Timaeum</strong></span> <span class='ocrx_word' id='word_1_73' title='bbox 979 4270 1010 4330; x_wconf 92' lang='lat' dir='ltr'><strong>in</strong></span> <span class='ocrx_word' id='word_1_74' title='bbox 1039 4272 1129 4332; x_wconf 84' lang='lat' dir='ltr'><strong>schol.</strong></span> <span class='ocrx_word' id='word_1_75' title='bbox 1158 4273 1196 4332; x_wconf 88' lang='lat' dir='ltr'><strong>ad</strong></span> <span class='ocrx_word' id='word_1_76' title='bbox 1223 4273 1260 4331; x_wconf 89' lang='lat' dir='ltr'><strong>N.</strong></span> <span class='ocrx_word' id='word_1_77' title='bbox 1284 4291 1315 4330; x_wconf 88' lang='lat' dir='ltr'><strong>1x</strong></span> <span class='ocrx_word' id='word_1_78' title='bbox 1340 4282 1381 4331; x_wconf 79' lang='lat'><strong>95.</strong></span> 
     </span>
     <span class='ocr_line' id='line_1_11' title="bbox 102 4357 1382 4438; baseline 0.003 -22"><span class='ocrx_word' id='word_1_79' title='bbox 102 4359 204 4418; x_wconf 81' lang='lat' dir='ltr'><strong>Etiam</strong></span> <span class='ocrx_word' id='word_1_80' title='bbox 223 4357 376 4437; x_wconf 88' lang='lat' dir='ltr'><strong>Hieronis,</strong></span> <span class='ocrx_word' id='word_1_81' title='bbox 400 4359 452 4436; x_wconf 90' lang='lat' dir='ltr'><strong>qui</strong></span> <span class='ocrx_word' id='word_1_82' title='bbox 473 4358 578 4420; x_wconf 85' lang='lat' dir='ltr'><strong>Geloni</strong></span> <span class='ocrx_word' id='word_1_83' title='bbox 601 4379 627 4418; x_wconf 78' lang='lat' dir='ltr'><strong>a,</strong></span> <span class='ocrx_word' id='word_1_84' title='bbox 643 4363 705 4419; x_wconf 78' lang='lat'><strong>477</strong></span> <span class='ocrx_word' id='word_1_85' title='bbox 731 4361 762 4419; x_wconf 91' lang='lat' dir='ltr'><strong>in</strong></span> <span class='ocrx_word' id='word_1_86' title='bbox 784 4380 877 4438; x_wconf 82' lang='lat' dir='ltr'><strong>regno</strong></span> <span class='ocrx_word' id='word_1_87' title='bbox 897 4359 1085 4436; x_wconf 87' lang='lat' dir='ltr'><strong>Syracusano</strong></span> <span class='ocrx_word' id='word_1_88' title='bbox 1109 4361 1259 4438; x_wconf 83' lang='lat' dir='ltr'><strong>successit,</strong></span> <span class='ocrx_word' id='word_1_89' title='bbox 1283 4361 1382 4438; x_wconf 75' lang='lat' dir='ltr'><strong>gratia</strong></span> 
     </span>
     <span class='ocr_line' id='line_1_12' title="bbox 104 4447 1381 4527; baseline 0.002 -21"><span class='ocrx_word' id='word_1_90' title='bbox 104 4450 196 4526; x_wconf 78' lang='lat' dir='ltr'><strong>atquc</strong></span> <span class='ocrx_word' id='word_1_91' title='bbox 219 4447 426 4507; x_wconf 71' lang='lat' dir='ltr'><strong>familiaritate</strong></span> <span class='ocrx_word' id='word_1_92' title='bbox 444 4467 518 4508; x_wconf 84' lang='lat' dir='ltr'><strong>usus</strong></span> <span class='ocrx_word' id='word_1_93' title='bbox 536 4449 635 4508; x_wconf 86' lang='lat' dir='ltr'><strong>multa</strong></span> <span class='ocrx_word' id='word_1_94' title='bbox 653 4450 709 4509; x_wconf 87' lang='lat' dir='ltr'><strong>snb</strong></span> <span class='ocrx_word' id='word_1_95' title='bbox 728 4449 792 4509; x_wconf 85' lang='lat' dir='ltr'><strong>eius</strong></span> <span class='ocrx_word' id='word_1_96' title='bbox 815 4449 958 4526; x_wconf 78' lang='lat' dir='ltr'><strong>auspiciis</strong></span> <span class='ocrx_word' id='word_1_97' title='bbox 976 4449 1127 4527; x_wconf 84' lang='lat' dir='ltr'><strong>praeclare</strong></span> <span class='ocrx_word' id='word_1_98' title='bbox 1146 4451 1227 4509; x_wconf 84' lang='lat' dir='ltr'><strong>terra</strong></span> <span class='ocrx_word' id='word_1_99' title='bbox 1245 4448 1381 4526; x_wconf 89' lang='lat' dir='ltr'><strong>marique</strong></span> 
     </span>
     <span class='ocr_line' id='line_1_13' title="bbox 103 4537 1381 4615; baseline 0.001 -19"><span class='ocrx_word' id='word_1_100' title='bbox 103 4537 208 4615; x_wconf 79' lang='lat' dir='ltr'><strong>gessit3</strong></span> <span class='ocrx_word' id='word_1_101' title='bbox 236 4557 264 4597; x_wconf 75' lang='lat' dir='ltr'><strong>v,</strong></span> <span class='ocrx_word' id='word_1_102' title='bbox 287 4537 324 4598; x_wconf 87' lang='lat' dir='ltr'><strong>N.</strong></span> <span class='ocrx_word' id='word_1_103' title='bbox 346 4555 380 4596; x_wconf 80' lang='lat' dir='ltr'><strong>nx</strong></span> <span class='ocrx_word' id='word_1_104' title='bbox 403 4549 445 4598; x_wconf 81' lang='grc'><strong>34.</strong></span> <span class='ocrx_word' id='word_1_105' title='bbox 469 4549 536 4598; x_wconf 68' lang='lat' dir='ltr'><strong>aas.</strong></span> <span class='ocrx_word' id='word_1_106' title='bbox 564 4542 595 4598; x_wconf 89' lang='lat' dir='ltr'><strong>ct</strong></span> <span class='ocrx_word' id='word_1_107' title='bbox 618 4539 709 4599; x_wconf 85' lang='lat' dir='ltr'><strong>schot.</strong></span> <span class='ocrx_word' id='word_1_108' title='bbox 731 4538 764 4599; x_wconf 90' lang='lat' dir='ltr'><strong>P.</strong></span> <span class='ocrx_word' id='word_1_109' title='bbox 787 4557 811 4596; x_wconf 90' lang='lat'><strong>11</strong></span> <span class='ocrx_word' id='word_1_110' title='bbox 834 4550 877 4599; x_wconf 72' lang='lat'><strong>³4.</strong></span> <span class='ocrx_word' id='word_1_111' title='bbox 925 4538 1003 4609; x_wconf 86' lang='lat' dir='ltr'><strong>Quin</strong></span> <span class='ocrx_word' id='word_1_112' title='bbox 1031 4538 1122 4598; x_wconf 87' lang='lat' dir='ltr'><strong>etiam</strong></span> <span class='ocrx_word' id='word_1_113' title='bbox 1146 4537 1183 4598; x_wconf 87' lang='lat' dir='ltr'><strong>ab</strong></span> <span class='ocrx_word' id='word_1_114' title='bbox 1207 4557 1242 4599; x_wconf 86' lang='lat' dir='ltr'><strong>ec</strong></span> <span class='ocrx_word' id='word_1_115' title='bbox 1265 4537 1381 4598; x_wconf 86' lang='lat' dir='ltr'><strong>Aetnae</strong></span> 
     </span>
     <span class='ocr_line' id='line_1_14' title="bbox 103 4627 1381 4705; baseline 0.002 -19"><span class='ocrx_word' id='word_1_116' title='bbox 103 4627 169 4687; x_wconf 90' lang='lat' dir='ltr'><strong>urbi</strong></span> <span class='ocrx_word' id='word_1_117' title='bbox 196 4627 366 4703; x_wconf 81' lang='lat' dir='ltr'><strong>praefectus</strong></span> <span class='ocrx_word' id='word_1_118' title='bbox 394 4645 456 4687; x_wconf 83' lang='lat' dir='ltr'><strong>esse</strong></span> <span class='ocrx_word' id='word_1_119' title='bbox 483 4628 581 4687; x_wconf 82' lang='lat' dir='ltr'><strong>fertur</strong></span> <span class='ocrx_word' id='word_1_120' title='bbox 607 4647 626 4687; x_wconf 93' lang='lat' dir='ltr'><strong>a</strong></span> <span class='ocrx_word' id='word_1_121' title='bbox 654 4628 815 4687; x_wconf 80' lang='lat' dir='ltr'><strong>scholiasta</strong></span> <span class='ocrx_word' id='word_1_122' title='bbox 843 4629 882 4688; x_wconf 88' lang='lat' dir='ltr'><strong>ad</strong></span> <span class='ocrx_word' id='word_1_123' title='bbox 904 4629 940 4688; x_wconf 89' lang='lat' dir='ltr'><strong>N.</strong></span> <span class='ocrx_word' id='word_1_124' title='bbox 964 4647 996 4687; x_wconf 74' lang='lat'><strong>11</strong></span> <span class='ocrx_word' id='word_1_125' title='bbox 1019 4627 1105 4688; x_wconf 86' lang='lat' dir='ltr'><strong>inser.</strong></span> <span class='ocrx_word' id='word_1_126' title='bbox 1152 4627 1207 4688; x_wconf 84' lang='lat' dir='ltr'><strong>Rei</strong></span> <span class='ocrx_word' id='word_1_127' title='bbox 1235 4627 1381 4705; x_wconf 84' lang='lat' dir='ltr'><strong>equestris</strong></span> 
     </span>
     <span class='ocr_line' id='line_1_15' title="bbox 105 4715 1383 4796; baseline 0.001 -21"><span class='ocrx_word' id='word_1_128' title='bbox 105 4735 172 4776; x_wconf 90' lang='lat' dir='ltr'><strong>cum</strong></span> <span class='ocrx_word' id='word_1_129' title='bbox 203 4715 341 4793; x_wconf 85' lang='lat' dir='ltr'><strong>inprimis</strong></span> <span class='ocrx_word' id='word_1_130' title='bbox 367 4716 483 4794; x_wconf 80' lang='lat' dir='ltr'><strong>penitus</strong></span> <span class='ocrx_word' id='word_1_131' title='bbox 512 4720 602 4796; x_wconf 86' lang='lat' dir='ltr'><strong>esset,</strong></span> <span class='ocrx_word' id='word_1_132' title='bbox 634 4718 773 4778; x_wconf 85' lang='lat' dir='ltr'><strong>Hieronis</strong></span> <span class='ocrx_word' id='word_1_133' title='bbox 800 4718 903 4777; x_wconf 84' lang='lat' dir='ltr'><strong>studia</strong></span> <span class='ocrx_word' id='word_1_134' title='bbox 933 4717 1050 4776; x_wconf 86' lang='lat' dir='ltr'><strong>curulia</strong></span> <span class='ocrx_word' id='word_1_135' title='bbox 1077 4735 1133 4777; x_wconf 82' lang='lat' dir='ltr'><strong>sua</strong></span> <span class='ocrx_word' id='word_1_136' title='bbox 1163 4737 1237 4777; x_wconf 91' lang='lat' dir='ltr'><strong>cura</strong></span> <span class='ocrx_word' id='word_1_137' title='bbox 1264 4717 1383 4776; x_wconf 86' lang='lat' dir='ltr'><strong>adiuvit</strong></span> 
     </span>
    </p>
   </div>
   <div class='ocr_carea' id='block_1_4' title="bbox 106 4797 1381 4887">
    <p class='ocr_par' dir='ltr' id='par_1_4' title="bbox 106 4797 1381 4887">
     <span class='ocr_line' id='line_1_16' title="bbox 106 4797 1381 4887; baseline 0 -22"><span class='ocrx_word' id='word_1_138' title='bbox 106 4797 355 4887; x_wconf 83' lang='lat' dir='ltr'><strong>(Hcfmarschall)</strong></span> <span class='ocrx_word' id='word_1_139' title='bbox 379 4811 411 4866; x_wconf 92' lang='lat' dir='ltr'><strong>et</strong></span> <span class='ocrx_word' id='word_1_140' title='bbox 432 4807 497 4883; x_wconf 82' lang='lat' dir='ltr'><strong>ipae</strong></span> <span class='ocrx_word' id='word_1_141' title='bbox 516 4807 601 4884; x_wconf 84' lang='lat' dir='ltr'><strong>equis</strong></span> <span class='ocrx_word' id='word_1_142' title='bbox 619 4808 651 4866; x_wconf 92' lang='lat' dir='ltr'><strong>in</strong></span> <span class='ocrx_word' id='word_1_143' title='bbox 669 4810 820 4868; x_wconf 90' lang='lat' dir='ltr'><strong>certamen</strong></span> <span class='ocrx_word' id='word_1_144' title='bbox 838 4807 997 4868; x_wconf 84' lang='lat' dir='ltr'><strong>descendit.</strong></span> <span class='ocrx_word' id='word_1_145' title='bbox 1030 4807 1115 4867; x_wconf 86' lang='lat' dir='ltr'><strong>Duas</strong></span> <span class='ocrx_word' id='word_1_146' title='bbox 1134 4806 1213 4867; x_wconf 87' lang='lat' dir='ltr'><strong>enim</strong></span> <span class='ocrx_word' id='word_1_147' title='bbox 1232 4806 1381 4883; x_wconf 86' lang='lat' dir='ltr'><strong>victorias,</strong></span> 
     </span>
    </p>
   </div>
   <div class='ocr_carea' id='block_1_5' title="bbox 0 0 1718 5434">
    <p class='ocr_par' dir='ltr' id='par_1_5' title="bbox 0 0 1718 5434">
     <span class='ocr_line' id='line_1_17' title="bbox 0 0 1718 5434; baseline 0 0"><span class='ocrx_word' id='word_1_148' title='bbox 0 0 1718 5434; x_wconf 95' lang='lat' dir='ltr'><strong> </strong></span> 
     </span>
    </p>
   </div>
  </div>
 </body>
</html>
