3417 5434
349 330 392 393 94
824 332 973 383 PINDARI
992 332 1159 384 EPINICIA.

435 491 489 558 τὶν
512 494 575 577 γάρ
599 492 637 558 ἐν
657 496 769 580 πόντῳ
792 497 1019 578 κυβερνῶνται
1040 492 1122 559 θοαὶ

435 610 527 682 νᾶες,
550 599 587 664 ἐν
611 599 715 689 χέρσῳ
739 624 773 665 τε
797 600 955 686 λαιψηροὶ
978 604 1114 686 πόλεμοι

383 724 399 770 o
435 704 575 793 κάγοραὶ
597 710 815 794 βουλαφόροι.
861 708 955 790 αἵγε
978 704 1039 792 μὲν
1062 707 1196 793 ἀνδρῶν

435 812 530 880 πόλλ’
561 817 645 900 άνω,
677 815 718 880 τὰ
746 814 777 879 δ’
807 812 851 883 αὖ
881 810 984 900 κάτω,
1007 816 1114 899 ψεύδη
1137 818 1327 901 μεταμώνια
1351 816 1529 902 τάμνοισαι,

987 922 1174 988 κυλίνδοντ’
1203 922 1345 999 ἐλπίδες·

436 1138 605 1223 σύμβολον
628 1135 661 1201 δ’
687 1138 727 1202 οὔ
750 1138 801 1202 πώ
824 1162 876 1214 τις
899 1137 1103 1223 ἐπιχθονίων
1448 1137 1523 1203 ’siva
1563 1158 1593 1203 ιο

436 1247 555 1311 πιστὸν
578 1242 664 1330 ἀμφὶ
686 1244 823 1330 πράξιος
846 1244 1026 1330 ἐσσομένας
1048 1241 1146 1332 εὗρεν
1167 1248 1309 1329 θεόθεν,

436 1364 504 1418 τῶν
528 1349 564 1416 δὲ
587 1354 777 1436 μελλόντων
800 1354 1027 1437 τετύφλωνται
1051 1353 1187 1437 φραδαί.

367 1478 400 1524 10
436 1460 543 1525 πολλὰ
567 1456 599 1522 δ’
624 1458 818 1541 ἀνθρώποις
840 1460 930 1544 παρὰ
953 1460 1091 1543 γνώμαν
1114 1462 1243 1543 ἔπεσεν,

436 1571 576 1651 ἔμπαλιν
599 1562 660 1650 μὲν
683 1564 830 1652 τέρψιος,
854 1568 890 1631 oi
911 1565 943 1630 δ’
968 1566 1122 1652 ἀνιαραῖς
1565 1586 1596 1632 15
1670 1622 1671 1637 ,

437 1674 694 1759 ἀντικύρσαντες
718 1674 828 1752 ζάλαις
852 1673 949 1739 ε’σλὸν
972 1677 1064 1759 βαθὺ
1088 1676 1236 1759 πήματος
1258 1675 1294 1740 ἐν
1313 1686 1420 1765 μικρῷ
1443 1677 1534 1740 πεδά-

987 1792 1110 1866 μειψαν
1133 1785 1251 1870 χρόνῳ.

435 1994 488 2062 υίὲ
514 1997 716 2081 Φιλάνορος,
738 1991 811 2079 ήτοι
834 1995 890 2061 καὶ
908 1997 970 2095 ,τεά
992 2021 1064 2080 κεν,

437 2104 620 2189 ἐνδομάχας
642 2102 690 2168 ἅτ’
718 2102 880 2189 ἀλέκτωρ,
904 2106 1057 2193 συγγόνῳ
1080 2102 1158 2189 παρ’
1185 2102 1275 2191 ἑστίᾳ

367 2229 400 2276 15
438 2210 556 2295 ἀκλεὴς
578 2212 656 2296 τιμά
677 2214 966 2297 κατεφυλλορόησε
989 2211 1117 2294 ποδῶν,

437 2322 469 2384 ελ
489 2321 533 2404 μὴ
557 2319 671 2395 στάσις
693 2316 886 2405 ἀντιάνειρα
909 2322 1064 2394 Κνωσίας
1087 2316 1118 2383 σ’
1144 2320 1264 2406 ἄμερσε
1286 2319 1422 2403 πάτρας.

350 2484 564 2491 --.-.—-—

348 2588 497 2654 utramque
510 2584 661 2639 lectionem
675 2587 833 2655 agnoscunt
852 2584 961 2639 scholia
980 2617 1013 2625 —
1032 2584 1103 2659 τύχᾳ
1118 2586 1146 2639 A
1165 2618 1198 2627 —-
1218 2590 1242 2640 6.
1262 2588 1363 2659 βολαφ.
1381 2584 1492 2653 0⁸⁰D¹,
1510 2588 1615 2659 βονληφ.

347 2658 392 2712 D¹
411 2690 445 2698 -
469 2664 494 2711 6.
519 2660 614 2727 ψευδῆ
639 2656 719 2711 οοδδ.
740 2688 773 2696 -
796 2656 872 2726 τέμν.
893 2657 920 2710 Β
939 2690 972 2697 -
992 2662 1017 2713 8.
1041 2656 1166 2727 πράξηος
1184 2660 1212 2713 A
1232 2690 1263 2697 -
1285 2663 1327 2713 10.
1351 2658 1528 2726 ἀνθρώποισι
1544 2658 1566 2710 A
1584 2688 1616 2695 —

348 2730 463 2785 ἔπεσσεν
486 2730 514 2783 Β
538 2762 570 2769 -
596 2735 637 2782 11.
664 2730 791 2797 ἀνιεραῑς
813 2730 844 2783 D
866 2760 902 2768 —
925 2734 966 2783 12.
993 2731 1176 2800 πεδάμειψαν
1199 2728 1314 2785 Bion:
1341 2728 1423 2783 παῖδ’
1445 2728 1562 2799 ἄμειψαι
1584 2729 1615 2791 A,

346 2802 528 2871 ποτάμειψαν
546 2802 590 2855 Β·
609 2832 641 2840 -
662 2806 703 2854 14.
730 2808 859 2870 συγγενεῖ
879 2799 1011 2872 Hartung
1033 2833 1061 2840 —
1083 2807 1125 2855 16.
1152 2798 1412 2871 κατεφυλλορόησεν
1435 2801 1568 2855 Hermann
1586 2829 1615 2838 —

348 2880 390 2928 16.
411 2878 518 2928 Karsos.
533 2874 561 2927 A
581 2904 611 2912 —
633 2869 659 2927 o’
681 2872 784 2941 ἄμερσε
803 2872 830 2927 A
849 2874 879 2925 et
897 2872 993 2943 schol.‚
1012 2868 1039 2926 α’
1061 2888 1114 2927 om.
1134 2873 1259 2928 BODE
1277 2904 1308 2913 -

348 3032 439 3084 neque
459 3015 616 3084 quidquam
634 3015 669 3068 de
688 3014 741 3069 hac
761 3031 790 3068 re
809 3014 961 3069 memoriae
979 3016 1124 3085 proditum
1142 3019 1186 3071 est
1203 3032 1295 3087 nequo
1312 3014 1372 3070 veri
1392 3015 1484 3070 simile
1503 3018 1543 3069 est
1558 3012 1615 3066 Hie-

347 3104 456 3154 ronem,
480 3086 622 3141 hominem
646 3086 805 3156 imperandi
828 3086 1054 3156 cupidissimum,
1073 3088 1230 3142 Himeraeis
1254 3086 1407 3142 Libertatis
1426 3105 1527 3141 numen
1545 3102 1616 3139 renc-

348 3157 431 3213 randi
455 3161 599 3212 auctorem
621 3157 716 3212 fuisse.
754 3157 832 3223 Quae
857 3175 920 3212 cum
943 3158 986 3213 ita
1005 3158 1074 3227 sint,
1093 3160 1189 3214 Iovem
1206 3159 1399 3213 Liberatorem
1418 3160 1455 3213 ab
1474 3156 1615 3213 Himeraeis

348 3229 527 3357 {serica
540 3228 1216 3357 {trista-attactutractatore
1227 3228 1616 3356 testamentis

349 3391 461 3428 cussum
474 3376 537 3443 (480
557 3391 581 3427 a.
598 3318 681 3455 Οδὲή,
705 3372 841 3455 Similiter
860 3321 935 3427 eriim
953 3347 1042 3455 atiani
1059 3321 1090 3427 ih
1108 3374 1264 3429 continenti
1284 3374 1405 3429 Graecos
1423 3376 1488 3444 post
1505 3388 1616 3496 ροημειο

347 3444 544 3499 Plataeeusem
566 3446 628 3499 Iovr
650 3444 807 3499 Liberatorr
831 3462 912 3499 sacra
935 3445 1035 3499 fecisse
1059 3448 1171 3499 constat
1195 3445 1371 3515 (sThuoyd.
1391 3463 1464 3513 1171,
1490 3446 1550 3499 sno
1569 3488 1574 3497 .
1591 3460 1616 3493 rx

348 3536 375 3588 p.
389 3520 450 3586 με).
479 3515 591 3586 Optime
606 3519 702 3570 autem
714 3517 745 3570 in
758 3518 832 3571 hanc
845 3534 980 3588 pugnam,
995 3520 1070 3571 terra
1083 3517 1210 3586 marique
1226 3517 1400 3585 dimicatum
1419 3516 1538 3584 quadrat
1551 3512 1615 3595 quod

348 3592 435 3659 poeta
452 3606 497 3643 vv.
512 3604 566 3643 s—s
580 3591 609 3643 et
626 3605 712 3643 naves
732 3592 761 3643 et
779 3591 925 3643 terrestres
948 3606 1058 3659 pugnas
1078 3605 1096 3641 a
1114 3588 1250 3657 Fortuna,
1273 3588 1334 3643 filia
1357 3588 1431 3642 Iovis
1450 3588 1616 3649 Liberorum,

348 3660 410 3730 regi
424 3659 496 3714 dicit
505 3692 538 3699 —
550 3667 573 3715 2.
587 3659 753 3730 ἀμφιπόλει·
770 3660 877 3713 dictum
892 3664 935 3714 est
949 3660 986 3714 ad
1001 3659 1144 3730 exemplar
1158 3660 1298 3715 Homerici
1307 3661 1421 3729 Χρύσην
1435 3659 1618 3735 ἀμφιβέβηκας

349 3732 392 3802 (Il.
407 3751 418 3783 1
432 3736 468 3801 ar)
483 3764 516 3771 -
534 3732 609 3857 Τόόη
625 3749 688 3784 cum
707 3731 830 3785 Pindaro
844 3749 902 3785 una
916 3749 949 3785 cx
964 3732 1060 3786 Parcis
1075 3732 1160 3786 fuerit
1173 3732 1216 3803 (fr.
1231 3736 1277 3801 ιι),
1297 3732 1371 3787 Iovis
1390 3748 1509 3801 quoquo,
1528 3744 1616 3783 summi

347 3802 465 3858 rectoris
484 3803 566 3872 fati(
594 3822 635 3856 .u
649 3805 695 3872 aa),
714 3802 775 3857 filia
793 3802 893 3857 haberi
910 3804 1005 3874 potuit
1030 3836 1062 3845 -
1087 3812 1111 3859 6.
1135 3802 1294 3858 κυλίνδοντ’
1315 3820 1349 3857 ex
1368 3802 1552 3871 κυλίνδονται,
1568 3818 1617 3855 uon

348 3873 509 3930 κυλλνδοντι
527 3875 705 3929 decurtatum
724 3878 779 3943 est3
799 3879 831 3929 ut
849 3874 925 3929 enim
943 3876 1023 3930 elisio
1042 3875 1149 3931 vocalis
1165 3892 1254 3929 crasa
1272 3877 1323 3944 est,
1339 3875 1381 3929 ita
1399 3875 1529 3945 frequens
1546 3872 1616 3929 elisio

349 3945 519 4018 diphthongi
538 3967 576 4001 αι.
613 3945 759 4000 Pertinent
776 3949 871 4000 autem
890 3948 976 4002 verba
994 3945 1072 4003 πόλλ’
1095 3946 1153 4002 ἀνω
1172 3946 1208 4002 τὰ
1227 3944 1257 4002 δ’
1279 3943 1315 4000 αὖ
1334 3945 1409 4001 κάτω
1430 3948 1467 4001 ad
1486 3944 1616 4001 κυλίνδον-

347 4040 406 4087 ται,
431 4018 526 4087 ψεόδη
554 4018 715 4088 μεταμώνια
739 4018 777 4073 ad
798 4017 961 4088 τάμνοισαι,
990 4021 1022 4073 ut
1045 4017 1154 4082 ἐλπίδες
1176 4018 1269 4089 ψεύδη
1294 4020 1455 4090 μεταμώνια
1483 4020 1617 4086 τάμνοισαι

349 4091 481 4145 dicantur
508 4090 546 4143 ad
573 4088 733 4158 exemplum
759 4088 909 4144 locutionis
938 4091 1022 4154 ὁδοὺς
1049 4092 1178 4161 τάμνειν·
1207 4092 1241 4145 cf.
1267 4091 1287 4145 I.
1307 4110 1335 4143 vr
1354 4108 1379 4145 as
1403 4123 1439 4131 -
1466 4098 1490 4147 8.
1518 4089 1615 4145 πιστὸν·

348 4180 459 4217 summa
477 4161 635 4216 sententiae
654 4160 721 4214 huic
738 4160 877 4215 vocabulo
896 4162 926 4214 in
944 4161 1082 4232 principio
1100 4180 1198 4217 versus
1216 4162 1310 4233 posito
1335 4162 1422 4229 inest3
1450 4162 1532 4234 signa
1553 4159 1616 4235 enim

348 4235 439 4288 multa
456 4234 573 4288 inventa
592 4234 659 4287 sunt
678 4264 710 4273 —
732 4238 773 4287 10.
794 4232 894 4287 ἔπεσον
913 4235 942 4287 ct
961 4239 1003 4287 12.
1022 4234 1204 4303 πεδάμειψαν
1223 4233 1362 4302 quomodo
1381 4234 1412 4287 in
1430 4234 1490 4288 vim
1508 4229 1615 4305 guomiffl

349 4306 449 4361 coristi
467 4305 546 4361 abire
564 4304 716 4375 potuerint,
736 4320 769 4357 ex
792 4303 846 4359 hoc
865 4304 936 4373 loco,
955 4322 1011 4372 quo
1029 4305 1064 4358 iis
1083 4305 1236 4375 praeterita
1254 4322 1299 4359 res
1318 4308 1353 4375 (v.
1370 4308 1405 4375 ιε)
1425 4306 1556 4359 adiuncta
1572 4304 1615 4363 est,

349 4377 454 4447 optime
473 4377 701 4447 intellegitur-
722 4382 763 4430 12.
782 4376 921 4445 πήματος·
946 4376 1010 4430 ἀντὶ
1032 4376 1159 4446 πήματος
1184 4375 1268 4430 schol.
1290 4408 1323 4416 -
1344 4383 1385 4432 14.
1406 4376 1559 4447 ἐνδομάχας
1575 4368 1613 4425 ἆτ’

311 4467 317 4477 ·
349 4448 484 4518 ἀλέκτωρ·
504 4448 677 4519 comparatio
697 4465 760 4502 cum
778 4447 855 4517 gallo
875 4447 992 4501 carmini
1012 4447 1132 4517 epinicio
1151 4448 1220 4501 ciris
1235 4447 1377 4503 Himeraei
1394 4448 1540 4518 aptissima
1553 4446 1615 4507 erut3

348 4522 504 4576 certamina
526 4522 601 4574 enim
661 4520 765 4573 llorum
785 4536 842 4573 non
866 4519 957 4573 solum
975 4520 1160 4573 Athenienses
1179 4523 1215 4589 (r.
1231 4518 1339 4575 helian.
1354 4537 1413 4575 var.
1430 4520 1495 4575 hist.
1508 4539 1528 4572 u
1542 4522 1576 4585 as)
1593 4518 1615 4567 et

349 4593 429 4647 Tana
464 4593 509 4647 aei
527 4595 563 4662 (r.
583 4592 625 4645 Ba
645 4610 666 4646 r.
685 4592 743 4646 fab.
763 4608 775 4647 s
794 4595 823 4645 et
841 4590 988 4645 Columell.
1008 4591 1034 4645 d.
1053 4609 1083 4645 re
1100 4592 1169 4646 rust.
1184 4610 1233 4645 vm
1252 4596 1275 4655 ε)
1297 4592 1327 4644 in
1347 4590 1458 4645 deliciis
1476 4588 1615 4665 habebant,

349 4665 398 4718 aed
444 4664 548 4718 imerae
567 4679 679 4732 quoque
697 4662 857 4731 frequentia
880 4679 914 4717 ea
932 4662 1033 4731 fuisse,
1052 4662 1144 4733 gallus
1163 4680 1340 4717 nummorum
1357 4666 1484 4717 veterum
1503 4662 1615 4715 civitam

349 4736 556 4790 Himeraeensis
580 4735 716 4804 ostendit3
735 4754 761 4788 r.
776 4735 924 4802 theeman,
949 4733 1036 4803 Sicily
1055 4754 1082 4805 p.
1096 4752 1122 4791 ιι
1142 4768 1175 4775 -
1195 4741 1236 4790 16.
1256 4733 1435 4805 ἀντιάνειρα·
1459 4752 1514 4803 qua
1531 4733 1572 4787 vir
1589 4732 1616 4780 ut

349 4825 413 4865 cum
427 4807 488 4862 viro
502 4824 602 4861 manus
617 4808 747 4862 conserat
765 4806 934 4874 concitatum
953 4806 1074 4876 primam
1092 4806 1166 4860 enim
1185 4808 1294 4877 partem
1313 4806 1434 4861 nominis
1453 4806 1533 4861 huius
1550 4818 1614 4858 com·
