<?xml version="1.0" encoding="UTF-8"?>
<!DOCTYPE html PUBLIC "-//W3C//DTD XHTML 1.0 Transitional//EN"
    "http://www.w3.org/TR/xhtml1/DTD/xhtml1-transitional.dtd">
<html xmlns="http://www.w3.org/1999/xhtml" xml:lang="en" lang="en">
 <head>
  <title>
</title>
<meta http-equiv="Content-Type" content="text/html;charset=utf-8" />
  <meta name='ocr-system' content='tesseract 3.04.00' />
  <meta name='ocr-capabilities' content='ocr_page ocr_carea ocr_par ocr_line ocrx_word'/>
</head>
<body>
  <div class='ocr_page' id='page_1' title='image "./pindaricarminap01chrigoog_0334.png"; bbox 0 0 3417 5434; ppageno 0'>
   <div class='ocr_carea' id='block_1_1' title="bbox 824 321 1158 374">
    <p class='ocr_par' dir='ltr' id='par_1_1' title="bbox 824 321 1158 374">
     <span class='ocr_line' id='line_1_1' title="bbox 824 321 1158 374; baseline 0.003 -1"><span class='ocrx_word' id='word_1_1' title='bbox 824 323 972 373; x_wconf 80' lang='lat' dir='ltr'><strong>PINDARI</strong></span> <span class='ocrx_word' id='word_1_2' title='bbox 992 321 1158 374; x_wconf 83' lang='lat' dir='ltr'><strong>EPINlCIA.</strong></span> 
     </span>
    </p>
   </div>
   <div class='ocr_carea' id='block_1_2' title="bbox 513 484 1257 1000">
    <p class='ocr_par' dir='ltr' id='par_1_2' title="bbox 513 484 1257 1000">
     <span class='ocr_line' id='line_1_2' title="bbox 513 484 776 571; baseline 0 -21"><span class='ocrx_word' id='word_1_3' title='bbox 513 503 547 550; x_wconf 80' lang='lat'><strong>45</strong></span> <span class='ocrx_word' id='word_1_4' title='bbox 567 484 602 550; x_wconf 84' lang='grc' dir='ltr'><strong>ἐκ</strong></span> <span class='ocrx_word' id='word_1_5' title='bbox 624 485 776 571; x_wconf 77' lang='grc' dir='ltr'>πατέρων</span> 
     </span>
     <span class='ocr_line' id='line_1_3' title="bbox 521 587 1139 677; baseline -0.006 -19"><span class='ocrx_word' id='word_1_6' title='bbox 521 667 524 677; x_wconf 37' lang='grc' dir='ltr'>Ι</span> <span class='ocrx_word' id='word_1_7' title='bbox 612 590 706 658; x_wconf 80' lang='grc' dir='ltr'><strong><em>παισὶ</em></strong></span> <span class='ocrx_word' id='word_1_8' title='bbox 729 596 823 676; x_wconf 83' lang='grc' dir='ltr'><strong><em>λῆμα.</em></strong></span> <span class='ocrx_word' id='word_1_9' title='bbox 869 589 1012 676; x_wconf 75' lang='grc' dir='ltr'><strong><em>θαέομαι</em></strong></span> <span class='ocrx_word' id='word_1_10' title='bbox 1036 587 1139 675; x_wconf 77' lang='grc' dir='ltr'><strong><em>σαφές</em></strong></span> 
     </span>
     <span class='ocr_line' id='line_1_4' title="bbox 566 700 1030 786; baseline -0.004 -22"><span class='ocrx_word' id='word_1_11' title='bbox 566 700 732 786; x_wconf 87' lang='grc' dir='ltr'><strong><em>δράκοντα</em></strong></span> <span class='ocrx_word' id='word_1_12' title='bbox 754 701 907 763; x_wconf 80' lang='grc' dir='ltr'><strong><em>ποικίλον</em></strong></span> <span class='ocrx_word' id='word_1_13' title='bbox 930 700 1030 774; x_wconf 88' lang='grc' dir='ltr'><strong><em>αίθᾶς</em></strong></span> 
     </span>
     <span class='ocr_line' id='line_1_5' title="bbox 608 804 1003 892; baseline -0.005 -20"><span class='ocrx_word' id='word_1_14' title='bbox 608 805 758 892; x_wconf 87' lang='grc' dir='ltr'><strong><em>Ἀλκμᾶν’</em></strong></span> <span class='ocrx_word' id='word_1_15' title='bbox 786 804 838 871; x_wconf 79' lang='grc' dir='ltr'><strong><em>ἐπ’</em></strong></span> <span class='ocrx_word' id='word_1_16' title='bbox 863 805 1003 881; x_wconf 76' lang='grc' dir='ltr'><strong><em>ἀσπίδος</em></strong></span> 
     </span>
     <span class='ocr_line' id='line_1_6' title="bbox 565 911 1257 1000; baseline -0.007 -20"><span class='ocrx_word' id='word_1_17' title='bbox 565 925 727 1000; x_wconf 83' lang='grc' dir='ltr'><strong><em>νωμῶντα</em></strong></span> <span class='ocrx_word' id='word_1_18' title='bbox 749 925 883 1000; x_wconf 83' lang='grc' dir='ltr'><strong><em>πρῶτον</em></strong></span> <span class='ocrx_word' id='word_1_19' title='bbox 907 912 943 978; x_wconf 85' lang='grc' dir='ltr'><strong><em>ἑν</em></strong></span> <span class='ocrx_word' id='word_1_20' title='bbox 966 913 1116 997; x_wconf 84' lang='grc' dir='ltr'><strong><em>Κάδμον</em></strong></span> <span class='ocrx_word' id='word_1_21' title='bbox 1129 911 1257 987; x_wconf 84' lang='grc' dir='ltr'><strong><em>πύλαις.</em></strong></span> 
     </span>
    </p>
   </div>
   <div class='ocr_carea' id='block_1_3' title="bbox 515 1139 1417 2090">
    <p class='ocr_par' dir='ltr' id='par_1_3' title="bbox 515 1139 1417 2090">
     <span class='ocr_line' id='line_1_7' title="bbox 566 1139 1417 1232; baseline -0.008 -21"><span class='ocrx_word' id='word_1_22' title='bbox 566 1146 584 1211; x_wconf 90' lang='grc' dir='ltr'>ὁ</span> <span class='ocrx_word' id='word_1_23' title='bbox 608 1143 646 1211; x_wconf 73' lang='grc' dir='ltr'><strong>δέ</strong></span> <span class='ocrx_word' id='word_1_24' title='bbox 668 1147 783 1232; x_wconf 83' lang='grc' dir='ltr'><strong><em>καμὼν</em></strong></span> <span class='ocrx_word' id='word_1_25' title='bbox 805 1143 949 1232; x_wconf 78' lang='grc' dir='ltr'><strong><em>προτέρᾳ</em></strong></span> <span class='ocrx_word' id='word_1_26' title='bbox 971 1144 1065 1231; x_wconf 88' lang='grc' dir='ltr'><strong><em>πάθᾳ</em></strong></span> <span class='ocrx_word' id='word_1_27' title='bbox 1265 1140 1351 1206; x_wconf 89' lang='grc' dir='ltr'><strong><em>Ἀντ.</em></strong></span> <span class='ocrx_word' id='word_1_28' title='bbox 1376 1139 1417 1224; x_wconf 88' lang='grc' dir='ltr'><strong>γ’.</strong></span> 
     </span>
     <span class='ocr_line' id='line_1_8' title="bbox 568 1251 972 1339; baseline -0.005 -21"><span class='ocrx_word' id='word_1_29' title='bbox 568 1263 632 1318; x_wconf 80' lang='grc' dir='ltr'><strong>νῦν</strong></span> <span class='ocrx_word' id='word_1_30' title='bbox 655 1253 806 1339; x_wconf 77' lang='grc' dir='ltr'><strong><em>ἀρείονος</em></strong></span> <span class='ocrx_word' id='word_1_31' title='bbox 830 1251 972 1336; x_wconf 78' lang='grc' dir='ltr'><strong><em>ἐνέχεται</em></strong></span> 
     </span>
     <span class='ocr_line' id='line_1_9' title="bbox 515 1359 860 1447; baseline -0.003 -21"><span class='ocrx_word' id='word_1_32' title='bbox 515 1380 549 1426; x_wconf 80' lang='lat'><strong>50</strong></span> <span class='ocrx_word' id='word_1_33' title='bbox 568 1363 701 1446; x_wconf 81' lang='grc' dir='ltr'><strong><em>ὄρνιχος</em></strong></span> <span class='ocrx_word' id='word_1_34' title='bbox 724 1359 860 1447; x_wconf 77' lang='grc' dir='ltr'><strong><em>ἀγγελίᾳ</em></strong></span> 
     </span>
     <span class='ocr_line' id='line_1_10' title="bbox 558 1462 1184 1553; baseline -0.006 -21"><span class='ocrx_word' id='word_1_35' title='bbox 558 1467 742 1553; x_wconf 88' lang='grc' dir='ltr'><strong><em>Ἀδραστος</em></strong></span> <span class='ocrx_word' id='word_1_36' title='bbox 763 1469 880 1552; x_wconf 76' lang='grc' dir='ltr'><strong><em>ἥ-ρως·</em></strong></span> <span class='ocrx_word' id='word_1_37' title='bbox 904 1467 941 1531; x_wconf 92' lang='grc' dir='ltr'><strong><em>τὸ</em></strong></span> <span class='ocrx_word' id='word_1_38' title='bbox 965 1462 1002 1530; x_wconf 74' lang='grc' dir='ltr'><strong>δὲ</strong></span> <span class='ocrx_word' id='word_1_39' title='bbox 1024 1468 1184 1530; x_wconf 72' lang='grc' dir='ltr'><strong><em>ίοίκοθεν</em></strong></span> 
     </span>
     <span class='ocr_line' id='line_1_11' title="bbox 568 1573 811 1659; baseline 0 -21"><span class='ocrx_word' id='word_1_40' title='bbox 568 1573 664 1640; x_wconf 93' lang='grc' dir='ltr'><strong><em>ἀντία</em></strong></span> <span class='ocrx_word' id='word_1_41' title='bbox 687 1573 811 1659; x_wconf 82' lang='grc' dir='ltr'><strong><em>πράξει.</em></strong></span> 
     </span>
     <span class='ocr_line' id='line_1_12' title="bbox 610 1679 1191 1767; baseline -0.007 -21"><span class='ocrx_word' id='word_1_42' title='bbox 610 1684 712 1766; x_wconf 84' lang='grc' dir='ltr'><strong><em>μόνος</em></strong></span> <span class='ocrx_word' id='word_1_43' title='bbox 734 1681 797 1767; x_wconf 87' lang='grc' dir='ltr'><strong>γάρ</strong></span> <span class='ocrx_word' id='word_1_44' title='bbox 821 1679 857 1745; x_wconf 78' lang='grc' dir='ltr'><strong>ἐκ</strong></span> <span class='ocrx_word' id='word_1_45' title='bbox 880 1686 1025 1745; x_wconf 80' lang='grc' dir='ltr'><strong><em>Δαναῶν</em></strong></span> <span class='ocrx_word' id='word_1_46' title='bbox 1048 1687 1191 1763; x_wconf 85' lang='grc' dir='ltr'><strong><em>στρατοῦ</em></strong></span> 
     </span>
     <span class='ocr_line' id='line_1_13' title="bbox 567 1785 983 1866; baseline -0.01 -12"><span class='ocrx_word' id='word_1_47' title='bbox 567 1791 733 1866; x_wconf 77' lang='grc' dir='ltr'><strong><em>θανόντος</em></strong></span> <span class='ocrx_word' id='word_1_48' title='bbox 756 1786 852 1853; x_wconf 80' lang='grc' dir='ltr'><strong><em>ὀστέα</em></strong></span> <span class='ocrx_word' id='word_1_49' title='bbox 876 1785 983 1866; x_wconf 80' lang='grc' dir='ltr'><strong><em>λέξαις</em></strong></span> 
     </span>
     <span class='ocr_line' id='line_1_14' title="bbox 611 1896 923 1982; baseline 0 -22"><span class='ocrx_word' id='word_1_50' title='bbox 611 1896 704 1979; x_wconf 77' lang='grc' dir='ltr'><strong><em>υἱοῦ,</em></strong></span> <span class='ocrx_word' id='word_1_51' title='bbox 727 1896 810 1982; x_wconf 80' lang='grc' dir='ltr'><strong><em>τύχᾳ</em></strong></span> <span class='ocrx_word' id='word_1_52' title='bbox 832 1901 923 1960; x_wconf 84' lang='grc' dir='ltr'><strong><em>θεῶν</em></strong></span> 
     </span>
     <span class='ocr_line' id='line_1_15' title="bbox 568 1999 1060 2090; baseline 0 -24"><span class='ocrx_word' id='word_1_53' title='bbox 568 1999 719 2086; x_wconf 82' lang='grc' dir='ltr'><strong><em>ἀφίξεται</em></strong></span> <span class='ocrx_word' id='word_1_54' title='bbox 742 2008 810 2090; x_wconf 75' lang='grc' dir='ltr'><strong>λαῷ</strong></span> <span class='ocrx_word' id='word_1_55' title='bbox 834 2004 898 2067; x_wconf 84' lang='grc' dir='ltr'><strong><em>σὺν</em></strong></span> <span class='ocrx_word' id='word_1_56' title='bbox 922 2000 1060 2085; x_wconf 81' lang='grc' dir='ltr'><strong><em>ἀβλαβεῖ</em></strong></span> 
     </span>
    </p>
   </div>
   <div class='ocr_carea' id='block_1_4' title="bbox 517 2229 1421 2857">
    <p class='ocr_par' dir='ltr' id='par_1_4' title="bbox 517 2229 1421 2857">
     <span class='ocr_line' id='line_1_16' title="bbox 517 2229 1421 2320; baseline -0.004 -21"><span class='ocrx_word' id='word_1_57' title='bbox 517 2251 549 2299; x_wconf 80' lang='lat'><strong>55</strong></span> <span class='ocrx_word' id='word_1_58' title='bbox 569 2233 732 2319; x_wconf 83' lang='grc' dir='ltr'><strong><em>’Ἀβαντος</em></strong></span> <span class='ocrx_word' id='word_1_59' title='bbox 754 2235 957 2320; x_wconf 85' lang='grc' dir='ltr'><strong><em>εὐρυχόρους</em></strong></span> <span class='ocrx_word' id='word_1_60' title='bbox 981 2233 1074 2317; x_wconf 81' lang='grc' dir='ltr'><strong><em>ἀγυι·</em></strong></span> <span class='ocrx_word' id='word_1_61' title='bbox 1287 2231 1352 2296; x_wconf 84' lang='grc' dir='ltr'><strong>Ἐπ.</strong></span> <span class='ocrx_word' id='word_1_62' title='bbox 1376 2229 1421 2314; x_wconf 91' lang='grc' dir='ltr'><strong>γ’.</strong></span> 
     </span>
     <span class='ocr_line' id='line_1_17' title="bbox 614 2335 928 2425; baseline 0.003 -21"><span class='ocrx_word' id='word_1_63' title='bbox 614 2340 662 2418; x_wconf 89' lang='grc' dir='ltr'><strong><em>άς.</em></strong></span> <span class='ocrx_word' id='word_1_64' title='bbox 706 2349 844 2405; x_wconf 89' lang='grc' dir='ltr'><strong><em>τοιαῦτα</em></strong></span> <span class='ocrx_word' id='word_1_65' title='bbox 866 2335 928 2425; x_wconf 70' lang='grc' dir='ltr'><strong>μέν</strong></span> 
     </span>
     <span class='ocr_line' id='line_1_18' title="bbox 569 2438 977 2532; baseline -0.002 -19"><span class='ocrx_word' id='word_1_66' title='bbox 569 2438 746 2532; x_wconf 59' lang='grc' dir='ltr'><strong>ἐιμθέγξατἰ</strong></span> <span class='ocrx_word' id='word_1_67' title='bbox 768 2446 977 2532; x_wconf 77' lang='grc' dir='ltr'><strong><em>Ἀμφιάρηος.</em></strong></span> 
     </span>
     <span class='ocr_line' id='line_1_19' title="bbox 614 2551 1001 2641; baseline -0.003 -22"><span class='ocrx_word' id='word_1_68' title='bbox 614 2558 739 2641; x_wconf 83' lang='grc' dir='ltr'><strong><em>χαίρων</em></strong></span> <span class='ocrx_word' id='word_1_69' title='bbox 763 2551 800 2619; x_wconf 74' lang='grc' dir='ltr'><strong>δέ</strong></span> <span class='ocrx_word' id='word_1_70' title='bbox 822 2552 878 2618; x_wconf 80' lang='grc' dir='ltr'><strong>καί</strong></span> <span class='ocrx_word' id='word_1_71' title='bbox 901 2553 1001 2632; x_wconf 84' lang='grc' dir='ltr'><strong><em>αὐτὸς</em></strong></span> 
     </span>
     <span class='ocr_line' id='line_1_20' title="bbox 565 2661 1097 2746; baseline 0 -20"><span class='ocrx_word' id='word_1_72' title='bbox 565 2661 731 2746; x_wconf 83' lang='grc' dir='ltr'><strong><em>Ἀλκμᾶνα</em></strong></span> <span class='ocrx_word' id='word_1_73' title='bbox 754 2661 948 2746; x_wconf 85' lang='grc' dir='ltr'><strong><em>στεφάνοισι</em></strong></span> <span class='ocrx_word' id='word_1_74' title='bbox 971 2662 1097 2745; x_wconf 80' lang='grc' dir='ltr'><strong><em>βάλλω,</em></strong></span> 
     </span>
     <span class='ocr_line' id='line_1_21' title="bbox 615 2765 989 2857; baseline 0 -24"><span class='ocrx_word' id='word_1_75' title='bbox 615 2770 719 2854; x_wconf 81' lang='grc' dir='ltr'><strong><em>ῥαίνω</em></strong></span> <span class='ocrx_word' id='word_1_76' title='bbox 744 2765 780 2832; x_wconf 70' lang='grc' dir='ltr'><strong>δὲ</strong></span> <span class='ocrx_word' id='word_1_77' title='bbox 802 2766 858 2833; x_wconf 85' lang='grc' dir='ltr'><strong><em>καὶ</em></strong></span> <span class='ocrx_word' id='word_1_78' title='bbox 880 2768 989 2857; x_wconf 72' lang='grc' dir='ltr'><strong><em>λίμνᾳ),</em></strong></span> 
     </span>
    </p>
   </div>
   <div class='ocr_carea' id='block_1_5' title="bbox 358 2915 570 2925">
    <p class='ocr_par' dir='ltr' id='par_1_5' title="bbox 358 2915 570 2925">
     <span class='ocr_line' id='line_1_22' title="bbox 358 2915 570 2925; baseline -0.019 0"><span class='ocrx_word' id='word_1_79' title='bbox 358 2915 570 2925; x_wconf 50' lang='grc' dir='ltr'>--ρ--ι</span> 
     </span>
    </p>
   </div>
   <div class='ocr_carea' id='block_1_6' title="bbox 358 2991 1614 3353">
    <p class='ocr_par' dir='ltr' id='par_1_6' title="bbox 358 2991 1614 3353">
     <span class='ocr_line' id='line_1_23' title="bbox 429 2991 1614 3067; baseline -0.008 -16"><span class='ocrx_word' id='word_1_80' title='bbox 429 3004 472 3052; x_wconf 84' lang='grc'><strong>45.</strong></span> <span class='ocrx_word' id='word_1_81' title='bbox 492 2998 574 3052; x_wconf 82' lang='grc' dir='ltr'><strong><em>παισί</em></strong></span> <span class='ocrx_word' id='word_1_82' title='bbox 593 2998 664 3065; x_wconf 87' lang='lat' dir='ltr'><strong>BD,</strong></span> <span class='ocrx_word' id='word_1_83' title='bbox 685 2997 783 3051; x_wconf 81' lang='grc' dir='ltr'><strong><em>παισίν</em></strong></span> <span class='ocrx_word' id='word_1_84' title='bbox 800 2997 880 3067; x_wconf 64' lang='lat' dir='ltr'><strong>Byr„</strong></span> <span class='ocrx_word' id='word_1_85' title='bbox 900 3005 961 3064; x_wconf 78' lang='grc' dir='ltr'><strong><em>παῖ,</em></strong></span> <span class='ocrx_word' id='word_1_86' title='bbox 983 2998 1026 3051; x_wconf 81' lang='grc' dir='ltr'><strong>σοὶ</strong></span> <span class='ocrx_word' id='word_1_87' title='bbox 1046 2995 1272 3066; x_wconf 70' lang='lat' dir='ltr'><strong>interpunctione</strong></span> <span class='ocrx_word' id='word_1_88' title='bbox 1290 2998 1355 3065; x_wconf 89' lang='lat' dir='ltr'><strong>post</strong></span> <span class='ocrx_word' id='word_1_89' title='bbox 1374 2992 1520 3064; x_wconf 74' lang='grc' dir='ltr'><strong><em>ἐπιπρέπει</em></strong></span> <span class='ocrx_word' id='word_1_90' title='bbox 1537 2991 1614 3046; x_wconf 76' lang='lat' dir='ltr'><strong>deleta</strong></span> 
     </span>
     <span class='ocr_line' id='line_1_24' title="bbox 360 3065 1613 3138; baseline -0.006 -13"><span class='ocrx_word' id='word_1_91' title='bbox 360 3070 432 3125; x_wconf 90' lang='lat' dir='ltr'><strong>coni.</strong></span> <span class='ocrx_word' id='word_1_92' title='bbox 451 3069 594 3124; x_wconf 80' lang='lat' dir='ltr'><strong>Hermann</strong></span> <span class='ocrx_word' id='word_1_93' title='bbox 620 3084 714 3138; x_wconf 89' lang='lat' dir='ltr'><strong>opusc.</strong></span> <span class='ocrx_word' id='word_1_94' title='bbox 733 3087 772 3120; x_wconf 86' lang='lat' dir='ltr'><strong>vn</strong></span> <span class='ocrx_word' id='word_1_95' title='bbox 790 3085 829 3122; x_wconf 77' lang='lat' dir='ltr'><strong>rso</strong></span> <span class='ocrx_word' id='word_1_96' title='bbox 847 3067 1033 3138; x_wconf 77' lang='lat' dir='ltr'>probabiliter</span> <span class='ocrx_word' id='word_1_97' title='bbox 1056 3100 1089 3108; x_wconf 90' lang='lat'>—</span> <span class='ocrx_word' id='word_1_98' title='bbox 1112 3065 1238 3134; x_wconf 76' lang='grc' dir='ltr'><strong><em>θαέομαι</em></strong></span> <span class='ocrx_word' id='word_1_99' title='bbox 1265 3069 1319 3122; x_wconf 75' lang='grc' dir='ltr'><strong>Β“;</strong></span> <span class='ocrx_word' id='word_1_100' title='bbox 1348 3065 1475 3138; x_wconf 84' lang='grc' dir='ltr'><strong><em>θεάομαι</em></strong></span> <span class='ocrx_word' id='word_1_101' title='bbox 1497 3066 1570 3122; x_wconf 79' lang='lat'><em>13¹1)</em></span> <span class='ocrx_word' id='word_1_102' title='bbox 1589 3092 1613 3102; x_wconf 79' lang='lat'><em>-</em></span> 
     </span>
     <span class='ocr_line' id='line_1_25' title="bbox 358 3133 1612 3209; baseline -0.006 -14"><span class='ocrx_word' id='word_1_103' title='bbox 358 3147 401 3196; x_wconf 83' lang='lat'><strong>48.</strong></span> <span class='ocrx_word' id='word_1_104' title='bbox 416 3140 521 3206; x_wconf 80' lang='grc' dir='ltr'><strong><em>ποτέρα</em></strong></span> <span class='ocrx_word' id='word_1_105' title='bbox 535 3140 565 3193; x_wconf 93' lang='lat' dir='ltr'><strong><em>D</em></strong></span> <span class='ocrx_word' id='word_1_106' title='bbox 579 3171 612 3178; x_wconf 98' lang='lat'><strong>—</strong></span> <span class='ocrx_word' id='word_1_107' title='bbox 628 3145 669 3193; x_wconf 66' lang='lat' dir='ltr'><strong>bd.</strong></span> <span class='ocrx_word' id='word_1_108' title='bbox 684 3136 781 3209; x_wconf 75' lang='grc' dir='ltr'><strong><em>μόνοςε</em></strong></span> <span class='ocrx_word' id='word_1_109' title='bbox 796 3136 883 3209; x_wconf 88' lang='grc' dir='ltr'><strong><em>μόνον</em></strong></span> <span class='ocrx_word' id='word_1_110' title='bbox 898 3139 968 3194; x_wconf 86' lang='lat' dir='ltr'><strong>coni.</strong></span> <span class='ocrx_word' id='word_1_111' title='bbox 985 3139 1161 3194; x_wconf 84' lang='lat' dir='ltr'><strong>Bornemann</strong></span> <span class='ocrx_word' id='word_1_112' title='bbox 1178 3138 1251 3192; x_wconf 88' lang='lat' dir='ltr'>Phil.</span> <span class='ocrx_word' id='word_1_113' title='bbox 1266 3144 1333 3192; x_wconf 76' lang='lat'>1891</span> <span class='ocrx_word' id='word_1_114' title='bbox 1353 3157 1380 3209; x_wconf 88' lang='lat' dir='ltr'><strong>p.</strong></span> <span class='ocrx_word' id='word_1_115' title='bbox 1396 3155 1448 3206; x_wconf 72' lang='grc' dir='ltr'><strong><em>νοις</em></strong></span> <span class='ocrx_word' id='word_1_116' title='bbox 1467 3147 1562 3209; x_wconf 84' lang='grc' dir='ltr'><strong><em>μοῦνος</em></strong></span> <span class='ocrx_word' id='word_1_117' title='bbox 1578 3133 1612 3187; x_wconf 81' lang='lat' dir='ltr'><strong>hie</strong></span> 
     </span>
     <span class='ocr_line' id='line_1_26' title="bbox 358 3203 1614 3282; baseline -0.006 -16"><span class='ocrx_word' id='word_1_118' title='bbox 358 3216 389 3266; x_wconf 91' lang='lat' dir='ltr'><strong>et</strong></span> <span class='ocrx_word' id='word_1_119' title='bbox 408 3229 434 3266; x_wconf 79' lang='lat' dir='ltr'><strong>aa</strong></span> <span class='ocrx_word' id='word_1_120' title='bbox 453 3209 606 3280; x_wconf 75' lang='grc' dir='ltr'><strong><em>Ξείναρκες</em></strong></span> <span class='ocrx_word' id='word_1_121' title='bbox 631 3226 694 3264; x_wconf 87' lang='lat' dir='ltr'><strong>cum</strong></span> <span class='ocrx_word' id='word_1_122' title='bbox 718 3213 787 3282; x_wconf 82' lang='grc' dir='ltr'><strong><em>Βγι.</em></strong></span> <span class='ocrx_word' id='word_1_123' title='bbox 809 3211 963 3278; x_wconf 83' lang='lat' dir='ltr'><strong>Hermaun;</strong></span> <span class='ocrx_word' id='word_1_124' title='bbox 990 3210 1064 3264; x_wconf 88' lang='lat' dir='ltr'><strong>idem</strong></span> <span class='ocrx_word' id='word_1_125' title='bbox 1082 3229 1107 3266; x_wconf 88' lang='lat' dir='ltr'><strong>v.</strong></span> <span class='ocrx_word' id='word_1_126' title='bbox 1130 3228 1155 3266; x_wconf 80' lang='grc' dir='ltr'><strong><em>ον</em></strong></span> <span class='ocrx_word' id='word_1_127' title='bbox 1177 3210 1321 3280; x_wconf 86' lang='grc' dir='ltr'><strong><em>μέρμηραν</em></strong></span> <span class='ocrx_word' id='word_1_128' title='bbox 1341 3227 1378 3264; x_wconf 87' lang='lat' dir='ltr'><strong>an</strong></span> <span class='ocrx_word' id='word_1_129' title='bbox 1397 3209 1567 3264; x_wconf 88' lang='lat' dir='ltr'><strong>scribendum</strong></span> <span class='ocrx_word' id='word_1_130' title='bbox 1586 3203 1614 3258; x_wconf 84' lang='lat' dir='ltr'><strong>sit</strong></span> 
     </span>
     <span class='ocr_line' id='line_1_27' title="bbox 360 3281 1435 3353; baseline -0.002 -16"><span class='ocrx_word' id='word_1_131' title='bbox 360 3284 475 3338; x_wconf 84' lang='lat' dir='ltr'><strong>dubitat</strong></span> <span class='ocrx_word' id='word_1_132' title='bbox 492 3299 585 3353; x_wconf 88' lang='lat' dir='ltr'><strong>opusc.</strong></span> <span class='ocrx_word' id='word_1_133' title='bbox 600 3300 640 3335; x_wconf 88' lang='lat' dir='ltr'><strong>vn</strong></span> <span class='ocrx_word' id='word_1_134' title='bbox 658 3299 697 3337; x_wconf 79' lang='lat' dir='ltr'><strong>rsa</strong></span> <span class='ocrx_word' id='word_1_135' title='bbox 717 3314 749 3322; x_wconf 96' lang='lat'>-</span> <span class='ocrx_word' id='word_1_136' title='bbox 769 3287 812 3337; x_wconf 81' lang='lat' dir='ltr'><strong>bb.</strong></span> <span class='ocrx_word' id='word_1_137' title='bbox 832 3283 990 3352; x_wconf 77' lang='grc' dir='ltr'><strong><em>εὐρυχόρου</em></strong></span> <span class='ocrx_word' id='word_1_138' title='bbox 1009 3283 1039 3338; x_wconf 93' lang='lat' dir='ltr'><strong><em>D</em></strong></span> <span class='ocrx_word' id='word_1_139' title='bbox 1056 3315 1092 3322; x_wconf 94' lang='lat'>—</span> <span class='ocrx_word' id='word_1_140' title='bbox 1111 3289 1152 3338; x_wconf 80' lang='lat'><strong>56.</strong></span> <span class='ocrx_word' id='word_1_141' title='bbox 1172 3281 1334 3352; x_wconf 86' lang='grc' dir='ltr'><strong><em>ἀμφιάραος</em></strong></span> <span class='ocrx_word' id='word_1_142' title='bbox 1352 3283 1382 3335; x_wconf 90' lang='lat' dir='ltr'><strong><em>D</em></strong></span> <span class='ocrx_word' id='word_1_143' title='bbox 1401 3313 1435 3322; x_wconf 84' lang='lat'>-</span> 
     </span>
    </p>
   </div>
   <div class='ocr_carea' id='block_1_7' title="bbox 359 3421 1617 4851">
    <p class='ocr_par' dir='ltr' id='par_1_7' title="bbox 359 3421 1617 4851">
     <span class='ocr_line' id='line_1_28' title="bbox 431 3421 1616 3496; baseline -0.001 -18"><span class='ocrx_word' id='word_1_144' title='bbox 431 3430 473 3479; x_wconf 83' lang='lat'><strong>46.</strong></span> <span class='ocrx_word' id='word_1_145' title='bbox 494 3424 593 3479; x_wconf 86' lang='lat' dir='ltr'><strong>schol:</strong></span> <span class='ocrx_word' id='word_1_146' title='bbox 612 3421 695 3478; x_wconf 82' lang='grc' dir='ltr'><strong><em>τοῦτό</em></strong></span> <span class='ocrx_word' id='word_1_147' title='bbox 713 3442 800 3494; x_wconf 83' lang='grc' dir='ltr'><strong><em>φησιν</em></strong></span> <span class='ocrx_word' id='word_1_148' title='bbox 819 3425 855 3487; x_wconf 82' lang='grc' dir='ltr'><strong><em>ὡς</em></strong></span> <span class='ocrx_word' id='word_1_149' title='bbox 873 3433 923 3478; x_wconf 82' lang='grc' dir='ltr'><strong><em>τοῦ</em></strong></span> <span class='ocrx_word' id='word_1_150' title='bbox 939 3423 1102 3495; x_wconf 82' lang='grc' dir='ltr'><strong><em>Ἀλκμάονος</em></strong></span> <span class='ocrx_word' id='word_1_151' title='bbox 1121 3425 1233 3496; x_wconf 76' lang='grc' dir='ltr'><strong><em>ἔχοντος</em></strong></span> <span class='ocrx_word' id='word_1_152' title='bbox 1247 3424 1293 3478; x_wconf 80' lang='grc' dir='ltr'><strong>ἐπὶ</strong></span> <span class='ocrx_word' id='word_1_153' title='bbox 1306 3433 1355 3494; x_wconf 84' lang='grc' dir='ltr'><strong>τῆς</strong></span> <span class='ocrx_word' id='word_1_154' title='bbox 1369 3421 1488 3488; x_wconf 80' lang='grc' dir='ltr'><strong><em>ἀσπίδος</em></strong></span> <span class='ocrx_word' id='word_1_155' title='bbox 1503 3421 1616 3489; x_wconf 65' lang='grc' dir='ltr'><strong><em>ἐπίσημνν</em></strong></span> 
     </span>
     <span class='ocr_line' id='line_1_29' title="bbox 360 3490 1615 3568; baseline -0.006 -16"><span class='ocrx_word' id='word_1_156' title='bbox 360 3497 502 3564; x_wconf 86' lang='grc' dir='ltr'><strong><em>δράκοντα</em></strong></span> <span class='ocrx_word' id='word_1_157' title='bbox 518 3539 523 3549; x_wconf 97' lang='grc'><em>.</em></span> <span class='ocrx_word' id='word_1_158' title='bbox 540 3540 545 3550; x_wconf 93' lang='grc'>.</span> <span class='ocrx_word' id='word_1_159' title='bbox 562 3539 567 3550; x_wconf 97' lang='grc'>.</span> <span class='ocrx_word' id='word_1_160' title='bbox 583 3495 660 3550; x_wconf 85' lang='grc' dir='ltr'><strong><em>καθδ</em></strong></span> <span class='ocrx_word' id='word_1_161' title='bbox 685 3490 722 3564; x_wconf 76' lang='grc' dir='ltr'><strong><em>ἣν</em></strong></span> <span class='ocrx_word' id='word_1_162' title='bbox 747 3496 804 3550; x_wconf 85' lang='grc' dir='ltr'><strong>ἀπὸ</strong></span> <span class='ocrx_word' id='word_1_163' title='bbox 830 3493 1031 3564; x_wconf 72' lang='grc' dir='ltr'><strong><em>Μελάμποδος</em></strong></span> <span class='ocrx_word' id='word_1_164' title='bbox 1060 3497 1235 3568; x_wconf 77' lang='lat' dir='ltr'><strong>serpentibus</strong></span> <span class='ocrx_word' id='word_1_165' title='bbox 1255 3496 1328 3550; x_wconf 88' lang='lat' dir='ltr'><strong>enim</strong></span> <span class='ocrx_word' id='word_1_166' title='bbox 1348 3495 1476 3550; x_wconf 89' lang='lat' dir='ltr'><strong>divinum</strong></span> <span class='ocrx_word' id='word_1_167' title='bbox 1495 3493 1615 3565; x_wconf 76' lang='lat' dir='ltr'>quoddam</span> 
     </span>
     <span class='ocr_line' id='line_1_30' title="bbox 361 3563 1615 3638; baseline -0.006 -16"><span class='ocrx_word' id='word_1_168' title='bbox 361 3569 453 3622; x_wconf 89' lang='lat' dir='ltr'><strong>inesse</strong></span> <span class='ocrx_word' id='word_1_169' title='bbox 473 3567 637 3633; x_wconf 84' lang='lat' dir='ltr'><strong>credabant;</strong></span> <span class='ocrx_word' id='word_1_170' title='bbox 656 3570 781 3621; x_wconf 85' lang='lat' dir='ltr'><strong>aeterum</strong></span> <span class='ocrx_word' id='word_1_171' title='bbox 795 3566 882 3621; x_wconf 83' lang='lat' dir='ltr'><strong>etiam</strong></span> <span class='ocrx_word' id='word_1_172' title='bbox 897 3567 947 3621; x_wconf 87' lang='lat' dir='ltr'><strong>alii</strong></span> <span class='ocrx_word' id='word_1_173' title='bbox 960 3567 1067 3638; x_wconf 86' lang='lat' dir='ltr'><strong>heroes,</strong></span> <span class='ocrx_word' id='word_1_174' title='bbox 1080 3571 1112 3621; x_wconf 91' lang='lat' dir='ltr'><strong>ut</strong></span> <span class='ocrx_word' id='word_1_175' title='bbox 1126 3567 1270 3622; x_wconf 78' lang='lat' dir='ltr'><strong>Menelaus</strong></span> <span class='ocrx_word' id='word_1_176' title='bbox 1284 3571 1320 3636; x_wconf 87' lang='lat' dir='ltr'><strong>(v.</strong></span> <span class='ocrx_word' id='word_1_177' title='bbox 1330 3567 1414 3622; x_wconf 85' lang='lat' dir='ltr'><strong>Paua.</strong></span> <span class='ocrx_word' id='word_1_178' title='bbox 1428 3587 1446 3620; x_wconf 90' lang='lat' dir='ltr'>x</span> <span class='ocrx_word' id='word_1_179' title='bbox 1460 3584 1494 3636; x_wconf 80' lang='lat' dir='ltr'><strong>aa,</strong></span> <span class='ocrx_word' id='word_1_180' title='bbox 1509 3571 1538 3636; x_wconf 68' lang='lat' dir='ltr'><strong>a),</strong></span> <span class='ocrx_word' id='word_1_181' title='bbox 1551 3563 1615 3618; x_wconf 76' lang='lat' dir='ltr'><strong>sm.</strong></span> 
     </span>
     <span class='ocr_line' id='line_1_31' title="bbox 360 3636 1617 3710; baseline -0.007 -17"><span class='ocrx_word' id='word_1_182' title='bbox 360 3639 485 3693; x_wconf 85' lang='lat' dir='ltr'><strong>Achilles</strong></span> <span class='ocrx_word' id='word_1_183' title='bbox 512 3638 542 3692; x_wconf 91' lang='lat' dir='ltr'><strong>in</strong></span> <span class='ocrx_word' id='word_1_184' title='bbox 566 3637 673 3693; x_wconf 85' lang='lat' dir='ltr'><strong>tabulis</strong></span> <span class='ocrx_word' id='word_1_185' title='bbox 699 3642 728 3692; x_wconf 87' lang='lat' dir='ltr'><strong>et</strong></span> <span class='ocrx_word' id='word_1_186' title='bbox 752 3638 876 3692; x_wconf 76' lang='lat' dir='ltr'><strong>vasculis</strong></span> <span class='ocrx_word' id='word_1_187' title='bbox 899 3639 1048 3693; x_wconf 81' lang='lat' dir='ltr'><strong>draconem</strong></span> <span class='ocrx_word' id='word_1_188' title='bbox 1067 3640 1097 3694; x_wconf 92' lang='lat' dir='ltr'><strong>in</strong></span> <span class='ocrx_word' id='word_1_189' title='bbox 1115 3638 1214 3710; x_wconf 84' lang='lat' dir='ltr'><strong>clypeo</strong></span> <span class='ocrx_word' id='word_1_190' title='bbox 1233 3639 1382 3709; x_wconf 82' lang='lat' dir='ltr'><strong>gerebant;</strong></span> <span class='ocrx_word' id='word_1_191' title='bbox 1408 3639 1443 3693; x_wconf 86' lang='lat' dir='ltr'><strong>cf.</strong></span> <span class='ocrx_word' id='word_1_192' title='bbox 1462 3636 1617 3692; x_wconf 85' lang='lat' dir='ltr'><strong>Baumeisler</strong></span> 
     </span>
     <span class='ocr_line' id='line_1_32' title="bbox 360 3703 1616 3780; baseline -0.004 -14"><span class='ocrx_word' id='word_1_193' title='bbox 360 3710 478 3766; x_wconf 84' lang='lat' dir='ltr'><strong>Denkm.</strong></span> <span class='ocrx_word' id='word_1_194' title='bbox 493 3709 520 3764; x_wconf 93' lang='lat' dir='ltr'><strong>d.</strong></span> <span class='ocrx_word' id='word_1_195' title='bbox 535 3709 573 3766; x_wconf 89' lang='lat' dir='ltr'><strong>kl.</strong></span> <span class='ocrx_word' id='word_1_196' title='bbox 589 3710 645 3764; x_wconf 87' lang='lat' dir='ltr'><strong>Alt.</strong></span> <span class='ocrx_word' id='word_1_197' title='bbox 660 3728 687 3780; x_wconf 89' lang='lat' dir='ltr'><strong>p.</strong></span> <span class='ocrx_word' id='word_1_198' title='bbox 702 3726 756 3764; x_wconf 81' lang='lat' dir='ltr'><strong>sose</strong></span> <span class='ocrx_word' id='word_1_199' title='bbox 774 3742 808 3750; x_wconf 91' lang='lat'>-</span> <span class='ocrx_word' id='word_1_200' title='bbox 827 3716 870 3766; x_wconf 86' lang='grc'><strong>47.</strong></span> <span class='ocrx_word' id='word_1_201' title='bbox 895 3719 1029 3780; x_wconf 79' lang='grc' dir='ltr'><strong><em>νωμῶντα</em></strong></span> <span class='ocrx_word' id='word_1_202' title='bbox 1049 3711 1203 3780; x_wconf 83' lang='grc' dir='ltr'><strong><em>δράκοντα,</em></strong></span> <span class='ocrx_word' id='word_1_203' title='bbox 1221 3727 1271 3780; x_wconf 92' lang='lat' dir='ltr'><strong>pro</strong></span> <span class='ocrx_word' id='word_1_204' title='bbox 1291 3719 1426 3780; x_wconf 82' lang='grc' dir='ltr'><strong><em>νωμῶντα</em></strong></span> <span class='ocrx_word' id='word_1_205' title='bbox 1444 3707 1548 3764; x_wconf 78' lang='grc' dir='ltr'><strong><em>ἀσπίδα</em></strong></span> <span class='ocrx_word' id='word_1_206' title='bbox 1563 3703 1616 3772; x_wconf 78' lang='grc' dir='ltr'><strong><em>δρί-</em></strong></span> 
     </span>
     <span class='ocr_line' id='line_1_33' title="bbox 361 3778 1616 3852; baseline -0.006 -15"><span class='ocrx_word' id='word_1_207' title='bbox 361 3802 448 3837; x_wconf 85' lang='grc' dir='ltr'><strong><em>κοντα</em></strong></span> <span class='ocrx_word' id='word_1_208' title='bbox 468 3778 602 3850; x_wconf 79' lang='grc' dir='ltr'><strong><em>ἐπίσημον</em></strong></span> <span class='ocrx_word' id='word_1_209' title='bbox 622 3780 753 3851; x_wconf 84' lang='grc' dir='ltr'><strong><em>ἔχουσαν·</em></strong></span> <span class='ocrx_word' id='word_1_210' title='bbox 773 3781 803 3834; x_wconf 87' lang='lat' dir='ltr'><strong>cf</strong></span> <span class='ocrx_word' id='word_1_211' title='bbox 823 3782 922 3838; x_wconf 85' lang='lat' dir='ltr'><strong>Aesch.</strong></span> <span class='ocrx_word' id='word_1_212' title='bbox 939 3783 1013 3852; x_wconf 81' lang='lat' dir='ltr'><strong>Sept.</strong></span> <span class='ocrx_word' id='word_1_213' title='bbox 1029 3797 1067 3837; x_wconf 83' lang='grc' dir='ltr'><strong>σου</strong></span> <span class='ocrx_word' id='word_1_214' title='bbox 1086 3781 1200 3837; x_wconf 80' lang='grc' dir='ltr'><strong><em>τοιαῦθ’</em></strong></span> <span class='ocrx_word' id='word_1_215' title='bbox 1223 3783 1237 3836; x_wconf 88' lang='grc' dir='ltr'><strong><em>δ</em></strong></span> <span class='ocrx_word' id='word_1_216' title='bbox 1261 3783 1360 3850; x_wconf 86' lang='grc' dir='ltr'><strong><em>μάντις</em></strong></span> <span class='ocrx_word' id='word_1_217' title='bbox 1382 3779 1481 3836; x_wconf 85' lang='grc' dir='ltr'><strong><em>ἀσπίδ’</em></strong></span> <span class='ocrx_word' id='word_1_218' title='bbox 1504 3781 1616 3836; x_wconf 76' lang='grc' dir='ltr'><strong><em>εὔκυκλον</em></strong></span> 
     </span>
     <span class='ocr_line' id='line_1_34' title="bbox 362 3848 1615 3927; baseline -0.004 -18"><span class='ocrx_word' id='word_1_219' title='bbox 362 3851 455 3924; x_wconf 83' lang='grc' dir='ltr'><strong><em>νέμων</em></strong></span> <span class='ocrx_word' id='word_1_220' title='bbox 468 3885 503 3893; x_wconf 83' lang='grc'><strong>-</strong></span> <span class='ocrx_word' id='word_1_221' title='bbox 522 3859 564 3908; x_wconf 79' lang='lat'><strong>60.</strong></span> <span class='ocrx_word' id='word_1_222' title='bbox 585 3851 695 3922; x_wconf 80' lang='grc' dir='ltr'><strong><em>ὄρνιχος</em></strong></span> <span class='ocrx_word' id='word_1_223' title='bbox 713 3850 835 3927; x_wconf 83' lang='grc' dir='ltr'><strong><em>ἀγγελίᾳ,</em></strong></span> <span class='ocrx_word' id='word_1_224' title='bbox 855 3853 922 3922; x_wconf 90' lang='lat' dir='ltr'><strong>quia</strong></span> <span class='ocrx_word' id='word_1_225' title='bbox 942 3871 1007 3908; x_wconf 87' lang='lat' dir='ltr'><strong>aves</strong></span> <span class='ocrx_word' id='word_1_226' title='bbox 1026 3852 1175 3924; x_wconf 80' lang='lat' dir='ltr'><strong>augurales</strong></span> <span class='ocrx_word' id='word_1_227' title='bbox 1193 3853 1310 3907; x_wconf 88' lang='lat' dir='ltr'><strong>nuntiae</strong></span> <span class='ocrx_word' id='word_1_228' title='bbox 1329 3853 1445 3907; x_wconf 88' lang='lat' dir='ltr'><strong>deorum</strong></span> <span class='ocrx_word' id='word_1_229' title='bbox 1464 3869 1524 3908; x_wconf 86' lang='lat' dir='ltr'><strong>esse</strong></span> <span class='ocrx_word' id='word_1_230' title='bbox 1541 3848 1615 3906; x_wconf 79' lang='lat' dir='ltr'><strong>crede·</strong></span> 
     </span>
     <span class='ocr_line' id='line_1_35' title="bbox 359 3922 1615 3995; baseline -0.005 -16"><span class='ocrx_word' id='word_1_231' title='bbox 359 3926 477 3991; x_wconf 89' lang='lat' dir='ltr'><strong>bantur;</strong></span> <span class='ocrx_word' id='word_1_232' title='bbox 496 3924 530 3980; x_wconf 87' lang='lat' dir='ltr'><strong>cf.</strong></span> <span class='ocrx_word' id='word_1_233' title='bbox 545 3924 626 3978; x_wconf 92' lang='lat' dir='ltr'><strong>Hom.</strong></span> <span class='ocrx_word' id='word_1_234' title='bbox 640 3923 672 3978; x_wconf 91' lang='lat' dir='ltr'><strong>Il.</strong></span> <span class='ocrx_word' id='word_1_235' title='bbox 687 3942 751 3978; x_wconf 82' lang='lat' dir='ltr'><strong>mv</strong></span> <span class='ocrx_word' id='word_1_236' title='bbox 765 3941 811 3978; x_wconf 79' lang='lat' dir='ltr'><strong>aaa.</strong></span> <span class='ocrx_word' id='word_1_237' title='bbox 832 3922 884 3979; x_wconf 88' lang='lat' dir='ltr'><strong>Od.</strong></span> <span class='ocrx_word' id='word_1_238' title='bbox 899 3944 935 3978; x_wconf 85' lang='lat' dir='ltr'><strong>xv</strong></span> <span class='ocrx_word' id='word_1_239' title='bbox 948 3943 987 3980; x_wconf 83' lang='lat' dir='ltr'><strong>eae</strong></span> <span class='ocrx_word' id='word_1_240' title='bbox 1002 3957 1035 3966; x_wconf 84' lang='lat'><strong>—-</strong></span> <span class='ocrx_word' id='word_1_241' title='bbox 1051 3933 1092 3980; x_wconf 78' lang='lat'><strong>62.</strong></span> <span class='ocrx_word' id='word_1_242' title='bbox 1112 3924 1213 3980; x_wconf 84' lang='lat' dir='ltr'><strong>schol:</strong></span> <span class='ocrx_word' id='word_1_243' title='bbox 1232 3924 1317 3994; x_wconf 87' lang='grc' dir='ltr'><strong><em>μόνος</em></strong></span> <span class='ocrx_word' id='word_1_244' title='bbox 1330 3924 1384 3995; x_wconf 78' lang='grc' dir='ltr'><strong><em>γὰρ</em></strong></span> <span class='ocrx_word' id='word_1_245' title='bbox 1398 3925 1449 3979; x_wconf 86' lang='grc' dir='ltr'><strong>τὸν</strong></span> <span class='ocrx_word' id='word_1_246' title='bbox 1463 3927 1550 3978; x_wconf 86' lang='grc' dir='ltr'><strong><em>παῖδα</em></strong></span> <span class='ocrx_word' id='word_1_247' title='bbox 1562 3923 1615 3976; x_wconf 86' lang='grc' dir='ltr'><strong><em>ἀπο-</em></strong></span> 
     </span>
     <span class='ocr_line' id='line_1_36' title="bbox 361 3993 1616 4070; baseline -0.006 -18"><span class='ocrx_word' id='word_1_248' title='bbox 361 3996 445 4052; x_wconf 80' lang='grc' dir='ltr'><strong><em>λέσει·</em></strong></span> <span class='ocrx_word' id='word_1_249' title='bbox 466 3996 496 4050; x_wconf 82' lang='grc' dir='ltr'><strong><em>έν</em></strong></span> <span class='ocrx_word' id='word_1_250' title='bbox 514 3994 568 4065; x_wconf 85' lang='grc' dir='ltr'><strong><em>γὰρ</em></strong></span> <span class='ocrx_word' id='word_1_251' title='bbox 586 4003 619 4066; x_wconf 78' lang='grc' dir='ltr'><strong><em>τῇ</em></strong></span> <span class='ocrx_word' id='word_1_252' title='bbox 638 3997 733 4066; x_wconf 81' lang='grc' dir='ltr'><strong><em>πρώτῃ</em></strong></span> <span class='ocrx_word' id='word_1_253' title='bbox 752 3993 882 4070; x_wconf 80' lang='grc' dir='ltr'><strong><em>στρατείᾳ</em></strong></span> <span class='ocrx_word' id='word_1_254' title='bbox 902 3996 928 4050; x_wconf 85' lang='grc' dir='ltr'><strong>οἱ</strong></span> <span class='ocrx_word' id='word_1_255' title='bbox 947 3995 997 4065; x_wconf 80' lang='grc' dir='ltr'><strong>μὲν</strong></span> <span class='ocrx_word' id='word_1_256' title='bbox 1016 3996 1094 4052; x_wconf 86' lang='grc' dir='ltr'><strong><em>ἀλλοι</em></strong></span> <span class='ocrx_word' id='word_1_257' title='bbox 1113 3996 1141 4063; x_wconf 80' lang='grc' dir='ltr'><strong>ἓξ</strong></span> <span class='ocrx_word' id='word_1_258' title='bbox 1161 3998 1308 4066; x_wconf 84' lang='grc' dir='ltr'><strong><em>στρατηγοί</em></strong></span> <span class='ocrx_word' id='word_1_259' title='bbox 1327 3998 1485 4064; x_wconf 78' lang='grc' dir='ltr'><strong><em>ἀπώλοντο,</em></strong></span> <span class='ocrx_word' id='word_1_260' title='bbox 1506 3996 1535 4050; x_wconf 83' lang='grc' dir='ltr'><strong><em>έν</em></strong></span> <span class='ocrx_word' id='word_1_261' title='bbox 1551 3993 1578 4048; x_wconf 72' lang='grc' dir='ltr'><strong>δὲ</strong></span> <span class='ocrx_word' id='word_1_262' title='bbox 1591 3997 1616 4057; x_wconf 70' lang='grc' dir='ltr'><strong><em>τῇ</em></strong></span> 
     </span>
     <span class='ocr_line' id='line_1_37' title="bbox 361 4064 1615 4150; baseline -0.006 -27"><span class='ocrx_word' id='word_1_263' title='bbox 361 4067 487 4142; x_wconf 85' lang='grc' dir='ltr'><strong><em>δευτέρᾳ,</em></strong></span> <span class='ocrx_word' id='word_1_264' title='bbox 505 4066 551 4121; x_wconf 78' lang='grc' dir='ltr'><strong>ὅτε</strong></span> <span class='ocrx_word' id='word_1_265' title='bbox 571 4067 598 4121; x_wconf 78' lang='grc' dir='ltr'><strong>οἱ</strong></span> <span class='ocrx_word' id='word_1_266' title='bbox 614 4064 765 4136; x_wconf 80' lang='grc' dir='ltr'><strong><em>Ἐπίγονοι,</em></strong></span> <span class='ocrx_word' id='word_1_267' title='bbox 784 4065 870 4149; x_wconf 86' lang='grc' dir='ltr'><strong><em>μόνος</em></strong></span> <span class='ocrx_word' id='word_1_268' title='bbox 889 4067 903 4122; x_wconf 86' lang='grc' dir='ltr'><strong><em>ὁ</em></strong></span> <span class='ocrx_word' id='word_1_269' title='bbox 920 4067 1066 4138; x_wconf 80' lang='grc' dir='ltr'><strong><em>Ἀδράστου</em></strong></span> <span class='ocrx_word' id='word_1_270' title='bbox 1085 4077 1152 4132; x_wconf 83' lang='grc' dir='ltr'><strong><em>παῖς</em></strong></span> <span class='ocrx_word' id='word_1_271' title='bbox 1168 4068 1312 4150; x_wconf 74' lang='grc' dir='ltr'><strong><em>Αἰγιαλεὺς</em></strong></span> <span class='ocrx_word' id='word_1_272' title='bbox 1330 4069 1465 4122; x_wconf 84' lang='grc' dir='ltr'><strong><em>ἀπώλετο.</em></strong></span> <span class='ocrx_word' id='word_1_273' title='bbox 1494 4067 1547 4122; x_wconf 84' lang='lat' dir='ltr'><strong>Cur</strong></span> <span class='ocrx_word' id='word_1_274' title='bbox 1560 4065 1615 4117; x_wconf 72' lang='lat' dir='ltr'><strong>hunc</strong></span> 
     </span>
     <span class='ocr_line' id='line_1_38' title="bbox 361 4137 1615 4208; baseline -0.006 -15"><span class='ocrx_word' id='word_1_275' title='bbox 361 4139 472 4194; x_wconf 89' lang='lat' dir='ltr'><strong>tristem</strong></span> <span class='ocrx_word' id='word_1_276' title='bbox 491 4155 586 4193; x_wconf 88' lang='lat' dir='ltr'><strong>casum</strong></span> <span class='ocrx_word' id='word_1_277' title='bbox 605 4137 657 4191; x_wconf 90' lang='lat' dir='ltr'><strong>filii</strong></span> <span class='ocrx_word' id='word_1_278' title='bbox 676 4138 791 4192; x_wconf 82' lang='lat' dir='ltr'><strong>Adrasti</strong></span> <span class='ocrx_word' id='word_1_279' title='bbox 810 4138 948 4193; x_wconf 84' lang='lat' dir='ltr'><strong>Pindarus</strong></span> <span class='ocrx_word' id='word_1_280' title='bbox 967 4141 1234 4208; x_wconf 79' lang='lat' dir='ltr'><strong>commemoraverit,</strong></span> <span class='ocrx_word' id='word_1_281' title='bbox 1254 4139 1402 4193; x_wconf 87' lang='lat' dir='ltr'><strong>obscurum</strong></span> <span class='ocrx_word' id='word_1_282' title='bbox 1422 4141 1473 4192; x_wconf 89' lang='lat' dir='ltr'><strong>est.</strong></span> <span class='ocrx_word' id='word_1_283' title='bbox 1502 4137 1615 4206; x_wconf 82' lang='lat' dir='ltr'><strong>Equidem</strong></span> 
     </span>
     <span class='ocr_line' id='line_1_39' title="bbox 363 4207 1616 4281; baseline -0.003 -17"><span class='ocrx_word' id='word_1_284' title='bbox 363 4211 414 4265; x_wconf 85' lang='lat' dir='ltr'><strong>hus</strong></span> <span class='ocrx_word' id='word_1_285' title='bbox 432 4227 477 4264; x_wconf 90' lang='lat' dir='ltr'><strong>res</strong></span> <span class='ocrx_word' id='word_1_286' title='bbox 496 4209 660 4265; x_wconf 85' lang='lat' dir='ltr'><strong>coniunctas</strong></span> <span class='ocrx_word' id='word_1_287' title='bbox 679 4226 743 4264; x_wconf 90' lang='lat' dir='ltr'><strong>eum</strong></span> <span class='ocrx_word' id='word_1_288' title='bbox 761 4209 792 4264; x_wconf 92' lang='lat' dir='ltr'><strong>in</strong></span> <span class='ocrx_word' id='word_1_289' title='bbox 810 4209 890 4281; x_wconf 86' lang='lat' dir='ltr'><strong>spico</strong></span> <span class='ocrx_word' id='word_1_290' title='bbox 909 4211 1030 4265; x_wconf 85' lang='lat' dir='ltr'><strong>carmine</strong></span> <span class='ocrx_word' id='word_1_291' title='bbox 1050 4211 1191 4266; x_wconf 85' lang='lat' dir='ltr'><strong>invenisse</strong></span> <span class='ocrx_word' id='word_1_292' title='bbox 1210 4209 1331 4278; x_wconf 87' lang='lat' dir='ltr'><strong>conicio;</strong></span> <span class='ocrx_word' id='word_1_293' title='bbox 1359 4209 1489 4264; x_wconf 87' lang='lat' dir='ltr'><strong>Dissenio</strong></span> <span class='ocrx_word' id='word_1_294' title='bbox 1508 4227 1559 4263; x_wconf 92' lang='lat' dir='ltr'><strong>non</strong></span> <span class='ocrx_word' id='word_1_295' title='bbox 1577 4207 1616 4260; x_wconf 88' lang='lat' dir='ltr'><strong>in·</strong></span> 
     </span>
     <span class='ocr_line' id='line_1_40' title="bbox 360 4279 1614 4354; baseline -0.004 -19"><span class='ocrx_word' id='word_1_296' title='bbox 360 4280 509 4354; x_wconf 86' lang='lat' dir='ltr'><strong>probabile</strong></span> <span class='ocrx_word' id='word_1_297' title='bbox 526 4298 588 4336; x_wconf 87' lang='lat' dir='ltr'><strong>esse</strong></span> <span class='ocrx_word' id='word_1_298' title='bbox 606 4281 756 4336; x_wconf 85' lang='lat' dir='ltr'><strong>videbatur</strong></span> <span class='ocrx_word' id='word_1_299' title='bbox 774 4282 874 4336; x_wconf 88' lang='lat' dir='ltr'><strong>ducem</strong></span> <span class='ocrx_word' id='word_1_300' title='bbox 890 4282 989 4336; x_wconf 87' lang='lat' dir='ltr'><strong>classis</strong></span> <span class='ocrx_word' id='word_1_301' title='bbox 1003 4283 1205 4353; x_wconf 83' lang='lat' dir='ltr'><strong>Aeginetarnm</strong></span> <span class='ocrx_word' id='word_1_302' title='bbox 1219 4281 1358 4352; x_wconf 77' lang='lat' dir='ltr'><strong>inpugna</strong></span> <span class='ocrx_word' id='word_1_303' title='bbox 1373 4281 1411 4334; x_wconf 88' lang='lat' dir='ltr'><strong>ad</strong></span> <span class='ocrx_word' id='word_1_304' title='bbox 1427 4279 1614 4350; x_wconf 80' lang='lat' dir='ltr'><strong>Cecryphaliau</strong></span> 
     </span>
     <span class='ocr_line' id='line_1_41' title="bbox 361 4351 1614 4479; baseline -0.004 -71"><span class='ocrx_word' id='word_1_305' title='bbox 361 4372 377 4408; x_wconf 89' lang='lat' dir='ltr'><strong>e</strong></span> <span class='ocrx_word' id='word_1_306' title='bbox 391 4356 475 4425; x_wconf 82' lang='lat' dir='ltr'><strong>gente</strong></span> <span class='ocrx_word' id='word_1_307' title='bbox 489 4352 691 4422; x_wconf 83' lang='lat' dir='ltr'><strong>Midylidamm</strong></span> <span class='ocrx_word' id='word_1_308' title='bbox 704 4353 791 4407; x_wconf 85' lang='lat' dir='ltr'><strong>fuisse</strong></span> <span class='ocrx_word' id='word_1_309' title='bbox 806 4357 835 4407; x_wconf 89' lang='lat' dir='ltr'><strong>et</strong></span> <span class='ocrx_word' id='word_1_310' title='bbox 848 4354 995 4409; x_wconf 86' lang='lat' dir='ltr'><strong>revertisse</strong></span> <span class='ocrx_word' id='word_1_311' title='bbox 1012 4359 1068 4428; x_wconf 78' lang='grc' dir='ltr'><strong>λαῷ</strong></span> <span class='ocrx_word' id='word_1_312' title='bbox 1088 4356 1139 4410; x_wconf 82' lang='grc' dir='ltr'><strong><em>σὺν</em></strong></span> <span class='ocrx_word' id='word_1_313' title='bbox 1157 4355 1284 4479; x_wconf 61' lang='grc' dir='ltr'><strong><em>ἀβλαᾳλεῐ,</em></strong></span> <span class='ocrx_word' id='word_1_314' title='bbox 1302 4352 1360 4407; x_wconf 92' lang='lat' dir='ltr'><strong>filio</strong></span> <span class='ocrx_word' id='word_1_315' title='bbox 1375 4356 1472 4408; x_wconf 86' lang='lat' dir='ltr'><strong>tamen</strong></span> <span class='ocrx_word' id='word_1_316' title='bbox 1486 4351 1580 4406; x_wconf 83' lang='lat' dir='ltr'><strong>amisso</strong></span> <span class='ocrx_word' id='word_1_317' title='bbox 1592 4376 1614 4386; x_wconf 74' lang='lat'>-</span> 
     </span>
     <span class='ocr_line' id='line_1_42' title="bbox 362 4423 1614 4496; baseline -0.002 -17"><span class='ocrx_word' id='word_1_318' title='bbox 362 4433 404 4481; x_wconf 79' lang='lat'><strong>65.</strong></span> <span class='ocrx_word' id='word_1_319' title='bbox 425 4423 556 4491; x_wconf 70' lang='grc' dir='ltr'><strong><em>Ἄβαντος</em></strong></span> <span class='ocrx_word' id='word_1_320' title='bbox 574 4423 687 4494; x_wconf 83' lang='grc' dir='ltr'><strong><em>ἀγυιάς,</em></strong></span> <span class='ocrx_word' id='word_1_321' title='bbox 713 4426 803 4495; x_wconf 82' lang='lat' dir='ltr'><strong>Argos</strong></span> <span class='ocrx_word' id='word_1_322' title='bbox 822 4425 920 4479; x_wconf 87' lang='lat' dir='ltr'><strong>urbem</strong></span> <span class='ocrx_word' id='word_1_323' title='bbox 940 4426 976 4480; x_wconf 88' lang='lat' dir='ltr'><strong>ab</strong></span> <span class='ocrx_word' id='word_1_324' title='bbox 995 4427 1118 4496; x_wconf 87' lang='lat' dir='ltr'><strong>Abante,</strong></span> <span class='ocrx_word' id='word_1_325' title='bbox 1144 4425 1202 4480; x_wconf 90' lang='lat' dir='ltr'><strong>fiho</strong></span> <span class='ocrx_word' id='word_1_326' title='bbox 1244 4424 1325 4494; x_wconf 78' lang='lat' dir='ltr'><strong>yncei</strong></span> <span class='ocrx_word' id='word_1_327' title='bbox 1344 4427 1373 4478; x_wconf 84' lang='lat' dir='ltr'><strong>et</strong></span> <span class='ocrx_word' id='word_1_328' title='bbox 1394 4423 1614 4494; x_wconf 78' lang='lat' dir='ltr'><strong>Hypermnestraa</strong></span> 
     </span>
     <span class='ocr_line' id='line_1_43' title="bbox 362 4494 1614 4567; baseline -0.002 -17"><span class='ocrx_word' id='word_1_329' title='bbox 362 4497 584 4563; x_wconf 67' lang='lat' dir='ltr'><strong>denominatam</strong></span> <span class='ocrx_word' id='word_1_330' title='bbox 604 4497 638 4551; x_wconf 87' lang='lat' dir='ltr'><strong>cf.</strong></span> <span class='ocrx_word' id='word_1_331' title='bbox 652 4496 726 4551; x_wconf 90' lang='lat' dir='ltr'><strong>Prol.</strong></span> <span class='ocrx_word' id='word_1_332' title='bbox 742 4515 804 4549; x_wconf 84' lang='lat' dir='ltr'><strong>cm</strong></span> <span class='ocrx_word' id='word_1_333' title='bbox 823 4528 856 4536; x_wconf 95' lang='lat'>-</span> <span class='ocrx_word' id='word_1_334' title='bbox 876 4502 918 4551; x_wconf 81' lang='lat'><strong>56.</strong></span> <span class='ocrx_word' id='word_1_335' title='bbox 944 4499 992 4551; x_wconf 84' lang='grc' dir='ltr'><strong>καί</strong></span> <span class='ocrx_word' id='word_1_336' title='bbox 1018 4496 1112 4560; x_wconf 75' lang='grc' dir='ltr'><strong><em>αὐτός·</em></strong></span> <span class='ocrx_word' id='word_1_337' title='bbox 1137 4500 1224 4567; x_wconf 90' lang='lat' dir='ltr'><strong>poeta</strong></span> <span class='ocrx_word' id='word_1_338' title='bbox 1241 4511 1315 4550; x_wconf 86' lang='lat' dir='ltr'><strong>nune</strong></span> <span class='ocrx_word' id='word_1_339' title='bbox 1334 4495 1408 4566; x_wconf 88' lang='lat' dir='ltr'><strong>ipse,</strong></span> <span class='ocrx_word' id='word_1_340' title='bbox 1433 4499 1467 4549; x_wconf 92' lang='lat' dir='ltr'><strong>ut</strong></span> <span class='ocrx_word' id='word_1_341' title='bbox 1487 4495 1550 4549; x_wconf 91' lang='lat' dir='ltr'><strong>olim</strong></span> <span class='ocrx_word' id='word_1_342' title='bbox 1567 4494 1614 4546; x_wconf 83' lang='lat' dir='ltr'><strong>Am·</strong></span> 
     </span>
     <span class='ocr_line' id='line_1_44' title="bbox 361 4561 1614 4638; baseline -0.004 -18"><span class='ocrx_word' id='word_1_343' title='bbox 361 4567 496 4638; x_wconf 89' lang='lat' dir='ltr'><strong>phiaraus</strong></span> <span class='ocrx_word' id='word_1_344' title='bbox 514 4598 550 4607; x_wconf 90' lang='lat'><em>-</em></span> <span class='ocrx_word' id='word_1_345' title='bbox 568 4573 611 4621; x_wconf 78' lang='lat'><strong>57.</strong></span> <span class='ocrx_word' id='word_1_346' title='bbox 634 4565 782 4637; x_wconf 79' lang='grc' dir='ltr'><strong><em>Ἀλκμᾶνα·</em></strong></span> <span class='ocrx_word' id='word_1_347' title='bbox 803 4568 836 4622; x_wconf 89' lang='lat' dir='ltr'><strong>de</strong></span> <span class='ocrx_word' id='word_1_348' title='bbox 857 4567 1025 4622; x_wconf 82' lang='lat' dir='ltr'><strong>Alcmaeone</strong></span> <span class='ocrx_word' id='word_1_349' title='bbox 1043 4569 1138 4624; x_wconf 81' lang='lat' dir='ltr'><strong>fausta</strong></span> <span class='ocrx_word' id='word_1_350' title='bbox 1156 4567 1358 4622; x_wconf 83' lang='lat' dir='ltr'><strong>vaticinantem</strong></span> <span class='ocrx_word' id='word_1_351' title='bbox 1376 4565 1573 4638; x_wconf 86' lang='lat' dir='ltr'><strong>Amphiaraum</strong></span> <span class='ocrx_word' id='word_1_352' title='bbox 1587 4561 1614 4616; x_wconf 84' lang='lat' dir='ltr'><strong>le·</strong></span> 
     </span>
     <span class='ocr_line' id='line_1_45' title="bbox 362 4637 1613 4709; baseline -0.005 -16"><span class='ocrx_word' id='word_1_353' title='bbox 362 4639 433 4693; x_wconf 91' lang='lat' dir='ltr'><strong>cisse</strong></span> <span class='ocrx_word' id='word_1_354' title='bbox 447 4640 533 4709; x_wconf 87' lang='lat' dir='ltr'><strong>poeta</strong></span> <span class='ocrx_word' id='word_1_355' title='bbox 546 4638 666 4708; x_wconf 86' lang='lat' dir='ltr'><strong>videtur,</strong></span> <span class='ocrx_word' id='word_1_356' title='bbox 681 4639 757 4706; x_wconf 90' lang='lat' dir='ltr'><strong>quod</strong></span> <span class='ocrx_word' id='word_1_357' title='bbox 771 4637 820 4693; x_wconf 89' lang='lat' dir='ltr'><strong>ille</strong></span> <span class='ocrx_word' id='word_1_358' title='bbox 835 4639 869 4694; x_wconf 90' lang='lat' dir='ltr'><strong>de</strong></span> <span class='ocrx_word' id='word_1_359' title='bbox 883 4639 960 4694; x_wconf 86' lang='lat' dir='ltr'><strong>exitu</strong></span> <span class='ocrx_word' id='word_1_360' title='bbox 975 4641 1136 4695; x_wconf 84' lang='lat' dir='ltr'><strong>certaminis</strong></span> <span class='ocrx_word' id='word_1_361' title='bbox 1151 4641 1187 4695; x_wconf 87' lang='lat' dir='ltr'><strong>ab</strong></span> <span class='ocrx_word' id='word_1_362' title='bbox 1201 4638 1378 4694; x_wconf 86' lang='lat' dir='ltr'><strong>Aristomene</strong></span> <span class='ocrx_word' id='word_1_363' title='bbox 1392 4637 1509 4692; x_wconf 89' lang='lat' dir='ltr'><strong>ineundi</strong></span> <span class='ocrx_word' id='word_1_364' title='bbox 1522 4655 1549 4692; x_wconf 89' lang='lat' dir='ltr'><strong>ro</strong></span> <span class='ocrx_word' id='word_1_365' title='bbox 1582 4637 1613 4687; x_wconf 81' lang='lat' dir='ltr'><strong>lus</strong></span> 
     </span>
     <span class='ocr_line' id='line_1_46' title="bbox 362 4653 1613 4782; baseline -0.006 -19"><span class='ocrx_word' id='word_1_366' title='bbox 362 4711 457 4763; x_wconf 83' lang='lat' dir='ltr'><strong>fausta</strong></span> <span class='ocrx_word' id='word_1_367' title='bbox 475 4709 649 4764; x_wconf 88' lang='lat' dir='ltr'><strong>vaticinatus</strong></span> <span class='ocrx_word' id='word_1_368' title='bbox 668 4713 735 4764; x_wconf 87' lang='lat' dir='ltr'><strong>erat.</strong></span> <span class='ocrx_word' id='word_1_369' title='bbox 764 4710 836 4765; x_wconf 90' lang='lat' dir='ltr'><strong>Miro</strong></span> <span class='ocrx_word' id='word_1_370' title='bbox 855 4712 930 4765; x_wconf 87' lang='lat' dir='ltr'><strong>enim</strong></span> <span class='ocrx_word' id='word_1_371' title='bbox 948 4711 1153 4782; x_wconf 81' lang='lat' dir='ltr'><strong>interpretandi</strong></span> <span class='ocrx_word' id='word_1_372' title='bbox 1171 4711 1298 4765; x_wconf 86' lang='lat' dir='ltr'><strong>acumine</strong></span> <span class='ocrx_word' id='word_1_373' title='bbox 1313 4711 1396 4779; x_wconf 89' lang='lat' dir='ltr'><strong>Leop.</strong></span> <span class='ocrx_word' id='word_1_374' title='bbox 1412 4709 1538 4764; x_wconf 83' lang='lat' dir='ltr'><strong>Schmidt</strong></span> <span class='ocrx_word' id='word_1_375' title='bbox 1550 4653 1613 4760; x_wconf 69' lang='lat' dir='ltr'><strong>llud.</strong></span> 
     </span>
     <span class='ocr_line' id='line_1_47' title="bbox 363 4779 1614 4851; baseline -0.003 -17"><span class='ocrx_word' id='word_1_376' title='bbox 363 4781 429 4835; x_wconf 88' lang='lat' dir='ltr'><strong>Leb.</strong></span> <span class='ocrx_word' id='word_1_377' title='bbox 443 4799 483 4836; x_wconf 78' lang='lat' dir='ltr'><strong>soe</strong></span> <span class='ocrx_word' id='word_1_378' title='bbox 496 4784 610 4850; x_wconf 87' lang='lat' dir='ltr'><strong>poetam</strong></span> <span class='ocrx_word' id='word_1_379' title='bbox 630 4781 848 4836; x_wconf 89' lang='lat' dir='ltr'><strong>comminiscitur</strong></span> <span class='ocrx_word' id='word_1_380' title='bbox 864 4783 914 4836; x_wconf 86' lang='lat' dir='ltr'><strong>sub</strong></span> <span class='ocrx_word' id='word_1_381' title='bbox 930 4783 1107 4838; x_wconf 86' lang='lat' dir='ltr'><strong>Alcmaeouis</strong></span> <span class='ocrx_word' id='word_1_382' title='bbox 1122 4783 1233 4837; x_wconf 87' lang='lat' dir='ltr'><strong>nomine</strong></span> <span class='ocrx_word' id='word_1_383' title='bbox 1250 4799 1329 4835; x_wconf 86' lang='lat' dir='ltr'><strong>auum</strong></span> <span class='ocrx_word' id='word_1_384' title='bbox 1349 4780 1438 4851; x_wconf 82' lang='lat' dir='ltr'><strong>ipsius</strong></span> <span class='ocrx_word' id='word_1_385' title='bbox 1458 4779 1543 4834; x_wconf 85' lang='lat' dir='ltr'><strong>filium</strong></span> <span class='ocrx_word' id='word_1_386' title='bbox 1558 4779 1614 4832; x_wconf 76' lang='lat' dir='ltr'><strong>inter</strong></span> 
     </span>
    </p>
   </div>
   <div class='ocr_carea' id='block_1_8' title="bbox 0 0 1725 5434">
    <p class='ocr_par' dir='ltr' id='par_1_8' title="bbox 0 0 1725 5434">
     <span class='ocr_line' id='line_1_48' title="bbox 0 0 1725 5434; baseline 0 0"><span class='ocrx_word' id='word_1_387' title='bbox 0 0 1725 5434; x_wconf 95' lang='lat' dir='ltr'><strong> </strong></span> 
     </span>
    </p>
   </div>
  </div>
 </body>
</html>
