3417 5434
473 319 508 371 11.
536 318 586 368 DE
605 317 700 370 ARTE
717 319 877 370 ME'I'RIGA
895 318 1052 371 PINDARI.
1351 316 1403 370 XV

112 501 270 544 versuum
300 480 441 564 speciem
468 501 584 564 parum
613 484 740 566 gratam
764 479 850 544 effici
872 479 1117 565 cognovissent,
1147 479 1302 546 continua
1324 481 1402 545 scri·

113 591 228 670 ptura,
248 591 418 670 tamquam
437 587 546 651 soluta
565 587 712 652 oratione
727 587 911 673 composita
924 592 1046 670 essent,
1064 609 1196 653 exarare
1210 587 1369 652 solebant.
1376 584 1402 674 ¹)

113 692 207 758 luter
231 693 472 758 Alexandrinos
492 694 723 780 grammaticos
742 693 981 779 Aristophanes
999 694 1178 779 Byzantius
1196 694 1321 780 primus
1339 693 1404 758 edi·

112 799 224 864 tiones
253 800 432 886 lyricorum
460 805 492 866 et
520 801 709 866 melicorum
735 806 908 887 poetarum
930 823 1063 886 parasse
1085 801 1263 915 fertumgn
1285 799 1403 884 quibus

112 907 273 991 strophae
305 907 340 972 in
372 929 433 973 sua
464 930 610 993 quaeque
641 909 713 974 oola
740 908 914 992 discriptae
944 908 1188 995 exhiberentur,
1216 904 1302 993 quod
1329 931 1403 974 cum

114 1011 298 1099 Dionysius
317 1013 649 1103 Halicamassensis2)
672 1016 721 1080 ita
742 1020 904 1101 narasset,
927 1019 966 1079 ut
988 1015 1104 1081 melica
1126 1014 1271 1080 carmina
1295 1016 1404 1080 omnia

114 1120 158 1184 ab
181 1120 405 1207 Aristophane
428 1123 495 1187 sive
519 1123 583 1188 alio
607 1123 747 1208 quodam
765 1123 901 1188 metrico
919 1122 955 1186 in
973 1122 1046 1188 cola
1064 1123 1168 1188 divisa
1186 1144 1256 1188 esse
1275 1122 1405 1207 diceret,

116 1227 264 1293 Thomas
288 1227 480 1317 Magister³)
508 1229 549 1293 ad
570 1229 704 1295 Pindari
732 1230 877 1296 earmina
898 1229 971 1315 ipsa
993 1229 1134 1314 rettulit,
1162 1229 1229 1295 sive
1252 1229 1403 1314 Dionysii

115 1333 227 1400 locum
246 1335 340 1400 illum
359 1340 393 1400 et
410 1341 558 1401 veterum
577 1337 776 1402 scholiorum
793 1336 919 1402 incerta
938 1333 1159 1423 testimonia⁴)
1174 1336 1215 1400 ad
1228 1335 1404 1401 Pindarum

114 1443 307 1508 coniectura
334 1442 480 1528 trahens,
509 1443 576 1508 sive
604 1444 704 1508 alium
732 1448 898 1508 auctorem
926 1465 1013 1508 nunc
1035 1443 1238 1526 deperditum
1262 1448 1403 1508 secutus.

115 1547 207 1624 Quae
236 1554 346 1615 autem
374 1551 445 1615 cola
467 1549 704 1635 Aristophanes
732 1550 766 1615 in
794 1573 853 1615 sua
877 1549 1018 1615 editione
1042 1549 1335 1635 discriminaverat,
1363 1573 1403 1615 ea

115 1661 287 1742 tamquam
306 1680 326 1721 a
342 1661 441 1742 poeta
457 1657 531 1742 ipso
550 1656 696 1743 profecta
714 1659 836 1742 essent,
853 1655 978 1720 intacta
996 1655 1062 1720 fere
1080 1660 1276 1740 posteriores
1296 1678 1402 1743 gram-

116 1763 234 1828 matici
266 1767 299 1828 et
332 1763 459 1830 metrici
491 1785 636 1828 servasse
667 1763 825 1828 videntur.
872 1760 957 1826 Sunt
989 1762 1119 1847 quidem
1149 1763 1299 1828 nonnulli
1328 1764 1403 1849 loci,

115 1870 238 1953 quibus
252 1871 483 1954 grammaticos
497 1870 620 1936 leviora
634 1874 760 1936 mutare
774 1873 807 1934 et
821 1868 901 1934 duos
916 1869 1092 1935 versiculos
1105 1870 1141 1934 in
1154 1891 1255 1934 unum
1269 1871 1403 1956 amplio

115 1998 188 2042 rem
216 1999 348 2042 versum
374 1976 566 2043 contrahere
590 1999 686 2042 ausos
710 1999 780 2041 esse
803 1974 929 2040 scholia
951 1980 1115 2042 testantur
1137 1974 1193 2064 (ad
1216 1976 1309 2042 O.1x
1331 1981 1402 2044 125.

120 2085 194 2148 134.
217 2101 243 2148 x
260 2083 333 2171 24),
364 2106 469 2170 neque
501 2086 592 2150 deest
624 2083 780 2148 disertum
813 2083 1038 2148 testimonium
1070 2082 1286 2173 austerum),
1318 2087 1402 2151 unde

113 2211 290 2256 numerum
313 2213 465 2256 versuum
484 2189 637 2280 (στίχων)
658 2191 736 2256 olim
755 2189 923 2274 aliquanto
943 2191 1102 2257 minorem
1119 2191 1220 2256 fuisse
1240 2191 1402 2258 discimus.

115 2295 181 2360 Sed
200 2301 238 2361 ut
251 2298 449 2362 recentiores
465 2298 697 2384 grammaticos
710 2296 746 2362 in
761 2296 981 2380 dispescendis
995 2299 1143 2363 versibus
1158 2298 1256 2363 etiam
1271 2298 1401 2384 longius

114 2425 216 2487 quam
243 2403 499 2490 Aristophanem
525 2425 717 2490 progressos
745 2425 815 2468 esse
844 2402 1036 2488 largiamur,
1063 2409 1174 2469 tamen
1199 2403 1266 2469 iam
1292 2404 1403 2470 Helio-

113 2511 216 2575 dorus
248 2512 418 2598 metrieus,
448 2513 505 2596 qui
536 2510 642 2596 primo
676 2508 805 2574 saeculo
837 2514 915 2594 post
947 2509 1020 2574 Chr.
1048 2533 1078 2574 n.
1112 2510 1237 2594 floruit,
1269 2509 1402 2576 Pindari

114 2617 271 2702 strophas
293 2617 329 2682 in
347 2619 420 2684 cola
437 2618 588 2684 similiter
607 2623 704 2703 atque
722 2617 758 2681 in
776 2611 942 2682 codicibus
960 2616 1083 2680 nostris
1102 2617 1224 2682 factum
1243 2617 1401 2703 uidemus,

114 2723 237 2790 divisas
256 2725 384 2790 invenit
402 2730 435 2791 et
453 2725 537 2791 falsa
555 2725 746 2791 colometria
764 2746 898 2789 suorum
915 2724 1075 2789 librorum
1092 2724 1128 2788 in
1146 2727 1259 2809 turpes
1275 2747 1400 2790 errores

114 2853 151 2895 se
178 2832 290 2898 induci
317 2855 433 2918 passus
463 2837 527 2918 est,
553 2833 586 2897 id
615 2833 702 2916 quod
729 2854 768 2896 ex
795 2831 850 2913 iis,
879 2853 961 2916 quae
984 2829 1184 2916 Priscianus,
1211 2830 1261 2896 De
1287 2833 1400 2898 metris

115 2937 262 3003 Terentii
284 2964 316 3024 p.
334 2943 398 3005 427
420 2939 459 3004 K.
466 2991 475 3024 ,
503 2941 542 3005 de
570 2939 667 3025 nugis
694 2939 790 3003 istius
820 2936 1024 3024 grammatici
1052 2939 1227 3003 memoriae
1248 2939 1402 3026 prodidit,

114 3043 243 3110 affatim
263 3051 406 3131 apparet.
439 3045 510 3122 Quo
530 3044 654 3110 accedit
670 3045 756 3130 quod
769 3067 912 3130 papyrus
928 3044 1187 3130 antiquissimus,
1207 3046 1260 3111 cui
1273 3047 1311 3111 fr.
1322 3047 1400 3114 2813

115 3152 287 3237 debemus,
315 3153 459 3218 carmina
487 3151 638 3217 similiter
665 3155 763 3237 atque
790 3151 825 3216 in
852 3151 974 3216 nostris
1002 3151 1168 3216 codicibus
1195 3152 1401 3240 factumest,

113 3258 150 3321 in
173 3259 296 3344 pusilla
318 3258 390 3324 cola
412 3259 516 3324 divisa
538 3259 680 3323 exhibet.
722 3257 962 3344 Aristophanes
986 3262 1095 3324 autem
1118 3257 1186 3344 ille,
1209 3261 1304 3324 utin
1326 3260 1399 3326 aliis

113 3365 268 3449 partibus
292 3359 534 3451 grammaticae¹
548 3369 680 3431 acutum
702 3364 843 3429 iudicem
866 3370 899 3429 et
918 3364 1108 3450 diligentem
1124 3371 1400 3450 perscrutatorem

115 3494 152 3538 se
179 3471 363 3558 praestitit,
388 3473 436 3536 ita
459 3471 670 3538 difficillimae
692 3471 768 3536 huic
791 3471 976 3557 prouinciae
1000 3477 1105 3536 metra
1126 3471 1300 3540 Pindarica
1321 3475 1400 3540 divi·

115 3579 212 3644 dendi
240 3578 336 3664 plane
361 3579 468 3664 impar
490 3579 562 3644 fuit.
609 3578 715 3654 Quid?
742 3579 827 3664 quod
852 3579 943 3665 gravi
965 3578 1021 3643 ille
1044 3579 1179 3645 crimine
1201 3579 1398 3648 incusandus

205 3847 231 3914 1)
251 3829 422 3898 Confirmata
444 3845 488 3898 est
510 3843 579 3898 haec
604 3842 746 3898 sententia
769 3842 941 3898 carminibus
964 3843 1054 3915 lapidi
1077 3843 1188 3914 incisis,
1211 3849 1244 3900 ut
1261 3847 1341 3916 Isylli
1363 3865 1397 3902 ex

114 3915 253 3986 Epidauri
280 3914 427 3969 ruderibus
454 3915 605 3986 protractis
629 3919 659 3970 et
701 3914 837 3970 aeanibus
863 3914 893 3969 in
916 3915 1082 3970 Atheniensi
1105 3917 1238 3971 thesauro
1261 3918 1397 3988 Delphico

113 4003 203 4058 nuper
217 4004 235 4040 a
249 3986 441 4056 thaneogallis
456 3987 586 4058 repertis,
602 4004 671 4056 quos
709 4003 765 4041 enr.
777 3986 865 4054 weil,
879 3986 953 4041 Bull.
969 3986 1004 4040 de
1018 4004 1137 4058 corresp.
1152 3988 1225 4044 Hell.
1236 4006 1294 4044 nvn
1307 3994 1397 4062 (1894)

114 4067 164 4112 561
186 4057 321 4112 continua
340 4057 478 4128 scriptura
497 4058 565 4112 eolis
584 4075 641 4112 non
660 4057 802 4112 distinctis
822 4061 952 4113 exaratos
971 4075 1031 4112 esse
1051 4059 1179 4114 disertim
1197 4059 1324 4116 tradidit.

205 4135 232 4198 2)
252 4129 294 4183 De
317 4145 407 4200 comp,
431 4130 506 4184 verb.
527 4147 550 4186 o.
564 4149 622 4184 1111
640 4149 666 4200 p.
683 4135 734 4183 812
750 4129 826 4185 Schr
855 4134 930 4184 κῶλα
954 4129 986 4184 δι’
1004 4149 1038 4202 με
1057 4129 1137 4196 δέξαι
1155 4132 1219 4185 vest
1237 4129 1327 4201 λέγειν
1346 4134 1397 4203 οὐχ

114 4199 156 4265 ols-
171 4200 371 4283 Ἀριστοφάνης
390 4199 406 4270 ἢ
425 4210 481 4255 τῶν
500 4201 590 4256 ἄλλον
609 4222 650 4264 τις
669 4199 833 4271 διεκόσμησε
851 4201 903 4263 τὰς
920 4199 1003 4274 ᾠδάς.
1041 4202 1112 4256 cond.
1132 4208 1355 4272 c.1xv1p.429.

203 4277 232 4342 3)
251 4271 309 4327 vit.
320 4271 414 4327 Pina:
428 4270 615 4342 προτέτακται
629 4271 678 4328 ὑπ’
689 4271 903 4343 Ἀριστοφάνους
917 4281 966 4327 τοῦ
981 4275 1170 4338 συντάξαντος
1179 4273 1216 4327 τὰ
1226 4275 1396 4344 Πινδαρικά.

202 4351 231 4414 4)
251 4343 343 4398 Schol
360 4343 397 4398 ad
411 4343 442 4398 Ο.
458 4363 479 4396 n
492 4351 539 4400 48:
559 4345 590 4399 τὸ
609 4349 698 4400 κῶλον
718 4347 819 4398 ἀθετεῖ
832 4342 1042 4414 Ἀριστοφάνης,
1062 4344 1235 4414 περιττεύειν
1253 4345 1307 4416 γὰρ
1326 4345 1397 4401 αὐτό

114 4433 185 4486 φησι
201 4415 274 4485 πρὸς
292 4417 503 4485 ἀντιστρόφους.

203 4494 236 4569 ὁ).
251 4487 308 4541 vit.
325 4485 418 4611 Pinge
434 4485 567 4611 ἔτιέζκιοι
581 4488 654 4570 κατὰ
667 4487 720 4557 τὴν
734 4490 928 4559 στιχομετρίαν
942 4489 1007 4542 ὡσεὶ
1020 4484 1240 4570 τέτραιιισχίζιοι.
1267 4489 1397 4570 (Jolorum

114 4557 979 4713 iiiiildidfflalia?disdiildddailnldlffl
991 4559 1397 4714 baillivilmadiliidit

114 4707 254 4830 ttttt‘}
269 4703 408 4828 etttt
422 4701 1349 4845 ttffitttttbtttnt?atttettttttttatttttm
1366 4721 1396 4758 ¹¹²
