3417 5434
633 1231 787 1286 ΠΤΘΙΟΝ.
807 1231 866 1286 IB'.

389 1395 577 1482 ΜΙΔΑι
615 1395 1112 1530 ΑΚΡΑΓΑΝΤΙΝΩι

197 2917 293 2976 Midas
317 2918 533 2997 Agrigentinus
560 2919 685 2996 Delphis
711 2919 756 2976 bis
784 2919 867 2977 tibiis
895 2917 969 2979 assis
994 2917 1080 2994 vicit,
1110 2917 1198 2994 Pyth.
1219 2919 1261 2975 24
1281 2919 1311 2977 et
1335 2919 1386 2994 25,

103 3027 239 3084 <puerum
258 3008 453 3067 victoriarum
475 3006 605 3084 priorem
626 3009 682 3068 hoc
701 3008 831 3068 carmine
850 3007 1023 3085 praedicari,
1043 3027 1079 3067 ex
1098 3026 1133 3066 eo
1152 3009 1286 3083 apparet,
1306 3007 1386 3084 quod

101 3097 232 3156 alterius
245 3096 390 3156 victoriae
405 3098 490 3156 nulla
504 3097 616 3157 mentio
630 3097 672 3156 fit.
697 3097 810 3167 Quodsi
824 3097 912 3174 Pyth.
925 3099 965 3156 24
977 3123 1019 3144 =
1032 3098 1094 3156 494
1107 3088 1201 3177 (490)
1214 3115 1239 3156 a.
1251 3095 1317 3154 Chr.
1330 3096 1386 3155 hoc

100 3206 225 3246 carmen
245 3186 446 3262 compositum
464 3189 517 3263 est,
536 3186 642 3247 iisdem
660 3186 739 3246 ludis
756 3187 854 3246 Midas
873 3187 955 3244 tibiis
974 3185 1055 3263 vicit,
1076 3185 1185 3262 quibus
1204 3186 1385 3245 Xenocrates

101 3275 326 3355 Agrigentinus
350 3295 441 3335 curm
462 3276 621 3336 victoriam
643 3276 760 3353 peperit
783 3285 823 3356 lv.
843 3276 876 3334 P.
895 3269 950 3353 vr).

198 3364 378 3441 Principalis
404 3383 475 3441 pars
502 3365 642 3425 carminis
668 3367 807 3425 versatur
829 3365 861 3422 in
883 3365 988 3424 fabula
1011 3365 1161 3423 narranda
1183 3365 1218 3424 dc
1242 3363 1386 3424 tibiarum

104 3456 202 3514 cantu
229 3456 261 3513 et
285 3454 463 3531 polycepalo
496 3474 585 3516 nomo
613 3475 632 3514 a
659 3456 715 3514 dea
746 3454 881 3514 Minerva
905 3473 1041 3514 sororum
1069 3453 1216 3532 Gorgonis
1244 3454 1386 3533 lugubres

104 3545 248 3621 planctus
273 3543 411 3602 imitante
435 3543 570 3619 invent03
597 3545 670 3604 haec
698 3546 800 3603 autern
827 3545 933 3602 fabula
961 3564 1028 3603 cum
1056 3543 1160 3602 fabula
1188 3544 1223 3602 de
1248 3543 1385 3621 Gorgone

108 3653 130 3692 a
147 3633 265 3709 Perseo,
287 3631 349 3693 iilic
373 3632 505 3711 Danaae,
528 3633 686 3693 interfecta
709 3637 789 3693 arcte
813 3633 973 3692 coniuncta
992 3636 1037 3692 est
1055 3625 1181 3714 (7—27).
1218 3632 1386 3692 Praemisso

108 3726 156 3781 est
179 3721 324 3798 prooemii
347 3722 412 3782 loco
435 3722 534 3782 brevis
556 3723 706 3783 invocatio
730 3723 802 3783 deae
824 3727 970 3799 patronae
988 3722 1071 3781 urbis
1090 3721 1258 3800 Agrigenti,
1276 3724 1313 3779 ut
1332 3722 1385 3779 Mi-

108 3813 180 3872 dam
201 3811 345 3870 vietorem
367 3812 500 3889 propitia
523 3813 671 3889 acciperet
689 3803 802 3894 (1-6);
826 3811 960 3871 subiecta
983 3811 1078 3871 instar
1101 3811 1212 3888 epilogi
1232 3813 1277 3869 est
1295 3831 1384 3888 gene-

106 3901 182 3960 ralis
214 3901 362 3960 sententia
394 3901 430 3960 de
461 3901 616 3960 hominum
647 3901 792 3961 felicitate
824 3919 991 3978 numquam
1023 3901 1085 3960 sine
1117 3900 1218 3958 labore
1250 3899 1385 3975 paranda

109 3981 254 4070 (ae-32).
300 3989 364 4049 Hoc
397 3993 498 4049 autern
530 3990 627 4049 Midas
659 4011 779 4067 quoque
810 3991 841 4048 in
872 3989 1032 4050 certamine
1067 3989 1211 4066 Delphico
1246 3991 1385 4065 expertus

108 4097 173 4139 esse
190 4078 352 4156 ferebatur,
376 4080 519 4156 qnoniam
542 4081 647 4159 lingna
671 4081 854 4140 calamorum
877 4079 957 4138 inter
979 4079 1145 4138 canendum
1168 4078 1195 4136 ei
1218 4081 1309 4153 rupta
1331 4082 1384 4155 est,

110 4188 172 4246 qna
200 4171 302 4226 tamen
332 4171 423 4245 rupta
453 4169 529 4228 nihil
557 4170 753 4230 conturbatus
785 4169 909 4228 calamis
940 4169 978 4227 ad
1008 4169 1130 4227 modurn
1160 4166 1279 4226 fistulae
1312 4186 1384 4226 usus

109 4258 213 4318 modos
236 4257 375 4317 carminis
399 4259 437 4318 ad
460 4258 549 4318 finem
571 4259 702 4318 deduxit.

197 4346 345 4406 Fabulam
369 4348 405 4408 de
424 4348 561 4427 Gorgone
581 4368 599 4406 a
617 4349 724 4408 Perseo
743 4348 901 4408 interfecta
923 4346 1071 4406 Pindarus
1090 4367 1125 4406 ex
1144 4345 1267 4406 Hesiodi
1286 4347 1384 4425 theog.

107 4445 229 4497 alc-81
254 4439 285 4495 et
308 4437 437 4497 carmine
460 4436 563 4514 aliquo
587 4439 683 4515 epioo,
710 4439 837 4497 fortasse
860 4436 1028 4496 Phoronide
1052 4437 1099 4495 vel
1123 4435 1272 4512 Danaide,
1300 4455 1384 4511 repe-

107 4527 190 4603 tivit,
221 4544 281 4602 qno
311 4545 347 4585 ex
376 4527 471 4586 altero
501 4527 629 4586 carmine
657 4528 777 4603 plenam
799 4527 1002 4585 narrationem
1026 4525 1115 4584 huius
1138 4525 1236 4600 mythi
1259 4525 1383 4601 Apollo·

108 4617 283 4677 dorns1137
299 4616 451 4693 excerpsit.
479 4617 626 4676 Fabulam
641 4617 760 4693 qualem
772 4616 922 4675 Pindarus
937 4615 1099 4692 exornavit,
1114 4614 1236 4691 respicit
1255 4615 1381 4674 Nonnus

107 4707 232 4782 Dionys.
251 4723 290 4763 xa
309 4716 360 4764 227
380 4724 430 4781 ss.;
457 4706 603 4784 Gorgonis
625 4709 837 4782 praeterquam
862 4707 918 4766 hoc
941 4706 1005 4764 loco
1029 4704 1177 4764 Pindarus
1199 4704 1382 4764 mentionem

106 4795 178 4856 iecit
201 4793 236 4854 0.
255 4811 312 4852 xm
333 4805 368 4854 63
391 4799 422 4854 et
443 4795 476 4853 P.
500 4815 519 4854 x
543 4806 577 4854 4⁶
596 4813 633 4854 ss.
658 4828 701 4836 —
723 4795 879 4855 Tibiarnm
906 4815 996 4855 usum
1023 4795 1053 4853 in
1081 4793 1160 4854 ludis
1188 4793 1322 4871 Pythicis
1350 4798 1381 4854 et
