3417 5434
806 318 956 368 PlNDARI
975 317 1139 369 EPINICIA.

544 483 581 545 τὸ
605 483 694 563 τεόν,
716 481 865 563 ποταμόν
888 502 923 542 τε
938 477 1077 561 Ὦανον,
1101 476 1152 559 ἔγ-

589 590 714 672 χωρίαν
737 610 771 650 τε
795 589 932 669 λίμναν,

1245 745 1331 811 Ἀντ.
1354 745 1400 830 β’.

545 833 600 901 καὶ
623 838 765 920 σεμνοὺς
788 835 936 919 ὀχετούς,

581 941 733 1028 Ἵππαρις
756 935 844 1007 οἷσιν
868 943 960 1025 άρδει
984 945 1141 1027 στρατόν,

545 1056 647 1138 κολλᾷ
671 1073 705 1114 τε
728 1051 873 1114 σταδίων
896 1050 1059 1134 θαλάμων
1081 1047 1204 1132 ταχέως
1418 1065 1452 1111 ao

588 1157 749 1240 ὑψίγυιον
773 1158 887 1240 άλσος,

546 1263 603 1332 ὑπ’
629 1264 812 1349 ἀμαχανίας
834 1265 926 1345 άγων
950 1263 983 1338 ἔς
1004 1263 1091 1346 φάος

591 1373 688 1438 τόνδε
711 1372 817 1455 δᾶμον
841 1369 973 1455 ἀστῶν,Ι

1256 1530 1332 1596 'Era
1354 1531 1400 1616 β’.

547 1638 611 1705 αίεδ
635 1637 665 1703 δ’
694 1637 773 1722 ἀμφ’
802 1637 950 1723 ἀρεταῖσι
973 1639 1075 1714 πόνος
1099 1636 1230 1701 δαπάνα
1253 1660 1288 1702 τε

591 1746 755 1832 μάρναται
778 1747 861 1830 πρὸς
884 1747 982 1828 ἔργον
1420 1763 1454 1810 35

546 1854 694 1940 κινδύνῳ
718 1849 976 1936 κεκαλυμμένον·
1001 1851 1043 1934 ἠὺ
1068 1849 1097 1914 δ’
1126 1853 1218 1935 ἔχον-

591 1984 644 2037 τες
666 1957 766 2044 σοφοὶ
789 1957 844 2023 καὶ
867 1961 960 2023 πολί-

593 2091 665 2143 ταις
692 2065 809 2144 ἔδοξαν
833 2069 942 2149 ἔμμεν.

1253 2233 1333 2310 Στρ.
1358 2226 1401 2309 γ’.

549 2317 670 2401 Σωτὴρ
693 2313 853 2400 ὑψινεφὲς

596 2429 675 2510 Ζεῦ,
698 2425 846 2509 Κρόνιόν
870 2447 904 2487 τε
926 2426 1032 2487 ναίων
1055 2426 1162 2506 λόφον
1420 2440 1455 2487 40

549 2542 654 2615 τιμῶν
677 2529 703 2595 τ’
726 2529 868 2614 Ἀλφεὸν
891 2530 972 2614 εὐρὺ
996 2527 1114 2615 ῥέοντα
1132 2528 1230 2594 Ἰδαί-

594 2641 634 2703 όν
657 2660 692 2702 τε
715 2638 836 2721 σεμνὸν
860 2638 997 2721 ἄντρον,

302 2913 304 2920 Ι
410 2857 450 2904 11.
461 2837 566 2903 Ὦανον
582 2849 639 2903 ΑΜ
654 2851 681 2901 ct
696 2849 779 2917 Epa:
795 2847 882 2901 ὄανον
897 2848 998 2914 Ach,
1014 2847 1096 2902 δανιν
1111 2849 1138 2914 C',
1148 2847 1244 2903 ’ίανον
1258 2848 1329 2903 coni.
1344 2848 1411 2903 Pais
1428 2883 1459 2890 —
1476 2857 1515 2905 13.
1530 2853 1607 2922 κολλᾷ
1674 2890 1675 2893 ¹

338 2922 368 2976 δὲ
389 2921 481 2992 Bergk
501 2953 533 2960 —
553 2918 675 2988 ὑψίγνον
694 2920 757 2973 ΑΙ)
781 2951 813 2958 -
835 2925 876 2972 14.
895 2917 945 2971 ὑπ’
966 2920 1067 2973 AGD:
1087 2918 1139 2972 ἀπ’
1160 2919 1243 2973 Tricl.
1263 2953 1298 2960 -
1316 2920 1488 2990 ἀμαχανίαις
1507 2923 1560 2976 0“
1578 2953 1602 2960 -

338 2994 438 3134 {lotii
456 2993 611 3117 {err-naun:
631 2987 661 3044 εδ
677 2991 775 3057 MD,
795 2987 825 3042 εδ
845 2990 876 3043 δὲ
896 2987 1026 3060 τυχόντες
1042 2991 1153 3044 Boeckh
1173 3021 1205 3032 -
1226 2991 1343 3061 ἔμμεναι
1356 2993 1384 3046 Α
1405 3025 1435 3032 -—
1458 2997 1498 3047 18.
1518 2993 1606 3059 εὐρυρ-
1674 3006 1675 3027 ¹

338 3206 440 3262 Lindia
473 3204 610 3277 originem
643 3203 762 3257 traxisse
790 3205 819 3256 et
846 3203 912 3256 indo
945 3202 1044 3257 Gelam
1079 3207 1108 3258 ct
1139 3205 1317 3259 Camarinam
1353 3208 1525 3260 translatum
1554 3222 1608 3260 esse

339 3277 497 3332 Boeckhius
512 3275 641 3347 exposuit
659 3308 694 3316 -
714 3281 754 3328 11.
776 3274 927 3328 Camarina
945 3275 1012 3329 urbs
1032 3275 1061 3328 in
1080 3276 1152 3329 colle
1171 3276 1227 3330 sita
1240 3280 1302 3331 erat
1316 3277 1390 3332 inter
1402 3279 1504 3332 fluvios
1519 3279 1607 3332 Oanon

339 3349 544 3416 (ltifriscolaro,
569 3347 626 3416 vel,
651 3349 683 3399 ut
706 3345 789 3399 Holm
813 3349 842 3400 ct
866 3346 1024 3415 Schubring
1047 3350 1187 3416 statuunt,
1215 3348 1324 3402 Dianae
1353 3350 1460 3403 fontem
1485 3367 1568 3419 prope
1585 3349 1607 3400 S.
1673 3358 1674 3361 ’

340 3422 435 3483 Croce)
450 3424 479 3473 et
492 3419 631 3490 Hipparin
646 3417 825 3487 (Camarina),
845 3417 895 3485 qui
907 3435 994 3487 prope
1008 3419 1106 3472 urbem
1119 3419 1149 3472 in
1163 3418 1257 3472 lacum
1270 3420 1422 3485 dilatatum
1438 3420 1463 3474 is
1478 3427 1508 3475 et
1521 3421 1607 3474 limum

331 3503 433 3546 'secum
456 3492 565 3546 ferebat
588 3493 628 3557 et,
654 3507 716 3542 cum
740 3489 854 3558 navigia
877 3489 975 3557 ferret,
1000 3490 1147 3544 materiem
1165 3508 1199 3544 ex
1218 3491 1298 3545 silvis
1316 3492 1496 3562 deportabat,
1516 3490 1607 3561 quibu<

340 3562 565 3630 contignationes
584 3561 697 3615 aedium
716 3563 870 3629 surgerent.
907 3561 1040 3630 Hipparis
1060 3562 1142 3628 enim,
1161 3580 1217 3615 non
1236 3563 1372 3631 Pssumis,
1393 3569 1424 3616 ut
1442 3563 1609 3617 Hermanuus

340 3633 476 3702 Bergkius
492 3633 542 3686 alii
557 3634 663 3699 volunt,
683 3631 840 3685 subiectum
855 3631 932 3685 verbi
948 3636 1031 3685 κολλᾶ
1047 3649 1108 3686 esse
1121 3633 1233 3687 videtur
1248 3665 1281 3674 —
1297 3641 1338 3689 12.
1359 3633 1485 3704 όχετοός·
1506 3634 1608 3698 rivulos,
1672 3662 1673 3695 ς

341 3706 370 3760 in
384 3723 454 3774 quos
470 3704 569 3758 fluvius
585 3704 773 3770 scindebatur,
789 3723 813 3756 v.
825 3702 984 3778 Schubring
998 3687 1097 3758 Pliilol.
1109 3720 1205 3773 ae,514;
1220 3705 1254 3759 cf.
1266 3705 1330 3760 Eur.
1342 3705 1387 3759 Or.
1399 3723 1438 3760 eos
1454 3707 1609 3774 Σιμοόντιοι

340 3774 432 3847 ὀχετοί
453 3809 483 3815 „
504 3773 634 3844 στρατόν·
654 3773 797 3845 populum,
817 3777 849 3826 ut
864 3776 895 3828 o.
906 3794 933 3826 m
943 3792 977 3828 aa.
996 3775 1166 3831 P.1ss.115a
1187 3777 1221 3830 N.
1232 3796 1281 3829 vm
1292 3795 1324 3832 ιι.
1343 3778 1364 3831 Ι,
1375 3797 1385 3829 ι
1395 3795 1429 3840 ss,
1449 3779 1525 3832 unde
1543 3774 1610 3846 apud

340 3850 481 3903 Romanos
500 3863 611 3915 quoque
630 3845 750 3917 populus
771 3847 806 3898 ad
827 3845 962 3914 suffragia
980 3845 1095 3900 serenda
1114 3851 1283 3901 convocatus
1302 3848 1440 3902 exercitus
1460 3849 1609 3908 dicebatur;

340 3919 409 3974 nihil
426 3920 480 3973 huc
495 3919 599 3973 attinet
617 3921 712 3972 nostra
732 3916 837 3971 locutio
857 3919 907 3971 das
924 3918 991 3971 Volt
1010 3920 1041 3971 in
1056 3920 1173 3985 ll'aflen,
1191 3918 1255 3988 plus
1289 3919 1361 3973 rima
1374 3919 1453 3974 notio
1469 3924 1572 3975 stratae
1585 3918 1610 3970 in

340 3991 470 4045 tentoriis
486 3994 615 4044 catervae
627 4021 659 4030 -
671 3995 712 4043 14.
726 3989 781 4042 ὑπὸ
796 4006 818 4045 c.
829 4005 891 4059 gen.
902 3988 1003 4052 locum,
1019 3990 1092 4044 unde
1106 3990 1174 4058 quid
1189 3992 1225 4044 ad
1240 3939 1360 4045 sublime
1375 3992 1484 4059 tendat,
1495 3990 1610 4046 luculen-
1671 3988 1672 4027 ἓ

341 4062 397 4115 tius
408 4061 550 4131 significat
560 4079 645 4130 quam
655 4059 875 4129 Byzantinorum
889 4057 958 4113 ἀπό·
975 4059 1061 4114 simili
1075 4064 1216 4115 structura
1224 4062 1362 4117 Pindarus
1374 4081 1440 4117 usus
1452 4068 1499 4118 est
1508 4063 1538 4119 Ο.
1548 4081 1573 4114 τι
1581 4077 1609 4114 ιι.

341 4134 370 4188 P.
381 4151 453 4188 1161.
474 4132 507 4188 N.
517 4153 528 4186 1
538 4149 563 4188 ss
580 4165 612 4172 —
635 4138 675 4186 16.
696 4133 731 4200 ἠό
782 4131 840 4185 rior
854 4130 966 4200 syllaba
979 4131 1137 4200 particulae
1151 4132 1181 4185 iu
1194 4132 1248 4187 hac
1262 4133 1384 4188 formula
1397 4139 1427 4189 et
1440 4135 1470 4188 in
1485 4133 1610 4206 ἠυκόμοιο

343 4204 374 4260 Ο.
384 4223 412 4258 vr
424 4221 455 4259 ιο.
475 4205 505 4258 P.
516 4224 544 4257 v1
552 4221 587 4272 ιο,
607 4204 748 4273 ἠόπυργος
762 4151 796 4256 ll.
807 4221 835 4256 ιν
844 4219 879 4269 ιι,
899 4202 936 4256 ad
949 4219 1075 4256 normam
1089 4203 1300 4258 Homericorum
1314 4205 1466 4275 ἠυγένειος,
1485 4207 1610 4277 ἠυκόμοιο

341 4275 479 4346 producta
506 4278 560 4343 est,
590 4292 677 4330 causa
703 4277 798 4328 autem
824 4274 907 4327 huius
933 4273 1064 4328 licentiae
1090 4291 1125 4328 ea
1149 4276 1216 4343 fuit,
1244 4277 1320 4344 quod
1345 4293 1427 4331 aures
1451 4277 1610 4333 Graccomm
1670 4276 1671 4297 ¹

343 4349 464 4416 quatuor
482 4346 607 4414 syllabas
634 4347 732 4400 breves
759 4345 891 4415 deinceps
917 4361 978 4399 sese
1003 4345 1174 4416 excipientes
1204 4364 1286 4417 aegre
1314 4347 1443 4402 serebant
1474 4382 1510 4390 -
1535 4350 1568 4416 ἠὺ
1585 4343 1609 4398 δ’

344 4417 453 4489 ἔχοντες
471 4416 566 4488 σοφοί·
587 4418 622 4473 cf.
641 4419 705 4474 Eur.
726 4419 758 4472 lr.
779 4435 831 4474 1ooc
853 4418 904 4471 τδν
927 4419 1096 4486 εὐτυχοῦντα
1120 4419 1169 4471 καί
1192 4427 1310 4487 φρονεῖν
1328 4417 1489 4500 νομίζομεν·
1509 4415 1610 4490 Hippol.

344 4507 382 4544 τοο
401 4507 421 4546 s.
459 4490 519 4545 Hoc
537 4493 631 4546 autem
651 4490 712 4544 loco
732 4489 872 4544 communi
891 4491 989 4542 auctor
1007 4489 1138 4542 carminis
1158 4489 1294 4544 invidiam
1314 4490 1431 4558 civium,
1455 4492 1507 4560 qui
1528 4506 1610 4557 sump
1669 4550 1670 4559 .

343 4563 391 4686 tup1
408 4561 547 4616 inutiliter
561 4580 579 4616 a
592 4561 742 4616 Psaumide
756 4561 797 4615 rei
816 4560 939 4628 equestri
958 4564 1089 4630 erogatos
1103 4562 1354 4630 reprehendebant,
1374 4561 1491 4632 oblique
1509 4573 1610 4630 carpere

342 4633 371 4686 vi
393 4635 462 4687 etur.

416 4709 449 4757 16
470 4721 504 4758 ss.
534 4704 605 4757 bene
624 4706 710 4772 poeta
728 4701 842 4758 tertiam
860 4705 970 4773 partem
989 4702 1122 4756 carminis
1141 4721 1158 4756 a
1177 4703 1242 4757 Iove
1261 4703 1449 4774 Sospitam,
1473 4704 1519 4760 cui
1537 4699 1611 4756 tertia

344 4771 445 4828 libatio
469 4774 529 4829 fieri
553 4773 675 4842 solebat,
700 4773 864 4844 auspicatus
882 4776 926 4828 est
953 4807 988 4814 —
1018 4780 1058 4831 18.
1077 4773 1181 4830 Ἰδαῖον
1197 4769 1316 4844 Ιάντρον,
1334 4793 1390 4830 non
1408 4775 1550 4844 Cretense,
1568 4769 1609 4826 sed
1668 4780 1669 4809 l
