3417 5434
520 343 570 399 111.
598 343 649 396 DE
667 341 776 398 LUDIS
795 344 841 398 ET
859 343 1036 400 ammons

255 552 291 578 ,0
310 555 329 577 a
348 506 495 593 dactylus
520 506 659 592 cyclicus
683 508 784 574 trium
807 515 1001 594 temporum.

291 631 300 662 ‘
348 638 481 681 caesura
503 615 538 680 in
562 614 713 680 omnibus
737 615 883 700 strophis
907 621 1042 680 servata.

298 723 303 788 Ι
347 723 421 788 finis
446 722 510 789 coli
531 723 568 788 in
591 722 756 788 codicibus
781 723 979 807 scholiisque
1002 721 1154 787 metricis.

292 858 304 898 ,ε
348 831 432 896 10100
456 830 553 916 primi
578 831 732 914 cuiusque
755 830 846 915 pedis
871 830 941 895 0011.

292 984 309 1005 r
345 937 430 1002 ictus
454 937 550 1022 primi
575 937 665 1023 pedis
690 937 823 1002 alterius
848 937 997 1022 dipodiae
1021 937 1084 1002 0011
1108 937 1310 1021 tetrepodioi.

291 1060 313 1112 Λ
348 1050 466 1129 λεῖμμα
490 1045 557 1110 0100
579 1066 682 1129 pausa
704 1045 800 1108 unius
824 1044 990 1128 temporis.

287 1155 313 1220 ’Λ
342 1174 445 1236 pausa
467 1154 606 1217 duorum
629 1155 820 1236 temporum.

287 1257 312 1330 71
340 1281 443 1344 pausa
465 1259 567 1324 trium
590 1264 783 1344 temporum.

287 1363 313 1437 ii
342 1389 445 1451 pausa
468 1370 609 1450 quatuor
631 1371 824 1451 temporum.

231 1509 339 1595 Longi
353 1509 475 1574 fuimus
484 1508 520 1573 in
530 1509 665 1574 metrica
675 1511 744 1572 arte
755 1506 887 1571 Pindari
899 1508 1098 1593 exponenda,
1111 1508 1251 1573 fortasse
1260 1509 1426 1595 longiores

131 1640 240 1702 quam
264 1617 289 1680 ii
314 1617 565 1701 exspectabunt,
592 1616 647 1700 qui
677 1613 852 1699 deperditis
880 1615 968 1678 notis
997 1614 1129 1681 musicis
1158 1615 1266 1680 oleum
1292 1616 1426 1701 perdere

130 1724 197 1807 qui
220 1724 257 1786 in
286 1723 339 1788 his
368 1722 612 1806 quaestionibus
641 1723 798 1786 desudent
826 1722 1036 1786 arbitrantur.
1078 1721 1140 1787 Sed
1168 1744 1366 1807 quamquam
1393 1729 1427 1788 et

130 1829 206 1914 ipsi
229 1830 327 1894 facile
350 1830 517 1915 largimur,
540 1831 586 1894 rei
611 1829 832 1916 gravissimae,
856 1850 952 1912 quam
972 1829 1154 1895 accuratius
1172 1851 1269 1894 nosse
1287 1830 1322 1892 in
1340 1831 1427 1894 00110

130 1943 191 2002 001
214 1937 368 2001 maximis
392 1937 448 2000 sed
470 1937 633 2020 inanibus
656 1935 872 2000 modulationi
894 1936 966 2000 dico
985 1935 1161 2001 carminum
1183 1941 1216 2000 et
1234 1937 1327 2001 01000
1345 1937 1429 2022 voci,

130 2044 286 2110 metricis
306 2044 435 2130 legibus
454 2044 505 2108 vel
523 2043 736 2108 subtilissime
752 2043 928 2128 exploratis
943 2066 1058 2128 parum
1071 2043 1154 2108 lucis
1169 2044 1301 2128 effundi,
1319 2049 1428 2108 tamen

131 2151 361 2237 rhythmicam
376 2150 644 2235 compositionem
658 2173 696 2214 ex
707 2150 842 2214 metrica
851 2150 958 2214 forma
967 2151 1037 2214 erui
1046 2172 1142 2235 posse
1153 2172 1226 2215 cum
1236 2173 1427 2234 persuasum

131 2261 331 2342 habeamus,
348 2257 536 2343 philologis,
554 2263 591 2322 ut
609 2257 695 2322 hunc
715 2257 831 2321 saltem
849 2259 948 2322 finem
967 2261 1190 2340 assequantur,
1209 2279 1321 2322 omnes
1341 2258 1426 2322 vires

132 2366 357 2432 intendendae
372 2387 443 2430 esse
458 2386 635 2430 censemus.
663 2364 796 2429 Pindari
810 2369 919 2428 autem
935 2364 1079 2429 carmina
1092 2364 1165 2448 plus
1180 2385 1278 2447 quam
1298 2363 1427 2428 chorica

133 2474 268 2538 cantica
291 2479 463 2558 poetarum
488 2473 689 2536 scenicorum
713 2473 753 2536 od
777 2472 949 2557 caliginem
973 2470 1155 2535 difficilium
1184 2470 1300 2534 harum
1328 2492 1426 2554 quae-

133 2581 287 2645 stionum
311 2579 548 2645 discutiendam
571 2579 678 2644 valere
700 2579 733 2643 in
753 2579 911 2643 confessis
931 2583 990 2643 001.
1027 2577 1111 2642 Nam
1133 2579 1218 2662 quod
1237 2577 1272 2641 in
1290 2578 1427 2642 scenicis

133 2687 254 2772 poetis,
279 2709 419 2771 quorum
438 2686 582 2752 carmina
600 2687 753 2773 pleraque
773 2709 811 2750 ex
830 2686 916 2751 binis
935 2687 986 2750 001
1006 2685 1105 2750 etiam
1124 2685 1261 2771 singulis
1281 2685 1426 2769 strophis

133 2798 303 2878 constant,
327 2815 422 2879 saepe
446 2793 638 2879 ambiguum
660 2799 720 2878 est,
743 2815 807 2876 quo
831 2794 903 2858 loco
926 2793 1133 2877 periodorum
1154 2797 1188 2856 et
1206 2792 1424 2857 membrorum

134 2902 219 2965 fines
243 2901 411 2966 statuendi
435 2899 511 2985 sint,
532 2901 595 2966 hoc
618 2899 653 2964 in
676 2899 827 2985 Pindaro,
850 2901 942 2964 euius
967 2901 1111 2964 carmina
1134 2921 1253 2985 magno
1276 2900 1426 2984 stropha·
1490 2969 1493 2973 ,

134 3030 211 3072 rum
225 3028 364 3084 numero
380 3006 507 3091 florent⁷
521 3007 587 3071 fere
601 3007 722 3091 ubique
737 3006 824 3072 clara
837 3007 873 3070 in
886 3007 957 3071 luce
970 3007 1116 3092 positum
1131 3010 1188 3071 est.
1216 3005 1311 3070 Nihil
1324 3006 1427 3092 igitur

135 3114 378 3199 desperandum
392 3135 463 3178 0000
478 3113 637 3198 duximus,
652 3118 685 3178 01
700 3114 728 3178 01
741 3113 913 3199 peritiores
927 3118 960 3178 et
971 3114 1132 3178 doctiores
1142 3113 1328 3200 philologos
1338 3118 1425 3178 utne

135 3221 220 3288 hanc
247 3226 381 3307 partem
408 3226 539 3286 nostrae
567 3220 758 3304 disciplinae
781 3227 949 3305 tamquam
972 3221 1175 3304 desperatam
1201 3220 1426 3305 derelinquant

137 3329 427 3413 commoverimus,
451 3328 532 3392 00110
554 3328 681 3392 fructus
705 3328 855 3392 laborum
878 3327 992 3392 tulisse
1015 3327 1111 3392 nobis
1133 3327 1323 3392 videbimur.

750 3647 810 3715 ΙΙΙ.

534 3799 589 3858 DE
613 3799 732 3858 LUDIS
756 3799 808 3857 ET
831 3797 1031 3859 EPINIOUS,

221 3939 386 4004 Ἐπίνικοι
405 3937 506 4022 ὕμνοι
526 3937 594 4002 0100
613 3935 757 4002 ἐπινίκια
775 3935 858 4021 μέλη
880 3958 1000 4001 nomen
1018 3936 1059 4000 ab
1079 3958 1117 4001 00
1137 3941 1314 4021 traxerunt,
1337 3937 1424 4020 quod

135 4053 211 4132 post
241 4045 418 4112 victoriam
451 4049 652 4130 reportatam
679 4043 715 4108 in
740 4043 869 4108 laudem
896 4043 1030 4109 uictoris
1060 4045 1182 4128 scripta
1214 4048 1300 4108 sunt.
1341 4041 1423 4108 Cum

136 4159 247 4220 autem
271 4152 415 4238 epinicia
444 4151 544 4217 etiam
572 4157 649 4237 post
678 4150 831 4217 victorias
860 4152 899 4215 de
927 4152 1079 4217 hostibus
1107 4152 1207 4217 armis
1235 4155 1422 4235 reportatas

136 4261 291 4334 instituta
320 4258 459 4343 fuerint,
490 4259 544 4324 hic
572 4259 712 4344 epinicia
740 4281 832 4325 sacra
860 4262 893 4324 et
920 4258 1066 4325 carmina
1094 4281 1132 4323 ea
1159 4258 1230 4322 sola
1256 4257 1422 4344 intellego,

137 4390 218 4453 quae
233 4368 274 4432 ad
289 4367 433 4432 ludicras
449 4365 602 4432 victorias
615 4366 651 4431 in
665 4367 750 4432 ludis
766 4367 909 4451 publicis
922 4369 1034 4451 partas
1048 4366 1222 4450 pertinent.
1258 4364 1422 4449 11ρὶ01010-

137 4499 209 4540 rum
223 4476 329 4562 igitur
343 4472 477 4538 Pindari
490 4473 755 4559 interpretationi
770 4478 807 4538 ut
822 4474 908 4538 viam
921 4472 1166 4557 patefaciamus,
1185 4473 1224 4538 de
1239 4473 1332 4555 ludis,
1354 4471 1422 4557 qui-

136 4582 197 4649 bus
221 4581 341 4648 Graeci
363 4581 451 4646 inter
475 4603 509 4645 00
538 4582 723 4665 certabant,
753 4584 787 4644 et
815 4580 853 4646 de
881 4579 1050 4665 praemiis,
1076 4579 1195 4663 quibus
1223 4578 1363 4644 victores
1387 4579 1423 4644 in

137 4690 221 4754 ludis
254 4689 331 4754 10110
362 4688 578 4772 ornabantur,
610 4688 705 4752 nobis
739 4685 961 4752 disserendum
990 4691 1048 4751 est.
1099 4684 1303 4771 Quamquam
1335 4685 1422 4750 enirn

138 4797 287 4863 homines
311 4795 504 4882 priusquam
528 4795 560 4859 in
585 4795 670 4859 ludis
692 4793 833 4879 publicis
858 4798 1036 4879 certarent,
1064 4798 1134 4858 arte
1156 4793 1269 4876 utique
1291 4791 1422 4858 institui
