3417 5434
325 360 390 425 366
797 364 946 415 emnam
964 362 1130 415 semrom.

325 531 378 609 qni
397 531 473 590 mira
492 530 595 591 iudicii
618 530 814 607 perversitate
837 532 893 590 hoc
916 549 1035 589 carmen
1058 528 1264 589 dulcissimum
1287 529 1367 588 inter
1388 516 1488 605 prim'a
1509 528 1615 604 poesis

324 622 500 679 Pindaricae
523 622 694 680 rudimenta
717 622 901 681 rettulerunt
919 623 950 678 et
968 619 1006 677 ab
1026 620 1250 679 adulescentulo
1268 622 1359 695 poeta
1382 617 1425 677 01.
1444 622 1497 696 70,
1522 620 1545 675 2
1567 618 1615 675 vel
1688 660 1690 673 .

327 714 376 788 70,
396 713 415 769 4
436 714 504 787 post
527 710 641 769 cladem
663 710 735 769 belli
755 728 773 767 a
791 709 941 768 Thebanis
964 712 995 767 et
1016 708 1259 768 Lacedaemoniis
1283 710 1387 769 contra
1404 706 1616 766 Athenienses

325 800 403 878 gesti
426 793 469 881 (v.
488 800 595 859 Herod.
615 818 633 858 v
655 794 703 881 77)
727 800 873 875 scriptum
895 817 958 858 esse
982 798 1098 874 opinati
1120 802 1199 857 sunt.
1235 798 1284 855 Ad
1307 798 1383 855 hanc
1410 799 1521 855 autem
1547 815 1615 855 sen-

325 889 452 948 tentiam
475 909 509 948 eo
534 889 670 964 inprimis
694 888 744 947 isti
768 888 891 947 adducti
914 890 993 963 sunt,
1017 887 1097 963 quod
1116 887 1308 965 exaggeratio
1327 886 1469 946 decorum
1487 886 1614 945 Theba-

324 998 432 1037 norum
455 978 486 1036 in
507 978 626 1037 exordio
646 977 736 1037 huius
755 977 895 1035 carminis
914 976 1020 1036 similis
1038 978 1142 1053 hymni
1162 970 1211 1055 (fr.
1231 968 1280 1055 ιι)
1299 975 1348 1049 ιιι,
1367 976 1405 1035 ob
1423 996 1519 1051 quem
1542 974 1615 1032 Pin-

326 1068 432 1126 darum
447 1068 584 1127 iuvenam
600 1086 618 1123 a
629 1056 762 1127 'Corinna
775 1067 981 1142 vituperatum
995 1084 1058 1124 esse
1072 1068 1183 1125 ferunt.
1206 1066 1248 1123 At
1261 1064 1442 1123 luxuriantis
1455 1064 1615 1145 orationis

325 1157 409 1234 vitio,
433 1156 458 1214 si
480 1159 525 1215 est
543 1156 661 1231 vitium,
684 1176 720 1215 ne
744 1160 886 1232 provecta
909 1154 1031 1231 quidem
1054 1158 1153 1215 aetate
1171 1154 1335 1213 Pindarum
1353 1154 1494 1231 caruisse,
1522 1154 1615 1212 testi-

325 1246 425 1306 monio
454 1248 526 1305 sunt
553 1245 681 1322 epinicia
705 1244 738 1304 0.
758 1263 813 1303 xm
837 1248 868 1303 et
890 1245 928 1303 N.
946 1263 975 1303 x.
1016 1244 1121 1320 Neque
1149 1244 1290 1303 metricae
1318 1242 1463 1320 rationes,
1491 1242 1615 1319 quibus

324 1336 358 1394 E.
379 1334 465 1413 Grai,
489 1334 573 1393 Pind.
592 1335 652 1412 log.
672 1333 790 1410 Stroph.
809 1354 838 1410 p.
858 1344 906 1412 34,
934 1336 972 1392 ut
997 1334 1127 1412 Bargkio
1157 1333 1406 1411 adstipularetur,
1433 1336 1616 1391 commotus

324 1427 377 1501 est,
401 1427 484 1483 certa
506 1424 617 1482 indicia
639 1423 782 1499 temporis
804 1422 956 1499 praebent.

414 1514 449 1571 In
468 1513 620 1589 prooemio
638 1517 728 1590 poeta
747 1532 783 1571 ex
801 1511 903 1571 Theba
920 1512 1045 1571 heroine
1061 1511 1188 1589 quaerit,
1211 1511 1285 1587 qnid
1302 1511 1424 1570 tandem
1441 1530 1478 1569 ex
1496 1511 1616 1569 mullis

326 1602 508 1661 ornamentis
530 1603 614 1661 urbis
636 1601 826 1679 potissimum
849 1601 1016 1678 praedicari
1038 1601 1113 1660 volit
1135 1592 1270 1681 (1-1o);
1294 1620 1422 1677 quorum
1444 1619 1616 1659 ornamen-

326 1695 427 1751 torum
446 1692 527 1767 quod
545 1692 654 1751 ultimo
677 1692 742 1751 loco
766 1691 877 1768 posuit,
901 1689 1048 1749 auxilium
1065 1690 1308 1749 Lacedaemoniis
1327 1689 1365 1748 ab
1383 1689 1510 1767 Aegidis
1533 1690 1616 1748 The

324 1781 411 1841 banis
440 1782 552 1855 latum,
583 1781 655 1857 quia
678 1782 834 1838 Musarum
857 1779 1013 1839 lenociniis
1034 1783 1175 1839 amatum
1197 1799 1257 1839 non
1284 1780 1336 1857 sit,
1366 1779 1398 1837 in
1420 1778 1617 1839 oblivionem

326 1870 433 1929 abiisse
458 1870 594 1947 queritur
617 1862 766 1951 (ιθ-19),
795 1869 936 1946 quodne
959 1869 1070 1928 iterum
1092 1869 1222 1946 accidat,
1249 1867 1429 1944 Strepsiadis
1452 1872 1618 1927 recentem

326 1960 484 2019 victoriam
507 1959 700 2019 Isthmiacum
722 1959 833 2034 hymno
852 1978 884 2018 se
903 1959 1145 2034 praedicaturum
1168 1977 1231 2017 asse
1254 1961 1286 2017 et
1307 1977 1369 2016 una
1391 1976 1460 2017 curn
1483 1976 1526 2015 ea
1553 1958 1617 2015 vir-

326 2051 423 2108 tutem
447 2048 598 2126 avunculi,
622 2049 675 2124 qui
697 2048 801 2124 paullo
825 2050 895 2106 ante
918 2066 972 2123 pro
995 2047 1096 2123 patria
1113 2047 1257 2107 dimicans
1276 2046 1373 2123 prima
1391 2046 1423 2104 in
1440 2046 1506 2105 acie
1530 2048 1618 2105 oeci-

326 2138 404 2196 derit
427 2129 570 2219 (ro-36).
618 2137 724 2196 Tristis
753 2138 853 2195 autern
881 2136 964 2196 illius
991 2137 1085 2195 cladis
1111 2136 1263 2196 luctum'
1255 2156 1317 2195 ram
1343 2136 1430 2195 leniri
1454 2136 1616 2195 felicitate

327 2246 452 2287 coronae
476 2226 609 2287 Isthmiis
632 2226 752 2302 partam
776 2244 839 2285 esse
863 2226 942 2285 enim
965 2226 1093 2285 hominis
1117 2226 1328 2303 sapientisut
1346 2244 1424 2303 quae
1442 2224 1506 2284 dies
1528 2225 1616 2285 bona

325 2316 438 2393 afferat,
462 2316 499 2375 iis
522 2318 680 2376 contentus
703 2316 787 2375 vivat
809 2334 906 2391 neque
930 2334 1008 2375 nora
1031 2336 1147 2392 semper
1164 2319 1195 2374 et
1214 2335 1291 2392 quae
1314 2314 1493 2375 mortalibus
1515 2315 1615 2373 dene·

325 2409 398 2483 gata
421 2406 483 2463 sint
504 2408 641 2482 appetat3
665 2404 774 2481 quibus
798 2424 816 2462 a
838 2404 996 2463 conatibus
1014 2405 1148 2464 homines
1171 2404 1333 2480 prudentes
1355 2404 1498 2463 deterreri
1524 2405 1616 2463 tristi

326 2512 398 2553 casu
420 2495 670 2571 Bellerophontae
694 2485 838 2573 (37-48).
881 2493 943 2552 Sub
965 2494 1054 2553 finem
1076 2494 1248 2570 Apollinem
1270 2496 1418 2571 precatur,
1440 2496 1478 2551 ut
1500 2493 1616 2570 Slrep

325 2583 438 2643 siadem
460 2584 552 2642 etiam
575 2584 702 2659 Pythice
725 2602 834 2643 corona
857 2582 955 2641 donet.

415 2672 531 2732 Pabula
555 2673 636 2749 quod
658 2673 714 2732 boc
737 2672 900 2748 epinicium
923 2675 1013 2749 caret,
1031 2672 1063 2731 in
1082 2675 1145 2731 tam
1164 2672 1246 2732 brevi
1265 2672 1395 2731 carmine
1414 2691 1474 2731 non
1493 2672 1615 2731 miran-

248 2818 257 2832 ,
326 2762 399 2821 dum
421 2766 474 2821 est.
521 2762 580 2821 Sed
603 2781 670 2821 cum
697 2761 810 2838 omnia,
838 2780 915 2837 quae
943 2761 1091 2821 Pindarus
1115 2762 1263 2821 Thebanis
1286 2761 1450 2821 victoribus
1474 2763 1614 2838 scripsit,

326 2851 455 2927 epinicia
477 2851 582 2911 fabula
604 2854 734 2928 careant,
757 2851 883 2909 historia
909 2853 1009 2909 autam
1035 2850 1182 2910 fabularis
1200 2850 1344 2910 Thebana
1364 2850 1613 2927 haudquaquam

326 2941 452 3016 penuria
475 2960 576 3000 rerum
604 2940 761 3017 laborarit,
792 2939 974 3015 peculiarem
998 2940 1149 3016 quandam
1172 2959 1295 2999 cansam
1317 2940 1409 2999 fuisse
1432 2943 1524 3017 puto,
1555 2960 1614 2999 cnr

325 3029 473 3089 Pindarus
501 3030 532 3087 in
560 3028 606 3087 his
634 3028 815 3089 carminibus
843 3048 863 3087 a
889 3028 1000 3088 fabulis
1028 3030 1185 3089 narrandis
1212 3029 1383 3089 abstineret.
1431 3027 1549 3099 Quodsi
1578 3030 1612 3087 in

325 3138 356 3177 re
380 3118 494 3178 incerta
517 3118 719 3178 coniecturam
742 3119 839 3177 facere
863 3117 946 3195 licet,
975 3121 1096 3195 poetam
1118 3118 1149 3177 in
1172 3119 1291 3195 hymnis
1313 3118 1480 3195 partheniis
1503 3118 1612 3194 dithy-

325 3208 448 3285 rambis,
477 3226 552 3283 quos
576 3207 638 3266 suis
661 3206 857 3283 popularibus
881 3206 1012 3285 scripsit,
1042 3208 1259 3284 amplissimam
1282 3207 1440 3267 materiem
1463 3208 1611 3267 domesti—

325 3316 427 3355 carum
446 3296 682 3371 fabularumita
700 3296 871 3356 exhausisse
889 3296 975 3374 duco,
993 3300 1030 3355 ut
1047 3298 1123 3356 nihil
1140 3298 1202 3357 iam
1221 3298 1291 3357 novi
1310 3297 1447 3373 epiniciis
1465 3297 1611 3357 relictum

324 3389 408 3445 esset.

870 3468 915 3534 Dc
937 3469 1060 3535 metris.

416 3563 563 3623 Carminis
585 3564 676 3623 huius
699 3566 795 3622 matra
818 3568 890 3622 sunt
912 3564 1086 3643 logaoedica
1108 3565 1153 3623 ita
1175 3565 1349 3643 composita,
1372 3567 1409 3623 ut
1425 3584 1532 3624 versus
1552 3570 1610 3624 aut
1686 3565 1687 3594 ³

326 3674 386 3713 uno
415 3656 445 3713 et
473 3654 615 3713 continuo
645 3653 746 3713 ordine
776 3654 937 3712 decurrant
960 3649 1025 3733 (atr.
1047 3666 1071 3713 1.
1090 3666 1115 3732 4,
1139 3675 1182 3731 ep.
1205 3667 1228 3713 1.
1248 3666 1273 3715 3.
1294 3648 1325 3736 4)
1348 3657 1404 3712 aut
1426 3674 1462 3713 ex
1486 3654 1611 3715 dnobus

324 3743 498 3820 pluribusve
528 3744 668 3803 membris
698 3744 843 3803 constent.
889 3743 929 3801 Hi
960 3743 1070 3819 quibus
1099 3746 1173 3803 locis
1202 3744 1234 3802 in
1264 3746 1330 3804 oola
1356 3743 1509 3803 dividendi
1535 3746 1609 3821 sint,

324 3850 414 3891 cursu
433 3852 625 3892 numerorum
643 3832 755 3909 partim
774 3832 942 3908 interrupto
958 3826 1018 3911 (ep.
1033 3844 1058 3891 2.
1074 3844 1097 3891 6.
1115 3826 1145 3914 7)
1159 3834 1271 3909 partim
1286 3833 1440 3893 retardato
1454 3826 1522 3913 (atr.
1539 3846 1568 3891 3.
1583 3847 1609 3909 s,

324 3942 369 3998 ep.
389 3914 420 4003 o)
439 3922 605 3982 indicatum
624 3924 677 3982 est.
706 3921 819 3979 Varum
836 3924 941 3979 utrum
959 3940 1078 3981 carmen
1096 3922 1238 3981 membris
1261 3922 1454 3999 tetrapodicis
1477 3921 1607 3999 tripodi-

324 4013 425 4088 cisque
449 4012 615 4071 commixtis
639 4014 769 4088 constet,
794 4029 832 4069 an
857 4030 958 4070 omnes
981 4030 1085 4070 versus
1107 4031 1168 4072 nno
1191 4012 1332 4089 rhythmo
1356 4011 1473 4071 senario
1497 4003 1609 4093 (ποσὶν

322 4093 495 4182 ἕξασήμοις)
519 4101 678 4161 scandendi
706 4100 780 4177 sint,
808 4120 868 4159 non
897 4118 1018 4176 prorsus
1045 4101 1234 4177 exploratum
1261 4104 1314 4161 est.
1361 4102 1502 4160 Alterum
1530 4122 1608 4179 qno·

324 4190 411 4250 modo
434 4190 497 4249 fieri
521 4193 622 4266 posset
645 4193 681 4248 ut
703 4189 945 4267 demonstrarem,
968 4190 1000 4248 in
1020 4191 1168 4250 schemate
1191 4191 1314 4251 metrico
1334 4190 1371 4248 ab
1391 4189 1607 4250 audacioribus

323 4279 461 4339 remediis
483 4279 659 4355 rhythmicis
682 4298 742 4338 non
766 4278 912 4356 abstinui,
945 4279 981 4337 de
1009 4280 1136 4355 pedibus
1157 4303 1193 4342 ι.
1215 4302 1252 4342 ι..
1275 4283 1306 4339 et
1326 4303 1363 4343 ι,
1386 4292 1408 4343 Λ
1430 4305 1449 4341 o
1470 4280 1504 4338 in
1527 4286 1606 4339 stro·

298 4369 400 4444 phac
428 4388 516 4429 vorsu
548 4369 654 4445 quinto
687 4367 743 4427 sibi
776 4368 1025 4444 respondentibus
1056 4370 1094 4430 cf.
1118 4368 1152 4429 0.
1175 4388 1232 4429 rur
1259 4390 1288 4446 p.
1312 4380 1359 4448 ol,
1391 4369 1428 4427 do
1460 4368 1605 4429 finalibus

322 4458 460 4534 tripodiis
489 4459 568 4518 Prol.
591 4477 619 4519 n.
665 4458 733 4516 Duo
761 4457 872 4516 ultima
901 4459 968 4517 cola
997 4460 1085 4535 epodi
1115 4458 1277 4535 quominus
1303 4459 1336 4517 in
1362 4477 1459 4517 unum
1482 4478 1604 4519 versum

321 4548 544 4626 coniungantur
574 4548 654 4625 quod
687 4546 799 4624 obstat,
832 4546 862 4605 id
895 4548 1067 4607 coniectura
1096 4548 1241 4609 removeri
1273 4566 1360 4625 posse
1391 4549 1421 4606 in
1445 4566 1509 4608 rar.
1533 4549 1602 4609 leet.

322 4656 348 4695 v.
373 4648 407 4695 34
430 4637 525 4696 docui.
573 4637 699 4695 Carmen
729 4637 974 4697 venustissimum
1004 4638 1113 4697 Thebis
1143 4658 1162 4697 a
1190 4638 1280 4698 choro
1313 4638 1343 4697 in
1376 4637 1499 4714 publico
1531 4658 1602 4698 con·

322 4726 401 4785 virio
430 4728 585 4785 cantatum
612 4744 674 4785 esse
703 4726 829 4786 videtur.
875 4726 923 4785 Ad
953 4728 1123 4787 convivium
1152 4747 1213 4787 non
1243 4731 1306 4787 tam
1329 4727 1456 4787 verbum
1484 4726 1602 4804 κόμιζε

323 4806 365 4893 (v.
385 4808 433 4895 20)
451 4815 564 4892 rettuli,
587 4816 698 4891 quippe
722 4816 802 4890 quod
826 4819 856 4873 et
879 4816 914 4875 de
938 4818 1075 4877 convivio
1099 4821 1130 4877 et
1152 4818 1187 4876 de
1211 4837 1322 4893 pompa
1339 4816 1478 4895 intellegi
1497 4819 1602 4893 possit,
