3417 5434
352 331 393 395 27
397 331 417 394 6
826 334 975 384 risores
992 332 1159 385 sermore.

352 505 486 577 tempore
509 498 659 559 Alcimida
682 498 799 577 vicerit,
829 499 905 557 nibil
932 500 1061 559 relatum
1091 502 1202 576 exstat,
1231 500 1282 558 sed
1304 519 1374 559 cum
1396 500 1561 575 Melesias,
1591 503 1643 575 qui

352 609 420 650 eum
444 588 578 648 instituit
601 590 632 647 et
654 588 793 649 extremis
816 588 950 648 versibus
972 589 1062 648 huius
1084 588 1224 648 carminis
1243 588 1396 666 laudatur,
1413 590 1644 649 Alcimedontis

356 697 486 757 quoque,
510 678 563 755 qui
587 675 632 738 01.
653 680 695 738 80
720 675 861 753 Olympia
884 678 965 755 vicit,
988 678 1085 755 alipta
1106 678 1200 737 fuerit
1222 681 1254 737 et
1271 697 1289 737 a
1308 678 1439 739 Pindaro
1463 680 1569 737 etiam
1593 680 1647 737 irn-

353 768 474 845 pensius
503 768 534 826 in
565 766 639 827 odae
670 764 844 843 Olympicae
872 785 927 825 vm
956 786 1045 827 versu
1075 778 1109 825 65
1138 766 1293 845 laudetur,
1323 767 1379 827 hoc
1409 787 1538 827 carmen
1572 779 1644 826 ante

354 856 399 917 01.
415 860 466 935 80,
484 861 510 935 1,
530 856 655 915 fortasse
671 854 716 915 Ol.
733 858 783 933 79,
800 858 817 915 2
832 857 880 915 vel
894 855 940 915 01.
957 859 1009 934 78,
1023 860 1043 915 4
1058 857 1205 932 scriptum
1218 875 1281 917 esse
1295 857 1420 916 conicio.
1447 856 1518 917 Hoc
1535 862 1644 915 autern

353 966 421 1006 cum
444 950 577 1022 tempore
600 945 753 1021 conspirat
770 946 863 1005 etiam
881 945 983 1005 senilis
1001 945 1124 1022 quidam
1142 947 1271 1024 languor
1289 946 1434 1005 orationis
1453 950 1556 1022 atque
1576 966 1643 1005 seu-

352 1037 530 1112 tentiarum,
565 1053 625 1112 quo
655 1034 710 1095 hoc
739 1054 858 1095 cannen
888 1054 907 1093 a
936 1035 1062 1095 iuvenili
1090 1034 1228 1094 ubertate
1258 1039 1290 1095 et
1317 1036 1433 1096 fervore
1461 1037 1642 1095 carminum

353 1124 596 1203 Aegineticorum
619 1123 657 1183 N.
676 1142 704 1183 v.
727 1123 749 1182 1.
769 1142 801 1182 vr
823 1123 910 1184 valde
934 1124 1090 1202 discrepat.

441 1213 476 1271 In
506 1213 659 1289 prooemio
682 1204 790 1293 (1-7)
819 1213 889 1273 deos
917 1217 948 1272 et
973 1214 1121 1291 homines,
1151 1213 1289 1291 quamvis
1319 1214 1450 1273 multum
1482 1213 1644 1287 differant,

354 1306 454 1362 tamen
477 1302 623 1362 nonnulla
646 1300 753 1361 habere
777 1303 948 1362 communia
976 1304 1111 1381 exponit,
1140 1322 1199 1380 quo
1227 1303 1304 1362 illud
1327 1322 1447 1380 quoque
1471 1304 1643 1379 pertinere,

353 1392 434 1468 quod
456 1395 493 1449 ut
515 1394 595 1449 terra
618 1390 742 1450 alternis
765 1392 866 1471 fruges
888 1392 967 1451 ferat
989 1396 1020 1451 et
1044 1388 1255 1471 reqriiescendo
1278 1411 1371 1452 novas
1394 1392 1474 1451 vires
1496 1394 1642 1469 colligat.

353 1482 397 1540 ita
414 1480 570 1541 hominum
590 1498 709 1556 quoque
728 1484 832 1558 gentes
850 1500 919 1540 cum
935 1481 1013 1540 aliae
1027 1485 1094 1539 tum
1108 1481 1302 1541 Bassidarum
1315 1482 1440 1540 alternis
1453 1482 1641 1540 clarescant.

353 1570 456 1631 Claros
481 1570 561 1630 enim
587 1569 690 1629 luisse
707 1570 824 1647 pugiles
847 1570 1027 1629 Alcimidam
1053 1572 1152 1646 ipsum
1179 1574 1210 1629 et
1232 1567 1412 1629 avum'eius
1434 1574 1466 1629 et
1489 1570 1642 1646 abavum,

352 1665 457 1719 contra
479 1660 605 1739 ignavos
627 1660 745 1735 patrem
769 1661 799 1717 et
821 1677 968 1735 proavum
986 1652 1122 1740 (8-24).
1159 1659 1231 1718 Inde
1255 1679 1290 1719 eo
1312 1659 1431 1736 transit,
1453 1662 1492 1717 ut
1513 1662 1642 1719 nullam

352 1768 480 1825 usquam
507 1752 626 1827 gentem
649 1748 751 1823 plures
775 1767 867 1825 quam
889 1748 1084 1807 Bassidarum
1110 1752 1230 1827 gentem
1252 1748 1394 1807 victorias
1416 1748 1568 1827 pugilatu
1592 1770 1642 1807 re-

351 1838 516 1915 portavisse
540 1840 670 1913 exponat
691 1828 844 1917 (at—44),
868 1857 964 1913 neque
986 1841 1115 1914 poetam,
1139 1839 1164 1895 si
1182 1838 1331 1915 Aeginam
1352 1838 1484 1896 insulam
1502 1840 1642 1913 venerit,

352 1928 507 1987 materiem
533 1925 717 1985 laudationis
744 1926 880 2003 deficere,
909 1945 978 1986 cum
1005 1927 1066 1985 iam
1089 1927 1236 1986 Aeacidae
1266 1927 1453 2003 praeclarum
1477 1928 1640 1987 virtutum

349 2016 578 2076 fundamentum
606 2016 742 2092 iecerint,
772 2018 803 2075 et
830 2016 956 2075 Achillis
984 2016 1066 2075 fama
1093 2016 1248 2075 Memnone
1276 2016 1434 2075 interfecto
1461 2035 1567 2093 usque
1598 2018 1640 2076 ad

348 2106 511 2181 Aethiopes
533 2105 735 2180 penetraverit
754 2097 908 2186 (lt—53).
944 2106 979 2164 lu
1003 2104 1122 2183 epilogo
1141 2124 1160 2163 a
1179 2108 1278 2164 vetere
1302 2106 1384 2163 fama
1406 2105 1638 2183 Aeginetarunr

349 2194 386 2253 ad
409 2197 596 2271 praesentem
619 2194 795 2253 felicitatem
818 2194 1029 2253 illustrandam
1050 2213 1080 2253 se
1099 2197 1227 2271 revocat,
1250 2197 1287 2252 ut
1309 2193 1423 2270 duplici
1446 2214 1540 2254 onere
1566 2214 1639 2253 sus-

348 2288 434 2359 cepto
464 2286 495 2342 et
521 2282 687 2342 Alcimidae
716 2282 874 2343 victoriam
903 2283 1083 2343 Nemeaeam
1113 2283 1210 2342 denuo
1240 2282 1393 2359 praedicet
1422 2287 1453 2342 et
1482 2284 1638 2344 Melesiae

348 2372 460 2448 aliptae
484 2371 665 2431 celeritatem
691 2374 724 2429 et
744 2372 952 2431 dexteritatem
973 2372 1079 2431 laudet
1099 2363 1254 2454 (ts-66).
1273 2405 1316 2411 —
1335 2372 1461 2432 Carmen
1480 2373 1541 2433 hoc
1562 2394 1637 2433 curn

347 2461 480 2539 longiore
507 2460 612 2519 fabula
639 2463 740 2519 careat
767 2463 799 2520 et
824 2480 919 2537 paene
945 2465 1044 2521 totum
1074 2462 1105 2520 in
1134 2460 1269 2521 victoriis
1298 2462 1398 2540 gentis
1427 2462 1637 2522 Bassidarum

348 2550 556 2610 enumerandis
585 2552 616 2607 at
642 2548 848 2625 praedicandis
875 2552 1023 2628 versetur,
1051 2550 1129 2609 inter
1156 2550 1313 2629 frigidiora
1341 2551 1475 2610 carmina
1499 2551 1634 2611 Pindari

346 2640 516 2716 ponendum
536 2641 589 2698 est.
626 2637 668 2696 Ut
687 2639 765 2697 enim
784 2639 891 2698 decora
910 2640 969 2698 ista
989 2640 1177 2717 gymnastica
1200 2639 1308 2699 eximio
1331 2640 1491 2715 praeconio
1515 2650 1634 2701 ornata

346 2729 473 2806 gentiles
505 2728 645 2787 Bassidas
678 2746 857 2805 magnopere
894 2728 1053 2806 iuvabant,
1086 2730 1130 2788 ita
1162 2732 1298 2788 nocuum
1332 2730 1467 2788 animum
1500 2730 1633 2790 minime

346 2820 541 2878 commovent.

890 2953 934 3019 De
958 2955 1081 3021 metria

434 3083 581 3144 Carminis
599 3084 689 3144 huius
708 3083 823 3143 numeri
840 3088 912 3143 sunt
924 3085 1048 3163 Aeolici,
1062 3104 1081 3143 a
1099 3086 1220 3163 vulgari
1236 3086 1334 3146 forma
1348 3086 1509 3146 modorum
1522 3087 1631 3148 Aeoli·
1689 3124 1690 3159 ,

345 3193 447 3233 corum
477 3174 522 3232 ita
552 3172 707 3251 declinati,
737 3177 773 3231 ut
795 3174 862 3232 cola
884 3174 1034 3250 dactylica
1057 3177 1088 3234 et
1110 3175 1303 3251 anapaestica
1325 3176 1509 3255 logaoedicis
1533 3178 1630 3237 inter·
1689 3190 1690 3219 l

344 3264 438 3321 mixta
466 3264 533 3321 sint.
580 3263 726 3339 Strophae
754 3280 874 3323 versum
901 3264 1031 3340 primum
1059 3265 1132 3323 olim
1158 3264 1190 3323 in
1217 3265 1292 3323 duos
1320 3284 1424 3325 versus
1452 3266 1630 3339 diviseram,

344 3371 436 3429 nunc,
466 3372 502 3411 ne
530 3352 561 3409 iu
588 3372 619 3411 re
643 3351 734 3410 dubia
758 3372 775 3411 a
798 3371 945 3412 consensu
966 3354 1100 3413 virorum
1129 3353 1286 3414 doctorum
1316 3355 1498 3433 recederem,
1528 3356 1562 3413 in
1591 3377 1630 3415 eo

344 3442 497 3531 acquievi,
520 3442 554 3499 ut
584 3442 649 3500 cola
678 3460 781 3500 versus
811 3442 977 3518 separanda
1005 3462 1147 3503 curarem.
1194 3443 1271 3502 Item
1301 3444 1389 3519 epodi
1411 3463 1517 3505 versus
1547 3447 1628 3504 serti

343 3531 409 3589 cola
427 3532 458 3589 in
476 3549 571 3589 uuum
589 3549 708 3590 versum
726 3530 866 3590 coniunxi
884 3531 1048 3591 Hermanui
1067 3535 1099 3591 et
1116 3532 1239 3611 Barglrii
1257 3533 1472 3593 auctoritatem
1490 3539 1629 3609 secutus,

343 3620 414 3679 licet
444 3618 561 3695 syllaba
590 3638 698 3696 anceps
728 3619 827 3679 finalis
856 3621 965 3696 prioris
993 3622 1052 3681 coli
1080 3641 1108 3682 v.
1135 3632 1169 3680 20
1198 3622 1230 3682 in
1260 3622 1442 3682 contrariam
1471 3623 1627 3682 rationem

343 3709 485 3769 Boeclrhii
508 3708 618 3768 mahat.
655 3709 791 3785 Denique
815 3710 959 3769 ultimum
981 3729 1101 3769 versum
1124 3712 1265 3788 strophae
1288 3712 1495 3771 Hermannum
1518 3732 1625 3788 opusc.

343 3809 507 3858 v11170ss.
531 3801 561 3857 et
583 3798 761 3877 Bergkium,
789 3818 858 3858 cum
885 3799 961 3859 alias
988 3800 1130 3860 lectiones
1157 3800 1335 3876 probassent
1361 3805 1392 3860 et
1415 3801 1493 3861 sexti
1514 3821 1627 3862 versus

341 3888 465 3947 ultimas
495 3890 626 3964 quatuor
660 3886 791 3963 syllabas
820 3889 852 3946 in
881 3889 1063 3965 principium
1097 3891 1218 3966 septimi
1247 3908 1351 3950 versus
1383 3890 1626 3967 transtulissent,

341 3976 430 4035 aliter
458 3977 606 4036 dimensos
629 3994 691 4036 esse
714 3977 839 4037 lectores
869 3978 1037 4038 admonitos
1064 3980 1162 4038 velim.
1208 3980 1315 4040 Totius
1347 3983 1450 4039 autem
1477 3981 1625 4039 carminis

341 4066 514 4125 colometria
542 4085 610 4126 cum
637 4066 704 4142 ipsa
730 4086 784 4142 per
811 4085 841 4125 se
870 4066 908 4126 ob
935 4068 1126 4127 insolentiam
1154 4087 1344 4129 numerorum
1367 4068 1550 4127 difficillima
1574 4070 1624 4143 sit,

341 4154 433 4214 etiam
456 4154 607 4215 difficilior
628 4155 711 4214 facta
738 4158 783 4215 est
813 4156 917 4216 multis
947 4160 977 4215 et
1006 4156 1150 4235 gravibus
1177 4158 1356 4234 corruptelis
1383 4157 1559 4236 verborum,
1586 4158 1623 4217 de

341 4244 450 4319 quibus
476 4245 611 4305 conferas
637 4248 697 4305 not.
722 4245 786 4305 crit.
811 4246 849 4303 ad
874 4265 921 4306 vv.
942 4257 965 4305 7.
986 4257 1027 4307 13.
1048 4257 1089 4308 18.
1109 4257 1175 4306 aas.
1195 4258 1238 4307 61.
1258 4258 1300 4308 60.
1321 4258 1363 4306 65.
1410 4246 1538 4306 Carmen
1567 4248 1623 4307 hoc

340 4353 400 4409 quo
427 4335 515 4393 modo
543 4337 700 4394 cantatum
727 4334 779 4411 sit,
808 4337 923 4393 certum
950 4335 1095 4395 indicium
1122 4356 1182 4397 non
1209 4339 1320 4413 exstat,
1343 4336 1402 4396 nisi
1425 4337 1507 4412 quod
1529 4341 1622 4412 poeta

340 4442 366 4483 v.
387 4434 420 4481 av
444 4424 592 4501 Aeginam
615 4443 645 4483 se
668 4424 783 4484 venisse
812 4427 943 4483 testatur
965 4429 996 4483 et
1017 4426 1164 4486 vocabulo
1188 4421 1334 4506 lycoploo
1360 4417 1401 4508 (v.
1421 4418 1473 4507 32)
1497 4426 1621 4502 publica

339 4512 509 4573 comissatio
533 4512 659 4572 indicari
677 4512 804 4573 videtur.
837 4512 944 4572 Cetera
961 4513 999 4573 ab
1017 4534 1052 4574 eo
1070 4515 1209 4593 pendent,
1224 4519 1329 4575 utrum
1347 4534 1451 4574 omnes
1465 4533 1571 4575 versus
1590 4516 1620 4573 in

339 4601 475 4677 dipodias
505 4601 656 4661 dividendi
686 4602 747 4661 sint
775 4621 876 4664 necue.
921 4604 1024 4680 Atque
1053 4604 1193 4681 dipodica
1215 4607 1331 4666 scansio
1355 4623 1498 4666 versuum
1520 4609 1575 4663 str.
1597 4618 1618 4662 1.

339 4702 363 4749 ι).
383 4702 407 4749 6.
428 4703 452 4751 7.
471 4711 517 4767 ep.
537 4704 561 4751 2.
581 4703 605 4751 3.
625 4702 641 4749 6
665 4695 746 4750 certa
772 4696 802 4751 et
827 4692 984 4767 explorata
1009 4712 1072 4753 esse
1097 4694 1229 4773 videtur3
1262 4695 1297 4754 de
1326 4693 1453 4770 reliquis
1483 4694 1619 4753 versibus

339 4780 413 4841 adeo
437 4780 559 4858 vacillo,
584 4783 619 4838 ut
642 4800 678 4839 ue
701 4779 817 4839 ictuum
841 4782 962 4859 quidem
986 4785 1071 4861 signa
1093 4783 1192 4843 ubivis
1214 4804 1324 4861 ponere
1348 4802 1440 4843 ausus
1465 4783 1529 4843 sim.
