3417 5434
1390 222 1417 266 C

599 337 757 388 OLYMI'IA
775 339 849 391 VIII.
883 390 887 396 ,
1320 335 1361 397 61

91 509 155 566 inde
179 506 214 564 ab
237 505 338 565 Aeaco
361 505 572 564 administrata
599 505 672 583 fuit,
704 505 760 564 hoe
787 499 910 563 eausam
936 507 1043 579 poetae
1071 503 1196 580 praebet
1222 504 1364 562 narrandi

90 597 218 655 fabulam
240 596 277 654 de
296 597 395 654 Aeaco
419 595 456 653 ab
476 595 616 670 Apolline
641 597 672 653 et
688 594 831 669 Neptuno
855 594 894 652 ad
915 593 1035 652 moenia
1053 593 1160 653 Troiae
1184 594 1365 652 exstruenda

90 686 198 744 adscito
216 678 361 765 (sl—52).
391 685 457 742 Iam
474 702 543 742 cum
560 683 738 759 Neptunum
757 683 847 742 Troia
866 682 1044 741 Corinthum
1062 683 1185 741 rediisse
1204 687 1363 758 narrasset,

91 775 193 833 transit
211 774 249 832 ad
267 773 427 832 victoriam
445 773 593 850 Melesiae,
613 773 725 848 aliptae
744 772 970 849 Alcimedontis,
991 772 1124 831 Isthmiis
1149 771 1221 831 olim
1244 775 1364 847 partam

90 870 238 938 vetereque
267 863 375 922 decora
401 861 516 940 egregii
543 861 694 938 magistri,
725 861 804 920 iuter
833 880 912 936 quae
942 861 1180 920 recentissimum
1210 879 1273 919 esse
1303 861 1363 919 vic-

92 953 193 1012 toriam
215 952 444 1028 Alcimedontis,
468 951 626 1025 disciplina
650 951 715 1009 eius
738 951 776 1009 ad
798 950 1008 1010 fortitudinem
1031 954 1063 1009 et
1085 949 1296 1008 dexteritatem
1319 950 1363 1006 in-

93 1042 203 1099 formati
227 1033 371 1122 (53-66).
418 1039 504 1098 Hauc
535 1040 632 1117 igitur
663 1039 821 1098 victoriam
853 1039 908 1097 sub
940 1039 1030 1098 finem
1061 1042 1152 1116 poeta
1181 1039 1291 1097 iterum
1319 1039 1364 1096 ita

92 1131 247 1208 praedicat,
277 1133 315 1188 ut
341 1133 373 1187 et
399 1130 532 1204 reliquas
560 1128 702 1188 victorias
726 1128 824 1206 gentis
847 1129 1077 1212 Blepsiadarum
1099 1130 1311 1187 commemoret
1334 1131 1364 1185 et

92 1223 167 1278 fama
187 1239 289 1278 earum
313 1221 457 1296 cognatos
480 1219 571 1276 etiam
594 1221 729 1276 mortuos
752 1218 783 1276 in
804 1217 880 1277 Orco
903 1217 1034 1295 gaudere
1054 1218 1136 1276 dicat
1155 1209 1300 1299 (67-88).

172 1310 248 1368 'Pota
270 1309 328 1367 oda
351 1307 482 1368 sollicita
501 1307 632 1382 quadam
650 1327 723 1366 cura
741 1306 777 1364 de
796 1307 971 1385 integritate
989 1307 1114 1384 insulae,
1133 1306 1183 1365 cui
1202 1309 1269 1365 tum
1289 1310 1362 1364 tem-

94 1399 166 1473 poris
179 1398 282 1475 gravia
296 1397 358 1456 iam
376 1397 510 1474 pericula
529 1397 566 1455 ab
581 1395 810 1454 Atheniensium
825 1396 991 1471 cupiditate
1006 1395 1225 1473 impendebant,
1240 1396 1364 1471 perfusa

94 1493 133 1546 est
146 1481 203 1566 (vv.
220 1499 259 1564 1¹9.
275 1479 332 1568 88).
360 1485 440 1544 Huic
455 1490 557 1544 autem
570 1505 671 1544 rerum
685 1485 780 1544 statui
798 1485 873 1543 bene
892 1485 1033 1544 convenIt
1051 1485 1201 1544 sententia
1219 1485 1363 1543 Boeelrhii

94 1577 162 1635 hanc
184 1577 270 1634 odam
292 1596 353 1635 non
376 1575 523 1652 Aeginae,
554 1575 606 1633 ubi
634 1595 670 1633 ne
699 1574 854 1635 molimina
877 1574 949 1633 belli
972 1575 1133 1634 festivitati
1156 1574 1362 1649 obstreperent

96 1666 242 1724 verendum
266 1665 374 1741 frierit,
398 1665 449 1723 sed
473 1662 631 1739 Olympiae
655 1664 686 1722 in
709 1683 819 1740 pompa
843 1664 881 1721 ad
904 1683 988 1722 aram
1011 1663 1091 1723 Iovis
1115 1682 1133 1722 a
1156 1663 1268 1723 victore
1292 1682 1361 1721 cum

96 1755 241 1812 comitibus
259 1754 401 1812 instituta
419 1756 573 1812 cantatam
592 1771 655 1811 esse
674 1752 882 1814 existimantis.
921 1752 1111 1828 Quamquam
1129 1753 1161 1810 in
1179 1752 1362 1812 contrariam

96 1843 260 1902 sententiam
290 1862 395 1903 versus
419 1853 453 1900 ‘25
476 1836 562 1901 τάνδ’
587 1839 721 1920 ἁλιερκέα
750 1840 848 1921 χώραν
879 1843 996 1900 trahere
1025 1842 1157 1919 videtur,
1188 1844 1219 1899 et
1249 1842 1361 1899 Drach·

96 1951 222 2011 mannus,
245 1933 290 1991 De
314 1932 514 1991 recentiorum
538 1932 784 2007 interpretatione
808 1931 967 1989 Pindarico
989 1931 1008 1989 I.
1028 1949 1051 1988 11
1069 1951 1094 1992 c.
1115 1943 1138 2009 1,
1162 1951 1198 1988 er
1221 1931 1362 1990 universa

96 2023 221 2080 carminis
243 2022 342 2081 indole
367 2040 510 2097 apparere
534 2021 686 2080 existimat
709 2040 828 2079 carmen
850 2020 998 2098 Aeginae,
1026 2040 1085 2079 non
1110 2019 1268 2096 Olympiae
1292 2039 1360 2078 can-

98 2115 184 2170 tatum
215 2130 285 2170 esse.
341 2111 455 2170 Verum
486 2110 683 2169 Boeclrhianis
717 2110 902 2188 argumentis
934 2110 1080 2168 accedunt
1112 2113 1218 2185 aperta
1249 2109 1361 2167 iudicia

97 2201 215 2259 festinati
238 2200 391 2278 caminia,
419 2203 548 2258 metrum
570 2200 695 2276 vulgare
719 2203 750 2258 et
772 2199 965 2277 neglegenter
987 2200 1115 2276 factum,
1146 2198 1277 2257 elocutio
1300 2218 1359 2257 non

97 2290 157 2347 satis
184 2291 348 2367 elaborata,
373 2289 477 2347 fabula
504 2309 539 2347 ex
566 2289 724 2348 Homerico
751 2288 816 2348 loco
845 2291 870 2346 Z
887 2275 1047 2361 Μὲνθα
1076 2287 1199 2365 μάλιστα
1229 2284 1359 2366 ἄμβατός
1392 2283 1496 2370 q<33

97 2376 146 2436 ἔστι
165 2378 244 2450 πόλις
267 2377 317 2438 καί
340 2375 502 2458 ἐπίδρομον
521 2375 620 2437 ἔπλετο
643 2382 735 2457 τεῖχος
758 2377 866 2438 leviter
883 2377 953 2436 ficta
971 2369 1014 2458 (v.
1034 2377 1112 2436 Stzb.
1127 2377 1155 2437 d.
1169 2377 1196 2436 b.
1212 2377 1267 2436 Ak.
1291 2387 1358 2435 1895

97 2487 119 2541 p.
136 2479 165 2526 λλ
183 2461 242 2550 ss),
266 2467 443 2528 transeundi
465 2468 612 2546 tbrmulae
635 2467 782 2543 insipidae
804 2459 845 2549 (v.
865 2467 1003 2542 inprimis
1022 2487 1048 2526 v.
1068 2459 1127 2547 53),
1146 2465 1275 2541 denique
1294 2485 1359 2525 sen·

97 2558 194 2616 undae
217 2559 247 2616 in
270 2557 422 2618 communi
446 2559 476 2615 et
498 2558 604 2632 patulo
628 2557 697 2616 orbe
722 2560 883 2615 versantes.

624 2693 669 2758 De
691 2693 814 2759 metris.

171 2807 315 2868 Carminis
345 2808 435 2866 huius
466 2807 634 2884 mediocris,
665 2807 695 2865 in
726 2826 836 2883 pompa
860 2825 879 2864 a
902 2806 1061 2866 comitibus
1091 2805 1213 2865 victoris
1243 2805 1358 2864 cantati

99 2889 147 2974 (vv.
166 2891 273 2980 9-10),
297 2898 414 2956 numeri
437 2901 509 2955 sunt
532 2897 809 2972 dactylo-epitritici
834 2897 982 2974 vulgares,
1019 2895 1231 2955 Breviusculos
1254 2914 1358 2954 versus

99 2987 218 3062 strophae
248 2988 390 3064 quintum
420 2989 451 3045 et
482 2989 598 3046 sextum
628 2986 739 3046 rectius
763 2986 793 3043 in
817 3005 912 3044 unum
934 3004 1054 3044 versum
1081 2985 1257 3063 coniunges,
1287 2984 1358 3043 licet

99 3075 122 3130 in
142 3077 192 3134 fine
210 3077 318 3152 prioris
335 3094 440 3135 versus
458 3079 548 3150 poeta
565 3076 611 3133 bis
632 3068 692 3154 (vv.
713 3085 755 3132 50.
776 3067 824 3156 tl)
844 3075 992 3150 syllabam
1012 3074 1176 3150 ancipitem
1195 3074 1358 3134 admiserit.

100 3163 182 3223 Etiam
204 3166 303 3224 minus
327 3165 455 3224 similem
479 3164 631 3224 licentiam
656 3163 789 3239 syllabae
813 3164 952 3239 ancipitis
975 3164 1007 3220 in
1026 3185 1053 3222 v.
1074 3174 1108 3222 87
1127 3163 1287 3222 admissam
1307 3163 1358 3222 ob·

99 3257 162 3312 stare
183 3255 266 3334 duco,
291 3255 451 3330 quominus
475 3254 561 3330 epodi
585 3255 660 3312 duos
683 3254 806 3312 ultimos
834 3271 938 3313 versus
966 3253 1115 3312 continuis
1138 3252 1270 3311 numeris
1293 3271 1357 3310 sese

99 3343 211 3418 excipere
245 3348 424 3404 statuamus.
475 3344 571 3420 Magis
606 3344 686 3402 enim
716 3343 817 3401 hiatus
849 3343 1027 3401 delicatulas
1059 3360 1147 3400 aures
1175 3342 1357 3401 Graecorum

100 3433 245 3491 offendebat
273 3453 365 3509 quam
391 3433 489 3493 brevis
516 3432 633 3509 syllaba
661 3433 692 3490 in
720 3451 843 3491 caesura
871 3431 909 3490 ad
937 3433 1106 3507 exemplum
1135 3431 1257 3491 Homeri
1289 3451 1357 3506 pro-

100 3519 179 3580 ducta.
229 3523 326 3599 Epodi
358 3523 522 3583 versiculus
555 3525 681 3598 quartus
719 3522 890 3581 monocolos
921 3521 1060 3579 similiter
1078 3523 1183 3596 -atque
1216 3521 1248 3580 P.
1272 3531 1355 3578 1113.

100 3608 139 3666 λι
155 3623 177 3668 4.
200 3624 252 3674 v4
276 3611 364 3672 modo
394 3613 621 3688 praecedentem
646 3630 767 3671 versum
796 3611 912 3669 claudit
939 3604 1002 3691 (vv.
1025 3621 1066 3671 18.
1088 3597 1137 3689 4ο)
1168 3609 1256 3669 modo
1288 3609 1356 3667 sub-

101 3703 215 3774 sequenti
241 3702 340 3778 praeIt
361 3695 403 3782 (v.
429 3694 486 3783 θλ).
537 3701 733 3778 Diagramma
759 3700 900 3759 carminis
924 3699 1079 3758 embaterii
1102 3699 1146 3757 ita
1169 3697 1292 3776 digessi,
1320 3700 1357 3755 ut

102 3788 215 3864 hipodiis
243 3791 398 3867 dactylicis
426 3791 574 3849 ambitum
605 3790 745 3848 binamm
777 3789 967 3865 dipodiarum
998 3789 1110 3864 expleri
1142 3787 1354 3865 significarem,

103 3895 122 3934 v.
132 3877 198 3938 Prol.
218 3899 275 3940 nvi.
322 3880 408 3950 Quod
431 3883 533 3938 autem
556 3890 780 3940 vv.1'1.‘20.42
805 3899 859 3954 pro
883 3879 1013 3954 spondeo
1036 3877 1210 3936 trochaeum
1237 3877 1268 3934 in
1291 3894 1355 3934 car-

104 3965 163 4025 mine
183 3969 320 4028 festinato
344 3989 452 4044 ponere
476 3971 566 4044 poeta
588 3989 648 4028 non
671 3967 835 4044 dubItavit,
858 3968 915 4026 hoc
938 3967 1075 4042 equidem
1098 3967 1142 4024 ite
1165 3966 1354 4042 interpretor,

103 4062 126 4110 ut
144 4076 188 4130 pro
209 4075 243 4111 ni
261 4073 297 4110 m
320 4058 412 4118 etiam
432 4073 468 4110 ω
487 4075 530 4116 Λ
548 4078 566 4110 u
589 4057 660 4133 poni
683 4057 816 4132 potuisse
840 4057 1014 4115 existimem.

191 4209 193 4213 ,
1115 4143 1195 4223 Στρ.
1219 4136 1265 4201 α’.

233 4255 349 4336 Μᾶτερ
373 4246 399 4315 ὦ
423 4227 706 4336 χρυσοστεφάνων
730 4246 863 4313 ἀέθλιον
888 4247 1078 4331 Οὐλυμπία,

233 4355 380 4421 δέσποιν’
406 4357 580 4440 ἀλαθείας,
604 4357 660 4420 ἵνα
683 4355 816 4440 μάντιες
838 4355 958 4439 ἄνδρες

152 4533 224 4568 vanu
242 4532 346 4568 nrcrro.
383 4515 467 4569 Inscr.
494 4513 677 4585 Ἀλκιμέδοντι
695 4518 843 4585 παλαιστῇ.
870 4513 919 4566 ιιαλ
940 4509 1109 4581 Τιμοσθένει
1127 4514 1273 4581 παλαιστῇ.
1303 4511 1352 4564 καί

101 4584 202 4660 Μελησίᾳ
220 4595 429 4658 παγκρατιαστῇ
450 4585 554 4657 Νέμεα.
579 4586 747 4656 Αἰγινήταις.
772 4585 920 4653 νικήσασιν
939 4582 1099 4653 ὀλυμπιάδα
1119 4588 1152 4651 A,
1169 4581 1354 4652 Ἀλκιμέδοντι

154 4747 334 4782 comoranti.
372 4747 397 4784 v.
418 4736 442 4783 1.
476 4729 636 4800 Olympiam
660 4746 709 4782 cur
731 4731 817 4797 poeta
841 4731 870 4781 et
892 4727 945 4781 hoc
968 4744 1050 4781 versu
1074 4730 1103 4780 et
1126 4725 1257 4781 versibus
1277 4742 1352 4792 s—ro,

100 4797 179 4864 quibus
193 4801 229 4854 ad
243 4801 363 4870 primum
378 4817 488 4856 versum
502 4801 584 4871 redit,
595 4801 765 4870 alloquatur,
779 4798 895 4853 facilem
908 4800 996 4853 habet
1009 4798 1188 4868 explic-atum,
1200 4797 1225 4852 si
1239 4813 1352 4852 carmen
