3417 5434
480 293 516 347 11.
543 294 593 344 Du
612 294 706 344 ARTE
724 293 885 345 Marmor
903 294 1062 348 PINDARI.
1348 292 1413 346 XIX

116 453 271 519 ordinem
296 477 316 518 a
339 454 459 540 primo,
480 477 547 519 non
570 477 590 518 a
612 455 753 520 secundo
774 456 855 540 pede
873 455 1005 520 initium
1024 478 1137 541 capere
1156 461 1281 522 veteres
1299 457 1412 523 metri-

117 581 180 624 cos
204 565 239 625 et
261 560 466 646 rhythmicos
489 583 554 626 uno
579 582 739 626 consensu
762 562 902 628 tradere:

325 699 342 706 ’“
456 713 462 724 ·
593 713 610 736 ,·,
665 728 682 737 ,
740 691 808 734 11011
866 696 1225 740 -ῦὲυυ-υ;υ..-

213 791 390 858 Difficilior
415 793 455 858 ad
474 792 717 859 diiudicandum
740 799 790 860 est
813 817 913 860 causa
935 817 1047 861 eorum
1070 817 1222 860 versuum
1244 796 1411 882 logaoedi-

120 921 254 985 eorum,
276 921 415 983 quorum
437 899 544 987 primo
567 901 641 986 pedi
665 900 792 986 syllaba
814 900 928 987 longa,
951 901 1042 967 ouius
1065 902 1101 967 in
1122 903 1230 968 locum
1249 925 1411 989 nusquam
1531 989 1534 994 ¹

120 1007 235 1070 breuis
254 1007 420 1092 succedat,
439 1007 618 1093 praemissa
636 1011 700 1094 est,
718 1006 808 1072 velut
827 1005 915 1072 O.1v
930 1010 958 1074 3.
976 1011 1007 1075 6.
1022 1011 1052 1075 8.
1074 1027 1106 1073 x.
1126 1032 1174 1094 ep.
1189 1011 1219 1074 5.
1234 1012 1264 1075 6.
1292 1009 1326 1074 Ρ.
1340 1029 1367 1074 11
1382 1012 1410 1076 5.

120 1115 153 1178 6.
169 1113 200 1178 8.
220 1135 268 1198 ep.
286 1115 313 1178 7.
332 1132 396 1178 vm
411 1115 440 1178 3.
460 1114 500 1179 N.
515 1117 584 1180 112.
604 1113 628 1179 I.
643 1116 736 1180 vfld.
766 1112 927 1180 Levitatis
946 1115 1219 1182 enimincrimen
1232 1117 1411 1182 meritoin-

121 1225 249 1306 curret,
267 1220 323 1305 qui
343 1222 431 1287 casui
449 1221 591 1287 tribuere
605 1222 699 1306 velit,
717 1221 804 1306 quod
817 1221 853 1284 in
868 1222 1009 1307 quinque
1024 1223 1075 1287 vel
1090 1224 1189 1288 etiam
1203 1223 1314 1289 decem
1329 1230 1412 1289 stro-

120 1327 199 1412 phis
223 1349 384 1413 nusquam
402 1329 509 1394 brevis
527 1351 588 1414 pro
607 1329 707 1414 longa
725 1327 852 1412 syllaba
869 1329 979 1414 posita
996 1333 1054 1395 est.
1091 1329 1171 1395 Inde
1189 1332 1330 1417 primam
1348 1333 1411 1418 syl-

120 1435 236 1500 labam
266 1435 385 1500 horum
417 1459 570 1502 versuum
601 1458 668 1502 non
701 1435 867 1502 anaorusis
901 1436 1052 1521 ancipitis
1082 1441 1191 1523 partes
1222 1441 1322 1525 tueri,
1353 1441 1411 1505 sed

121 1548 253 1628 partem
275 1543 399 1628 primae
423 1543 572 1630 dipodiae
596 1545 723 1610 efficere
748 1544 924 1608 statuimus
948 1545 1035 1609 hunc
1057 1544 1093 1608 in
1115 1545 1262 1610 modum:

399 1670 694 1720 L-oroo-.·.
785 1667 1088 1720 Ι’--ῦ.·..νυ-υ.·.
1143 1709 1175 1721 -.

121 1775 347 1841 Probabilitas
380 1781 489 1842 autem
521 1775 617 1841 huius
649 1777 720 1841 viae
752 1776 926 1842 scandendi
951 1799 997 1857 ,eo
1035 1782 1186 1863 augetur,
1222 1779 1310 1864 quod
1340 1780 1408 1845 vim

120 1885 250 1968 primae
273 1884 362 1949 illius
385 1884 502 1970 longae
525 1883 612 1949 haud
635 1906 709 1949 raro
732 1888 830 1968 poeta
853 1882 1015 1969 gravitate
1035 1883 1107 1948 soni
1126 1888 1159 1948 et
1178 1884 1320 1969 pondere
1339 1909 1409 1952 sen·

116 1990 244 2056 tentiae
272 1991 531 2078 exaggerandam
560 1991 698 2076 curavit,
731 1997 768 2055 ut
795 2013 909 2056 versus
937 1990 1160 2077 auspicaretur
1189 2015 1208 2055 a
1231 1993 1409 2080 vocabulis,

117 2120 261 2181 quorum
292 2099 402 2183 prima
434 2097 560 2183 syllaba
591 2098 714 2186 insigni
742 2098 883 2183 quadam
911 2098 1073 2184 gravitate
1101 2099 1288 2185 excelleret,
1318 2101 1408 2165 velut

116 2203 321 2289 τηλαυγέσιν
339 2203 389 2293 (Ρ.
408 2223 434 2268 11
453 2202 502 2292 6),
526 2204 710 2298 εὐάρματος
727 2202 777 2291 (Ρ.
796 2223 822 2268 11
841 2202 893 2293 5),
916 2205 1034 2290 εὐαχέα
1053 2202 1102 2292 (Ρ.
1121 2224 1148 2270 11
1169 2205 1240 2295 14),
1263 2207 1408 2273 εὐανθέα

119 2311 172 2400 (Ρ.
192 2331 218 2377 11
238 2311 307 2401 62).
1284 2317 1287 2322 ’

209 2419 272 2485 His
295 2418 443 2485 versibus
467 2420 599 2506 cognati
621 2423 698 2484 sunt
717 2442 798 2504 quos
818 2418 1006 2505 ἀκεφάλους
1024 2426 1132 2488 vetere
1150 2423 1280 2488 nomine
1299 2425 1407 2510 appel-

116 2527 240 2612 lamus,
279 2527 334 2612 qui
366 2549 441 2592 oum
478 2526 625 2612 dipodius
660 2527 869 2613 scandantur,
905 2528 1012 2613 prima
1044 2528 1177 2613 dipodia
1208 2553 1267 2595 suo
1300 2531 1406 2617 capite

117 2639 222 2720 caret,
246 2634 337 2698 velut

822 2785 838 2793 -
908 2723 949 2789 N.
968 2743 1006 2790 rv
1025 2728 1055 2792 8.

679 2783 840 2900 ’Ῐ,
908 2831 1109 2919 uras

117 2954 182 3022 Sed
208 2956 248 3020 de
276 2955 339 3021 hoc
367 2978 483 3042 genere
511 2979 664 3022 versuum
692 2961 726 3022 et
753 2957 792 3022 de
814 2957 871 3041 iis,
898 2957 933 3021 in
961 2958 1080 3041 quibus
1109 2959 1271 3043 spondeus
1301 2962 1406 3026 maior

117 3063 258 3149 pedibus
282 3063 425 3148 epitritis
448 3065 647 3150 praemissus
671 3067 722 3130 est
745 3064 836 3130 velut

519 3190 859 3242 murro--sc-
925 3171 1032 3239 P.13

117 3295 308 3380 disputandi
339 3296 431 3362 locus
462 3297 516 3362 hio
549 3319 616 3362 non
644 3302 709 3382 est,
741 3296 1001 3383 quandoquidem
1034 3320 1147 3363 eorum
1175 3300 1302 3364 scansio
1331 3325 1406 3366 eum

116 3403 227 3490 longis
258 3403 358 3468 trium
387 3408 565 3487 quatuorve
594 3427 759 3470 morarum
784 3409 817 3468 et
839 3425 1016 3489 pausarum
1038 3405 1220 3471 intervallis
1245 3405 1407 3494 cohaeret,

118 3510 158 3574 de
181 3511 303 3595 quibus
326 3511 412 3575 infra
435 3511 565 3576 demum
588 3512 792 3578 disseremus.

208 3634 264 3700 De
283 3635 409 3700 medio
428 3658 549 3701 versu.
582 3635 726 3701 Medium
744 3659 873 3702 versum
892 3636 1056 3702 continuis
1073 3639 1218 3703 numeris
1237 3640 1405 3704 decurrere

119 3743 200 3827 dixi3
229 3743 316 3826 quod
341 3743 368 3807 si
392 3747 479 3808 recte
503 3743 693 3830 statuimus,
720 3744 872 3809 inanibus
896 3744 1098 3829 temporibus
1121 3745 1157 3809 in
1179 3747 1286 3811 medio
1309 3770 1405 3812 versu

117 3849 210 3915 locus
240 3849 349 3914 nullus
378 3855 436 3915 est.
483 3850 592 3934 Atque
617 3850 681 3916 hoc
703 3850 798 3916 facile
823 3872 934 3915 omnes
958 3851 1164 3916 consentient
1187 3853 1258 3918 fieri
1280 3854 1316 3918 in
1338 3854 1407 3918 vul·

120 3957 255 4042 garibus
278 3957 427 4022 versibus
449 3979 576 4022 necnon
598 3957 633 4022 in
656 3957 767 4043 lyricis
787 3958 842 4042 iis,
866 3957 922 4041 qui
942 3958 1106 4024 continuis
1125 3960 1251 4025 vicibus
1270 3959 1352 4025 arsis
1371 3965 1405 4024 et

120 4062 223 4128 thesis
248 4064 478 4151 devolvuntur,
501 4066 597 4155 velut
614 4064 650 4131 0.
669 4083 708 4128 111
730 4069 762 4130 1:

218 4189 444 4276 Τυνδαρίδαις
466 4213 501 4255 τε
524 4189 726 4275 φιλοξείνοις
748 4190 843 4256 ἁδεῖν
865 4192 1119 4279 καλλιπλοκάμῳ
1142 4189 1179 4255 θ’
1196 4189 1312 4279 Ἑλένᾳ

121 4400 182 4468 Sed
210 4403 299 4468 haud
327 4424 401 4468 raro
429 4403 464 4467 in
488 4403 620 4468 Pindari
648 4409 884 4489 poetarumque
911 4402 1087 4489 lyricorum
1114 4405 1262 4470 versibus
1290 4429 1403 4472 cursus

120 4532 329 4576 numerorum
351 4511 401 4575 ita
422 4511 624 4596 interruptus
649 4517 711 4596 est,
735 4515 772 4575 ut
796 4511 877 4575 duae
901 4533 988 4576 arses
1012 4511 1098 4576 inter
1121 4535 1155 4577 se
1175 4514 1344 4600 collidant,
1366 4521 1403 4579 ut

120 4742 253 4809 Talibus
286 4743 323 4806 in
354 4743 500 4810 versibus
528 4744 576 4812 vis
610 4742 786 4831 rhythmici
817 4743 941 4809 ordinis
969 4764 1103 4829 prorsus
1129 4745 1404 4836 pessumdaretur,

1149 4848 1188 4903 b*
