3417 5434
612 377 735 428 Neues
754 377 813 429 vll.

136 537 249 619 κόραν
272 558 305 601 τε
330 537 571 618 γλαυκώπιδα·
596 538 739 603 ἀύυασαι
762 534 797 603 di
821 542 993 624 βροτοῖσιν
1017 540 1122 606 ἀλκάν

138 641 333 726 ἀμαχανιᾶν
351 684 364 693 -
384 644 559 727 δυσβάτων
582 645 675 729 θαμά
698 646 843 730 διδόμεν.

140 751 175 813 εἰ
199 750 262 835 γάρ
286 767 404 835 σφισιν
427 748 685 835 ἐμπεδοσθενέα
708 755 822 836 βίοτον
846 751 1006 838 ἁρμόσαις

140 857 212 943 ἥβᾳ
236 861 362 944 λιπαρῷ
386 880 419 922 τε
443 858 558 943 γή-ραι·
579 856 768 937 διαπλέκοις

59 982 117 1027 100
140 963 316 1048 εὐδαίμον’
342 963 452 1047 ἐόντα,
475 964 620 1031 nui-derv
644 962 680 1030 dl
702 968 818 1045 παῖδες
840 970 947 1052 ἔχοιεν
969 966 1033 1033 αἰεὶ

140 1176 244 1262 γέρας
266 1180 365 1263 τόπερ
384 1218 397 1227 -
417 1187 481 1243 νῦν
504 1176 559 1243 καὶ
582 1179 711 1265 ἀρετ-ον
734 1181 864 1246 ὄπιθεν.

141 1286 181 1349 τὸ
206 1282 239 1348 d’
266 1284 344 1370 ἐμὸν
367 1286 408 1350 οὔ
430 1306 508 1350 ποτε
531 1285 646 1370 φά-σει
669 1285 747 1371 κέαρ

142 1392 318 1477 ἀτρόποισι
341 1394 590 1476 Νεοπτόλεμον
614 1390 748 1459 ἑλκύσαι

142 1502 249 1564 ἔπεσι·
273 1499 377 1565 ταύτά
399 1496 436 1565 δὲ
459 1498 531 1583 τρὶς
551 1502 713 1585 -τετράκι
736 1499 766 1566 τ’
792 1501 953 1586 ἀμπολεῖν

64 1624 120 1670 105
143 1606 267 1692 ἀπορία
290 1605 431 1690 τελέθει,
455 1606 578 1672 τέκνοι-

185 1730 240 1778 σιν
264 1714 318 1779 άτε
341 1714 537 1798 μαψυλάκας
559 1716 642 1791 Διὸς
666 1717 845 1800 Κόρινθος.
1299 1734 1350 1781 155

144 1930 187 1979 96.
207 1924 328 1979 δύνασαι
347 1923 378 1979 σε’
397 1923 426 1978 in
445 1924 606 1996 parenthesi
623 1924 718 1995 posuit
736 1925 828 1997 Bergk
843 1958 879 1967 -
894 1931 935 1980 98.
955 1944 1051 1996 σφισιν
1066 1926 1182 1982 Aldina:
1203 1945 1272 1998 σφιν
1286 1928 1349 1983 BD

67 2029 102 2035 —
127 2002 187 2050 101.
212 1994 316 2050 ὄπιθεν
339 1996 381 2050 ed.
400 1995 568 2052 Moreliana:
595 1995 715 2051 ὄπισθεν
739 2000 799 2065 (ds
819 1997 861 2063 D)
883 1998 950 2051 BD
969 2030 1000 2038 -
1023 2004 1081 2052 10³.
1106 1996 1244 2068 ἀτρόκαοι
1263 2000 1293 2054 D
1315 2029 1348 2038 -—

67 2074 133 2122 104.
152 2066 242 2121 ταύτά
261 2068 386 2122 Boeckh:
405 2076 494 2121 ταῦτα
509 2068 570 2122 BD
585 2100 617 2108 -
632 2067 744 2137 τετράκι
763 2068 890 2124 Schmid:
910 2067 1037 2139 τετράκις
1051 2070 1113 2124 BD
1127 2103 1162 2111 -
1177 2075 1237 2124 105.
1256 2082 1348 2141 μαψυ-

66 2140 172 2202 λάκαις
190 2138 261 2193 coni.
277 2137 431 2193 Schneider
447 2138 640 2209 probabiliter.

145 2286 187 2335 96.
214 2278 302 2349 κόραν
321 2281 513 2351 γλαυκώπιδα,
539 2280 677 2351 virginem
695 2281 863 2350 Minervam,
889 2299 962 2351 quae
980 2281 1092 2337 nomine
1108 2282 1218 2338 Ἀλαλιιο
1253 2280 1350 2353 νηίδος

67 2354 206 2407 adversos
221 2369 301 2406 casus
320 2350 498 2407 auxiliatrice
516 2370 601 2407 menu
621 2369 714 2407 areere
733 2353 912 2419 credebatur;
932 2352 959 2408 ei
976 2357 1072 2408 autem
1090 2357 1120 2409 et
1137 2354 1197 2408 Iovi
1242 2354 1348 2411 ercules

67 2424 255 2494 persuadeat,
279 2426 311 2477 ut
334 2440 363 2477 se
382 2423 412 2477 in
431 2424 649 2479 eserrunoandis
667 2423 749 2479 melis
773 2424 910 2479 adiuvent
931 2458 967 2465 —
989 2430 1031 2479 98.
1053 2425 1079 2479 ιλ
1097 2425 1161 2495 γάρ·
1187 2426 1295 2480 utinam
1314 2458 1348 2467 -

70 2502 126 2549 102
142 2513 177 2550 ss.
196 2494 225 2549 in
243 2496 298 2549 fine
317 2494 448 2549 carminis
467 2499 560 2565 poeta,
581 2498 611 2549 ut
625 2498 690 2550 roto
709 2511 760 2565 pro
778 2495 894 2551 victoris
913 2497 1004 2551 salute
1018 2500 1115 2550 votum
1133 2513 1184 2568 pro
1203 2514 1254 2551 sua
1272 2498 1350 2552 lame

68 2566 230 2635 addat(el.
252 2566 522 2623 O.1rrss.v11oe.
551 2566 579 2622 P.
599 2586 620 2619 n
638 2570 688 2635 ss),
716 2566 807 2621 denuo
831 2584 849 2621 a
871 2567 988 2622 erimine
1015 2568 1192 2638 Neoptolemi
1220 2568 1290 2623 laesi
1319 2586 1348 2623 se

67 2639 185 2709 purgat,
204 2637 253 2691 sed
272 2654 307 2692 ne
326 2641 493 2708 argumenta
510 2637 567 2692 iam
587 2637 676 2693 allata
693 2654 842 2707 recoquere
861 2642 990 2709 cogatur,
1009 2638 1180 2709 proverbiali
1198 2638 1348 2708 locutione,

68 2726 131 2779 qua
157 2708 204 2790 qui
229 2709 369 2763 crambem
395 2710 586 2779 recoquebent
610 2710 810 2779 carpebantur,
836 2710 1007 2765 defensionis
1032 2710 1202 2766 brevitatem
1224 2715 1347 2767 excusat.

68 2782 115 2835 De
134 2780 240 2861 origine
257 2779 398 2851 proverbii
422 2780 530 2836 seholie
552 2781 621 2835 haee
644 2784 772 2837 narrent:
796 2781 974 2852 Megarenses
994 2782 1194 2837 dominationis
1213 2782 1347 2837 Bacchia-

68 2854 173 2905 darum
183 2852 362 2923 rmpatientes
372 2852 537 2906 delectionis
548 2850 666 2907 consilia
676 2851 840 2922 volvebant3
855 2856 917 2907 tum
927 2852 1065 2908 Corinthii
1078 2852 1189 2924 legatos
1203 2854 1348 2922 Megerem

69 2924 221 2991 miserunt,
247 2922 296 2991 qui
322 2940 385 2977 eum
412 2923 515 2977 fnrstre
537 2924 715 3005 Megarenses
735 2941 753 2978 a
771 2923 897 2978 consiliis
915 2923 1076 2979 rebellionis
1095 2925 1234 2979 deterrere
1253 2925 1348 2980 consti

69 2996 175 3062 essent,
194 2994 231 3047 ed
249 2996 420 3065 postremum
439 3012 501 3049 cum
520 2996 661 3065 gravrtate
681 2994 826 3051 dixerunt:
848 2993 963 3059 δικαίως
981 2996 1106 3062 οτινάξει
1126 2995 1141 3049 d
1160 2996 1228 3059 Διὸς
1246 2995 1346 3065 Κόριν-

70 3071 140 3133 θος,
161 3064 185 3119 εἰ
202 3065 238 3134 μὴ
258 3064 376 3133 λήψοιτο
395 3064 477 3134 δίκην
500 3063 569 3135 παρ’
590 3068 689 3121 αὐτῶν.
705 3068 737 3120 et
754 3067 933 3136 Megarenses
951 3067 1062 3138 legatos
1082 3066 1225 3139 lapidibus
1245 3068 1347 3133 abege-

70 3141 140 3191 runt
158 3139 185 3190 et
203 3136 232 3189 in
251 3136 348 3206 lugam
367 3136 506 3191 coniectos
525 3154 572 3191 eos
591 3137 839 3207 persequebantur,
863 3137 1013 3193 ilentidem
1036 3138 1191 3193 clementes
1210 3140 1260 3193 τὸν
1279 3139 1347 3201 Διὸς

72 3208 226 3277 Κόρινθον.
