3417 5434
629 368 761 419 PYTHIA
779 368 814 419 11.

137 527 265 616 Λοκρὶς
283 528 453 615 παρθένος
475 529 581 615 ἀπύει,

184 641 348 722 πολεμίων
369 637 524 722 ναμάτων
547 675 559 683 -
582 635 613 715 ἐξ
638 636 815 721 ἀμαχάνων

82 762 116 807 -ιο
137 746 199 808 διὰ
221 745 296 810 τεὰν
318 746 463 830 δύναμιν
485 741 632 828 δρακεῖσ’
657 786 672 794 -
695 742 850 828 ἀσφαλές.

133 858 231 917 θεῶν
251 849 282 916 δ’
308 851 478 937 έφετ-μαῐς
497 849 616 929 Ἰξίονα
639 849 740 935 φαντὶ
763 860 882 915 ταῦ-τα
905 853 1037 936 βροτοῖς

135 958 246 1042 λέγειν
269 958 305 1023 έν
326 962 513 1044 πτερόεν-τι
534 968 642 1045 τροχῷ

134 1076 246 1153 παντᾷ
266 1068 515 1151 κυλινδόμενον·

136 1175 201 1239 τὸν
221 1172 396 1259 εὐεργέταν
418 1172 557 1256 ἀγαναῖς
579 1171 733 1257 ἀμοιβαῖς

187 1280 417 1366 ἐποιχομένους
438 1285 599 1346 τίνεσθαι.

85 1494 118 1540 25
138 1480 242 1561 ἔμαθε
264 1472 301 1541 δὲ
325 1474 436 1561 σαφές.
483 1473 654 1561 εὐμενέσσι
677 1477 740 1561 γὰρ
762 1478 851 1561 παρὰ
874 1476 1058 1563 Κρονίδαις
1148 1482 1227 1561 Στρ.
1251 1475 1294 1562 β’.
1327 1494 1361 1541 45

138 1587 266 1666 γλυκὺν
289 1582 374 1649 ἑλὼν
396 1587 525 1668 βίοτον,

186 1693 312 1777 μακρὸν
335 1690 396 1774 οὐχ
418 1689 593 1775 ὑπέμεινεν
615 1692 731 1774 ὄλβον,

185 1797 399 1885 μαινομέναις
420 1795 547 1883 φρασὶν

132 1904 244 1991 Ἤρας
266 1904 322 1972 ὅτ’
345 1904 521 1990 ἐράσσατο,
543 1906 604 1969 τάν
625 1906 711 1980 Διὸς
732 1902 842 1969 erl-vat
866 1904 967 1988 λάχον

139 2011 358 2097 πολυγαθέες·
381 2011 464 2077 άλλά
486 2036 543 2077 νιν
564 2011 662 2096 ὕβρις
684 2013 732 2088 εἰς
754 2010 882 2076 ἀυάταν
905 2011 1123 2097 ὑπεράφανον

141 2115 258 2205 ὦρσεν·
281 2119 365 2204 τάχα
388 2116 425 2184 δέ
447 2120 568 2184 παθὼν
592 2116 710 2183 ἐοικότ’
736 2116 821 2204 ἀνὴρ

91 2243 123 2289 30
142 2225 305 2313 ἐξαίρετον
328 2225 380 2291 ἕλε
402 2230 541 2312 μόχθον.
586 2227 624 2291 αἰ
645 2225 706 2291 δύο
730 2223 762 2290 δ’
786 2224 967 2309 ἀμπλακίαι

142 2333 318 2421 φερέπονοι
341 2333 494 2399 τελέθον-
874 2322 879 2333 ’

184 2461 227 2506 τι·
250 2442 288 2507 τὸ
311 2438 373 2526 μὲν
394 2442 500 2527 ἥ-ρως
522 2442 572 2506 ὅτι

143 2547 302 2633 ἐμφύλιον
325 2540 406 2632 αἷμα
427 2549 515 2634 πρά·

185 2672 294 2733 τιστος
317 2655 379 2720 οὐκ
401 2657 478 2741 ἄτερ
501 2654 617 2740 τέχνας
639 2653 766 2740 ἐπέμιξε
789 2660 940 2733 θνατοῖς·

160 2838 200 2888 23.
218 2842 314 2887 παντᾶ
335 2831 390 2887 01)
408 2864 443 2871 --
462 2837 504 2885 24.
523 2832 668 2903 ἀμοιβαῖσι
685 2832 716 2884 D
734 2864 768 2871 -
786 2836 829 2885 28.
848 2828 1025 2901 πολυχοθέος
1044 2832 1145 2887 D¹³⁰E
1161 2864 1195 2871 -—
1215 2830 1287 2887 όταν
1307 2832 1362 2888 0¹²⁰

96 2902 316 3031 {schim
332 2904 366 3015 fl
375 2934 410 2943 -
429 2908 472 2957 30.
492 2900 534 2957 έλε
553 2902 674 2958 Mosen:
695 2901 755 2973 ἔσχε
776 2903 844 2971 01),
869 2901 913 2973 ἔχε
933 2903 970 2957 Μ
985 2934 1018 2943 -
1038 2908 1080 2959 31.
1101 2900 1143 2959 ὅτι
1161 2902 1188 2959 τ’
1212 2904 1315 2975 ΟΒΕ,
1334 2903 1360 2959 τ’

97 3121 178 3172 torem
190 3116 370 3189 praedicent;
389 3118 424 3171 cf.
439 3116 467 3170 P.
483 3136 514 3169 111
529 3132 603 3171 ve-
618 3123 659 3172 19.
674 3117 777 3185 Λοκρὶς
790 3113 948 3184 παρθένος·
968 3116 1142 3188 comparatio
1156 3117 1285 3173 Hieronis
1299 3136 1364 3173 cum

97 3188 192 3259 Cinyra
212 3207 245 3244 eo
269 3188 424 3259 perficitur,
453 3188 528 3257 quod
551 3191 584 3241 ut
606 3188 723 3242 Veneris
746 3187 922 3242 sacerdotem
945 3188 1125 3243 mulierculae
1148 3189 1308 3244 meretrices
1332 3190 1361 3243 in

98 3259 156 3315 iano
174 3262 243 3315 deae
262 3262 398 3331 degentes
416 3259 611 3329 celebrabant,
637 3259 679 3313 ita
697 3258 848 3313 Hieronem
866 3258 1047 3313 liberatorem
1065 3260 1215 3315 Locrenses
1235 3278 1291 3315 non
1309 3260 1364 3315 viri

97 3332 140 3385 sed
156 3333 292 3403 virgines,
317 3347 334 3386 a
354 3332 393 3385 ud
411 3330 514 3386 locros
533 3334 627 3385 sutem
645 3330 752 3386 maiore
770 3330 801 3383 in
819 3331 923 3385 honore
942 3331 1061 3385 feminas
1080 3331 1175 3400 fuisse,
1195 3332 1270 3401 quod
1289 3332 1364 3403 prin-

97 3402 165 3484 cipes
181 3403 276 3473 gentis
294 3351 474 3457 nodilitatem
491 3402 602 3473 generis
621 3419 639 3456 a
657 3402 809 3470 matribus,
834 3419 891 3456 non
909 3402 1037 3485 patribus
1056 3402 1225 3474 derivarent,
1244 3402 1364 3459 tradidit

97 3474 764 3629 ΑωδδιὲἔάδέδεΡὲἐῖδεὲῗέίεῗδεβδᾲ
775 3473 1292 3628 litt’lllltdltllllc

98 3634 153 3699 ⁰¹.¹.¹¹¹
169 3636 219 3688 per
236 3636 267 3672 se
285 3634 385 3699 parum
402 3617 511 3687 valeat,
523 3617 651 3699 ‘deorum
669 3617 878 3699 russuprolata
896 3634 957 3671 esse
976 3618 1091 3685 drotum
1114 3618 1329 3741 {unitlmlnl
1347 3636 1364 3673 a

99 3688 145 3743 dus
162 3695 191 3744 et
208 3694 288 3744 rotae
307 3689 436 3758 rlhgatus
454 3688 581 3744 hommes
604 3700 788 3756 commonuit,
812 3690 844 3742 ut
862 3705 898 3742 ne
917 3706 998 3742 suum
1021 3706 1119 3759 exemp
1131 3708 1178 3743 um
1197 3693 1302 3744 imitati
1320 3709 1364 3744 rn-

98 3762 165 3828 gtati
182 3765 280 3816 contra
299 3777 347 3815 eos
365 3763 467 3829 essent,
486 3777 504 3814 a
522 3760 625 3829 quibus
644 3759 779 3815 beneficia
803 3758 984 3831 accepissent.
1009 3792 1044 3800 -
1067 3766 1108 3815 21.
1133 3762 1167 3815 cf.
1189 3760 1272 3831 Soph.
1290 3760 1362 3816 Phil.

98 3848 141 3888 oto:
207 3832 296 3907 φμὲν
311 3830 450 3902 έξήιιουσ’,
466 3830 568 3885 ὄπωπα
582 3830 609 3885 δ’
627 3832 660 3885 οὐ
674 3831 757 3901 μάλα,
766 3832 780 3956 χ
793 3831 843 3885 τδν
855 3830 981 3886 πελάταν
995 3830 1115 3899 λέκτρων
1128 3830 1195 3887 ποτὲ
1212 3842 1268 3887 τῶν
1282 3834 1350 3896 Διὸς

99 3902 152 3957 κατ’
179 3924 287 3974 αντυχα
314 3905 350 3973 δὴ
379 3901 510 3973 δρομάδα
532 3906 537 3974 Ι
562 3902 676 3972 δέσμιον
701 3904 738 3965 ὡς
779 3905 865 3975 λαβεν
888 3906 891 3973 Ι
914 3903 1077 3973 παγκρατὴς
1101 3902 1212 3973 Κρόνου
1237 3912 1304 3967 ταῖς
1329 3936 1364 3944 -

100 3980 135 4029 24.
153 3974 360 4047 ἐποιχομένους·
381 3975 416 4030 de
430 3992 488 4030 acc.
503 3992 526 4030 c.
541 3975 590 4029 inf.
605 3976 670 4045 post
686 3974 744 4029 dat.
751 3976 869 4099 νβροτοῖς
883 3978 919 4044 (v.
935 3978 970 4043 ει)
985 3974 1019 4029 cf.
1036 3974 1066 4029 Ο,
1081 3994 1091 4027 1
1105 3992 1117 4029 o
1133 4007 1165 4015 —
1181 3980 1222 4029 25.
1243 3974 1363 4029 similem

100 4046 193 4101 ixionis
218 4046 344 4102 animum
366 4046 507 4100 Pindarus
532 4046 615 4116 fingit
640 4049 726 4115 atque
775 4044 877 4113 antali,
906 4062 989 4115 quem
1015 4048 1043 4100 et
1068 4046 1160 4117 ipsum
1186 4046 1223 4101 ad
1249 4046 1363 4101 deorum

100 4118 255 4173 commercia
269 4117 425 4172 admissum
439 4117 604 4172 felicitatem
618 4117 691 4171 ferre
704 4134 760 4171 non
769 4116 894 4187 potuisse
909 4116 1023 4188 exponit
1037 4116 1089 4173 O.1
1102 4135 1128 4174 ss
1138 4151 1172 4158 —
1182 4123 1224 4171 28.
1239 4116 1363 4173 ἀυάταν·

100 4188 128 4241 in
142 4190 252 4246 Aeolico
272 4188 409 4244 vocabulo
429 4188 573 4259 digamma
590 4187 621 4241 in
638 4190 789 4258 cognatam
806 4188 935 4243 vocalem
952 4210 969 4243 υ
989 4188 1073 4257 abiit,
1096 4191 1129 4242 ut
1153 4189 1183 4243 in
1201 4191 1311 4262 “ἀυερύῃ
1331 4189 1362 4245 Ο.

100 4280 144 4313 1111
159 4280 195 4327 si,
213 4262 248 4317 cf.
263 4262 294 4318 P.
308 4280 341 4314 m
353 4277 381 4315 ss
400 4293 433 4301 -
451 4260 607 4319 τελέθοντι·
626 4259 769 4330 praesenti
788 4259 884 4329 utitur,
903 4260 980 4328 quod
996 4276 1089 4330 poena
1107 4259 1210 4315 ixionis
1229 4264 1365 4332 perpetua

100 4336 198 4399 manet,
215 4336 248 4387 nt
265 4333 324 4387 iam
342 4331 478 4387 Homerus
496 4332 531 4386 de
551 4331 606 4385 diis
625 4333 653 4385 et
671 4332 755 4385 rebus
774 4330 878 4386 divinis
897 4331 1038 4402 praesenti
1051 4336 1177 4402 tempore
1191 4350 1257 4387 usus
1272 4335 1316 4387 est
1329 4364 1365 4373 —

101 4408 138 4458 32.
151 4404 283 4475 ἐμφύλιον
296 4400 366 4475 αἷμα
381 4448 423 4459 ...
439 4405 491 4458 οὐκ
505 4403 571 4471 ἄτερ
586 4400 697 4472 τέχνας·
716 4402 900 4473 parricidium
914 4403 1019 4473 primus
1034 4403 1112 4458 ixion
1127 4403 1273 4474 commisit,
1289 4404 1364 4474 quod

101 4474 212 4532 Deioneo
230 4492 327 4531 socero
345 4476 377 4529 id
394 4474 561 4529 insidiarum
580 4474 690 4542 struxit,
710 4478 742 4527 ut
760 4474 797 4528 ad
816 4472 976 4528 convivium
989 4479 1106 4529 vocatus
1119 4476 1150 4528 in
1163 4476 1289 4531 scrobem
1303 4492 1364 4530 car-

102 4547 208 4602 bonibus
225 4549 342 4619 plenam
360 4548 389 4601 et
406 4549 439 4600 ut
456 4546 569 4601 falleret
587 4549 672 4601 antea
689 4545 791 4601 leviter
808 4548 935 4616 opertam
949 4544 1093 4601 incideret.
1116 4546 1256 4601 Videntur
1269 4550 1364 4601 autem

101 4620 208 4688 primum
226 4620 300 4674 dnae
319 4618 355 4673 de
372 4618 469 4673 Ixione
487 4636 506 4673 a
524 4618 578 4672 diis
597 4618 696 4690 punito
714 4617 830 4671 fabulae
848 4616 1030 4671 circumlatae
1049 4633 1120 4686 esse,
1141 4635 1204 4672 cum
1223 4618 1273 4672 clii
1292 4636 1364 4687 eum,

103 4693 166 4758 qood
182 4693 317 4747 lunonem
336 4690 463 4761 reginam
481 4689 588 4744 nefarie
607 4688 821 4759 concupivisset,
835 4688 895 4757 alii,
910 4688 984 4758 quod
998 4687 1122 4743 Deioneo
1137 4706 1231 4745 socero
1245 4690 1364 4745 insidias

103 4761 175 4832 impie
200 4762 361 4830 struxisset,
391 4778 497 4833 poenas
525 4761 602 4815 luere
634 4760 770 4828 dicerent3
799 4760 856 4814 iam
882 4760 931 4829 qui
955 4760 1025 4814 duas
1049 4759 1161 4815 lcbulcs
1190 4761 1364 4816 contamina-

104 4833 168 4903 tant,
184 4836 318 4902 Ixionem,
337 4850 402 4887 cunr
420 4834 457 4888 ab
475 4832 655 4887 fraudulento
675 4833 729 4887 isto
748 4832 899 4902 parricidio
918 4848 1000 4886 nemo
1016 4849 1079 4887 eum
1093 4832 1205 4903 expiare
1220 4834 1364 4904 voluisset,

146 4936 266 4977 Pisonum
280 4934 316 4975 sd.
331 4933 436 4975 christ
1136 4930 1152 4979 9
