3417 5434
621 399 754 449 PYTHIA
772 399 804 450 V.

308 558 427 624 διδοῖτ’
453 557 503 624 ἐπ’
529 562 677 645 ἔργοισιν
700 559 788 645 ἀμφί
807 584 841 625 τε
865 564 1002 644 βουλαῖς
1143 580 1194 627 160

239 684 289 732 120
307 670 408 751 ἔχειν,
431 669 475 752 μὴ
499 665 710 751 φθινοπωρὶς
733 665 864 753 ἀνέμων

306 777 451 860 χειμερία
465 816 480 824 -
495 775 578 839 κατὰ
600 776 686 840 πνοὰ
710 775 895 859 δαμαλί-ζοι
918 780 1048 862 χρόνον.

306 885 389 958 Διός
411 904 463 946 τοι
485 885 563 959 νόος
585 880 686 966 μέγας
706 885 853 970 κυβερνᾷ

305 986 434 1072 δαίμον’
463 987 596 1071 ἀνδρῶν
619 991 737 1072 φίλων.

305 1096 444 1180 εὔχομαί
463 1119 520 1160 νιν
536 1092 698 1182 Ὀλυμπίᾳ

350 1202 456 1267 τωόεὸ
480 1203 581 1287 δόμεν
604 1200 702 1289 γέρας
724 1205 776 1267 ἔπι
800 1201 931 1268 Βάττον
955 1201 1051 1285 γένει.

78 1396 171 1451 λοιπὸν
196 1393 219 1450 ὦ
240 1401 356 1451 πλεῖστα
382 1400 467 1463 Κρον.
487 1395 606 1466 Moron,
634 1396 733 1450 λοιπὸν
761 1394 834 1466 ὅμως
858 1394 870 1449 ἓ
894 1400 978 1464 Κρον.
997 1395 1068 1451 ooni.
1088 1396 1194 1467 Bergl;
1221 1391 1350 1451 &eiecto

78 1469 275 1538 ¹suppleverunt
294 1467 376 1538 δμολα
394 1467 533 1537 Hurtung‚
553 1467 649 1522 ἔπειτα
663 1467 813 1537 Hermann,
828 1466 931 1522 ὄπισθε
946 1467 1058 1522 Boeekh
1074 1500 1107 1509 -
1123 1475 1182 1523 121.
1202 1467 1350 1522 καταπνοὰ

78 1543 136 1607 lup.
156 1539 244 1628 vulgo
272 1573 307 1579 -
331 1535 493 1604 δνοπαλλζοι
518 1537 588 1594 coni.
608 1538 712 1609 Bergk,
738 1542 878 1608 πελεμλζοι
903 1539 974 1594 coni.
993 1539 1162 1594 Herwerdeu
1188 1573 1221 1580 -
1247 1537 1349 1610 χρόνον

79 1611 166 1667 codo:
187 1613 250 1683 βιον
269 1611 490 1681 interpretantur
508 1609 623 1678 scholia,
639 1609 724 1681 χλόαν
739 1610 809 1666 coni.
819 1610 913 1680 Bergk
926 1611 1111 1682 probabiliter
1127 1644 1157 1651 —
1175 1617 1234 1665 123.
1250 1608 1350 1680 φιλίων

79 1685 152 1736 Β-
173 1688 236 1738 124.
253 1683 343 1736 τωότδ
360 1681 466 1752 Bergk:
484 1690 567 1736 τοῦτο
586 1681 667 1737 oodd.
686 1715 720 1722 —
740 1681 787 1736 ἔπι
805 1681 902 1736 Triol.:
926 1683 972 1736 ἐπὶ
989 1683 1069 1751 BD,
1094 1681 1134 1736 ἔτι
1153 1682 1224 1738 coni.
1243 1682 1348 1752 Heyne.

145 1830 205 1881 120.
226 1824 357 1879 similitor
375 1828 460 1893 atque
475 1823 506 1878 Ο.
520 1843 560 1878 vn
574 1826 602 1878 et
615 1845 664 1878 vm
683 1825 734 1878 sub
753 1825 837 1879 finem
855 1824 987 1879 carminis
1006 1827 1098 1895 poeta,
1118 1825 1167 1894 qui
1185 1842 1249 1879 vere
1268 1828 1348 1880 vetes

79 1895 135 1962 fuit,
153 1899 314 1951 commonet
330 1896 526 1966 periculorum,
545 1913 617 1964 quae
636 1896 794 1967 insignibus
808 1896 917 1967 opibus,
937 1899 1082 1966 tamquam
1097 1897 1233 1951 brumalis
1248 1899 1347 1951 ventus

80 1967 247 2035 graminibus
266 1971 296 2022 et
314 1968 446 2022 arborum
464 1966 540 2022 foliis
559 1967 660 2041 (χλόῳ),
679 1967 842 2038 impendent
861 2001 894 2008 —
915 1974 973 2024 123.
994 1966 1124 2038 δαίμονα,
1144 1969 1278 2038 cuiusque
1298 1969 1347 2022 ho-

80 2038 155 2091 minio
174 2039 329 2110 genitalem
348 2040 431 2093 deum
450 2039 592 2108 signifieat
609 2043 642 2094 ut
656 2039 686 2094 Ο.
702 2059 751 2092 xm
768 2058 793 2094 eu
809 2072 842 2079 -
859 2046 918 2093 124.
938 2039 1085 2093 victoriam
1104 2040 1238 2110 proximis
1254 2040 1348 2109 Olym-

81 2109 127 2177 piis
144 2111 345 2180 reportandum
364 2111 512 2180 signifieat,
533 2110 567 2164 de
586 2128 643 2179 que
661 2111 698 2164 ad
717 2112 746 2165 P.
761 2129 779 2165 v
797 2128 856 2181 erg,
873 2131 900 2182 p.
917 2127 952 2166 171
973 2111 1092 2165 disserui
1111 2144 1144 2150 —
1165 2111 1210 2165 ἔπι
1228 2111 1311 2165 tmesi
1332 2129 1349 2165 e

82 2197 124 2234 suo
147 2183 233 2237 verbo
256 2181 343 2252 δόμεν
368 2181 526 2237 seiunctum
550 2198 611 2237 esse
637 2183 721 2249 duco,
746 2185 778 2236 ut
797 2179 883 2252 δόμεν
903 2180 949 2236 ἔπι
967 2182 1043 2236 idom
1062 2182 1121 2237 fere
1141 2184 1247 2252 voleat,
1272 2184 1348 2252 quod

81 2250 157 2309 δόνεν
177 2253 218 2307 ἔτι
236 2255 273 2308 ab
291 2253 401 2322 Heynio
422 2251 602 2323 propositum.
