3417 5434
334 311 376 373 36
812 313 959 364 Prnnrar
977 315 1143 367 semrom

335 479 372 536 ab
400 478 588 537 invocatione
617 479 688 538 deae
713 478 901 556 Camarinae,
927 482 1070 555 patronae
1094 481 1178 537 lacus
1200 482 1231 538 et
1253 481 1336 537 urbis
1360 480 1561 557 cognominis,
1583 482 1611 538 in

334 567 432 625 media
451 572 482 626 et
500 567 658 643 principali
677 571 762 643 parte
782 569 901 626 laudem
920 569 1069 626 virtutum
1083 569 1205 628 victoris
1224 569 1426 646 amplectitur,
1444 570 1475 627 in
1496 570 1611 647 epilogo

335 676 388 732 pro
417 657 514 722 salute
538 657 603 715 eius
626 658 676 732 pia
699 660 771 716 vcta
794 658 881 732 facit3
909 659 1013 715 fabula
1036 677 1157 732 prorsus
1180 662 1269 716 caret.
1315 658 1483 734 Tripartita
1507 659 1611 717 divisio

334 746 503 822 argumenti
527 746 666 804 carminis
690 767 756 804 cum
781 746 878 805 tribus
906 747 1037 805 metricis
1059 748 1207 822 pericopis
1234 747 1376 823 concinit,
1405 767 1466 823 qua
1489 748 1527 806 de
1552 752 1611 805 arte

274 871 277 876 -
334 835 426 893 etiam
457 855 475 892 a
505 834 634 894 Pindaro
666 836 694 892 in
727 836 941 910 posterioribus
971 836 1153 894 carminibus
1182 837 1340 895 observata
1374 836 1406 894 in
1435 842 1611 914 argumento

334 924 473 982 carminis
494 923 527 982 Ο.
548 943 603 981 xrrr
622 924 783 1000 disputavi.
819 925 976 984 Praeclare
1002 944 1070 984 vero
1094 925 1230 984 acumine
1253 926 1421 984 Boeclrhius
1444 927 1611 1001 expiscatus

333 1017 379 1070 est
408 1016 468 1071 tres
498 1013 551 1071 has
581 1017 681 1088 partes
711 1014 888 1091 singillatim
921 1014 1001 1089 apud
1033 1014 1093 1072 tria
1124 1015 1247 1072 deorum
1276 1015 1414 1092 delubra,
1445 1034 1526 1091 quae
1556 1035 1610 1074 non

333 1121 442 1179 magno
467 1102 564 1176 spatio
588 1102 742 1179 distarent,
766 1107 904 1161 cantatas
927 1122 989 1162 esse
1012 1103 1070 1160 huc
1095 1103 1166 1160 illuc
1189 1104 1345 1161 accedente
1369 1105 1467 1162 choro.

879 1238 924 1303 De
947 1241 1069 1304 metris.

423 1351 518 1409 Metra
545 1351 635 1409 huius
664 1351 802 1409 carminis
830 1353 927 1409 multa
954 1352 1066 1410 habent
1093 1353 1257 1428 peculiaria
1287 1356 1318 1410 et
1348 1373 1366 1410 a
1396 1353 1521 1412 Pindari
1549 1357 1608 1412 art-e
1676 1352 1677 1375 ³

334 1441 440 1499 aliena.
487 1441 637 1516 Imprimis
668 1461 771 1500 versus
804 1441 1031 1518 ithyphallicus,
1061 1443 1112 1517 qui
1140 1443 1203 1518 ipse
1235 1438 1346 1516 lyricae
1378 1443 1483 1502 Musae
1515 1444 1609 1501 minus

334 1530 473 1589 convenit
487 1535 517 1588 et
532 1533 640 1605 quater
654 1530 684 1588 in
699 1533 761 1588 tarn
776 1530 859 1589 brevi
874 1531 1003 1590 carmine
1018 1531 1152 1607 recurrit,
1172 1531 1209 1589 ab
1228 1530 1383 1609 ingeniosa
1397 1533 1608 1592 numerositate

334 1620 413 1678 vatis
438 1619 571 1678 Thebani
595 1619 757 1678 abhomet.
795 1618 921 1678 (tarmen
944 1639 963 1677 a
985 1620 1074 1679 choro
1098 1621 1129 1677 in
1152 1639 1262 1696 pompa
1285 1620 1368 1679 tibiis
1391 1621 1495 1696 Lydiis
1520 1623 1607 1680 succi-

333 1709 482 1786 nentibuS,
506 1728 574 1766 cum
598 1708 734 1767 Pssumis
757 1709 907 1768 victorin
930 1710 1060 1785 patriam
1083 1710 1200 1786 rediret,
1223 1713 1260 1768 ut
1282 1729 1422 1768 coronam
1445 1711 1476 1768 in
1499 1713 1608 1786 templo

334 1798 485 1857 Minervae
518 1798 694 1876 deponeret,
727 1801 883 1856 cantatum
918 1817 980 1857 esse
1016 1802 1105 1874 poeta
1137 1799 1200 1873 ipse
1231 1799 1350 1857 monuit
1381 1819 1429 1858 vv.
1453 1811 1478 1857 3.
1504 1812 1545 1859 10.
1570 1812 1606 1858 19.
1676 1826 1677 1829 ¹

333 1887 406 1944 Inde
434 1890 533 1945 toturn
561 1906 679 1946 cannen
708 1907 742 1946 ex
770 1887 899 1962 dipodiis
927 1892 1062 1946 constare
1090 1891 1121 1944 et
1147 1887 1256 1962 pedum
1284 1888 1502 1963 dactylicorum
1535 1889 1607 1946 idem
1676 1930 1677 1939 .

335 1976 415 2050 quod
438 1976 648 2035 trochaeorum
677 1977 808 2051 spatium
837 1995 900 2034 esse
923 1978 986 2035 veri
1009 1977 1196 2035 simillimum
1219 1980 1272 2035 est.
1315 1977 1417 2052 Atque
1441 1978 1529 2053 epodi
1553 1998 1610 2036 ver·

335 2083 398 2142 sus,
430 2066 455 2122 si
483 2085 501 2123 a
531 2065 586 2123 line
614 2085 717 2126 versus
746 2065 866 2124 initium
894 2066 1054 2125 scandendi
1081 2066 1188 2143 facias,
1220 2068 1283 2124 tam
1310 2066 1399 2125 facile
1423 2067 1452 2124 in
1478 2067 1610 2143 dipodias

335 2154 520 2230 dividuntur,
544 2158 578 2210 ut
603 2155 655 2230 qui
678 2155 860 2230 relinquitur
883 2156 1031 2230 spondeus
1056 2155 1191 2232 initialis,
1214 2155 1276 2213 vim
1300 2155 1459 2215 σπονδείοο
1482 2156 1610 2234 μείζονος

334 2243 443 2301 habere
471 2246 662 2320 coarguatur.
712 2244 784 2303 Inde
814 2245 954 2319 strophae
983 2264 1102 2320 quoque
1130 2263 1234 2303 versus
1264 2245 1412 2303 secundus
1444 2247 1476 2304 et
1507 2245 1610 2304 tertius

335 2351 394 2408 quo
418 2335 507 2407 pacto
531 2332 689 2392 scandendi
718 2334 779 2391 sint
806 2336 899 2409 patet.
967 2333 1119 2411 Ambigua
1143 2335 1236 2392 solius
1259 2334 1348 2409 primi
1372 2353 1477 2393 versus
1500 2334 1609 2393 scansio

334 2423 392 2497 est3
421 2441 491 2479 nam
519 2422 608 2500 duae,
637 2442 727 2500 quae,
758 2423 783 2480 si
811 2442 908 2498 neque
932 2423 1078 2498 tripodias
1102 2423 1229 2497 dipodiis
1253 2423 1418 2482 immiscere
1442 2444 1539 2501 neque
1562 2423 1609 2480 uni

334 2512 441 2588 longao
465 2530 514 2568 sex
539 2514 706 2588 temporum
730 2512 878 2570 ambitum
897 2512 1029 2570 tribuere
1049 2512 1150 2589 audes,
1169 2513 1294 2588 proponi
1313 2516 1441 2587 possunt
1458 2531 1610 2571 mensmae
1676 2558 1677 2561 ι

618 2617 1328 2697 [.”.Ι.-.·.νυ·μ;υυ-υῑζ-υι-’.Ι“Ᾱ

628 2721 1327 2786 ;,-υυῐ.“-.-υυ;υ[.;υ-Λ

335 2853 438 2892 earum
461 2835 568 2891 neutra
592 2832 779 2891 dubitatione
803 2835 892 2890 caret.
934 2831 1102 2890 Pausarum
1126 2851 1247 2908 quoque
1271 2833 1432 2893 intervalla
1454 2835 1534 2894 inter
1556 2835 1609 2894 sin-

335 2923 423 3000 gulos
450 2940 549 2980 versus
572 2921 787 2980 intercedentis
811 2921 840 2978 in
866 2921 980 2998 Proleg.
1000 2939 1052 2979 nv1
1075 2920 1196 2980 delinire
1220 2941 1311 2981 ausus
1334 2941 1409 2981 sum.

1252 3100 1332 3179 Στρ.
1357 3094 1400 3159 α’.

542 3182 689 3266 ‘Pontio
712 3183 833 3264 ἀρετᾶν

592 3287 647 3354 καλ
671 3290 845 3373 στεφάνων
869 3292 978 3354 ἄωτον
1000 3293 1128 3372 γλυκὺν

548 3409 615 3461 τῶν
640 3397 831 3484 Οὐλυμπίᾳ,
859 3396 1018 3461 Ὠκεανοῦ
1041 3399 1205 3483 θύγατερ,

594 3505 714 3590 καρδίᾳ
737 3510 871 3586 γελανεῖ

550 3611 820 3694 ἀκαμαντόποδός
842 3610 870 3675 τ’
898 3611 1025 3693 ἀπήνας
1048 3611 1143 3675 δέκευ

600 3720 752 3802 Ψαύμιός
773 3741 808 3782 τε
831 3720 938 3803 δῶρα

408 3930 488 3964 vanu
512 3929 615 3965 suerro.
653 3911 735 3964 lnscr.
765 3915 802 3982 τῷ
822 3911 897 3981 αυτῷ
923 3911 1018 3982 ἀπήνη
1043 3912 1091 3964 καὶ
1116 3911 1209 3980 κέλητι
1234 3912 1282 3965 καλ
1307 3909 1455 3984 τεθρίππῳ
1485 3914 1552 3979 Ao,
1575 3916 1608 3984 τῷ

336 3985 411 4036 αὐτῶ
432 3983 528 4052 ἀπήνῃ
547 3984 594 4036 καλ
615 3982 706 4051 κέλητι
725 3983 788 4036 BD
807 4015 839 4021 —
864 3981 968 4036 Schol.:
988 3981 1143 4051 γέγραπται
1161 3983 1178 4052 ἡ
1197 3982 1255 4055 ridi]
1276 3987 1313 4055 τῷ
1332 3985 1407 4036 αὐτῶ
1425 3984 1551 4054 Ψαύμιδι
1571 4003 1608 4036 τε·

335 4039 452 4126 θρίίιττῳ
471 4055 519 4108 καὶ
537 4053 633 4126 ἀπήνη
652 4055 701 4106 καὶ
720 4053 811 4121 κέλητι
831 4051 990 4121 νενικηκότι
1007 4053 1060 4121 τὴν
1078 4054 1268 4140 ὀγδοηκοστὴν
1282 4039 1416 4124 δευτέραν
1433 4053 1607 4126 Ὀλυμπιάδα.

335 4127 399 4194 περὶ
425 4124 456 4178 δὲ
482 4133 531 4194 τῆς
556 4123 668 4193 ἀπήνης
693 4125 826 4194 Πολέμων
852 4123 950 4194 φησίν·
977 4124 1059 4194 ἤγετο
1078 4128 1109 4179 δε
1129 4126 1160 4179 έν
1176 4124 1310 4195 Ὀλυμπία
1329 4127 1440 4195 ἀπήνης
1458 4128 1549 4197 ἀγών,
1567 4122 1608 4181 καί

337 4198 407 4251 εἰσιν
427 4195 455 4249 ολ
473 4195 678 4266 ἀγωνισάμενοι
699 4195 820 4265 ἡμίονοι·
840 4200 1034 4264 καταλυθῆναι
1055 4195 1087 4249 δὲ·
1105 4205 1187 4250 τοῦτο
1201 4197 1232 4250 τὸ
1246 4181 1390 4267 ἀγιλινιτμα
1410 4198 1483 4252 κατὰ
1501 4201 1554 4268 τὴν
1567 4197 1608 4251 οδ

336 4273 415 4336 (corr.
431 4268 494 4336 κδ’)
512 4266 684 4336 Ὀλυμπιάδα
703 4269 751 4321 καλ
771 4263 841 4321 εἶναι
860 4267 898 4337 ιγ’
919 4265 999 4330 νίκας
1013 4268 1058 4336 (cf.
1073 4267 1156 4324 Pauo.
1171 4288 1189 4322 v
1202 4286 1223 4337 s,
1240 4286 1258 4336 r,
1277 4268 1350 4323 Prol.
1365 4273 1439 4338 nxxr)
1459 4301 1492 4309 —-
1513 4277 1538 4326 2.
1557 4271 1607 4324 οὖλ.

336 4341 418 4410 Βηλτ
439 4339 476 4392 ὄλ.
498 4339 619 4394 ABUI)
639 4371 670 4378 -

407 4500 595 4536 conunnrmrr.
634 4501 659 4536 v.
679 4487 703 4536 2.
728 4479 863 4536 Ὠκεανοῦ
886 4482 1024 4551 θύγατερ·
1051 4482 1151 4538 schol:
1175 4481 1346 4553 Ἀρίσταρχος
1365 4484 1464 4536 ἀκούει
1479 4483 1608 4539 Ὠκεανοῦ

335 4551 480 4622 θυγατέρα
499 4551 668 4622 Καμάριναν
687 4553 738 4622 τὴν
757 4551 857 4622 λίμνην
875 4556 910 4622 (v.
925 4571 946 4607 ι.
963 4557 1006 4624 11),
1025 4553 1078 4624 ἀφ’
1100 4550 1132 4621 ἧς
1151 4557 1200 4609 καὶ
1221 4555 1273 4624 τὴν
1291 4555 1374 4608 πόλιν
1393 4555 1561 4625 ὠνομάσθαι
1578 4586 1607 4594 -

336 4629 360 4678 3.
381 4627 469 4691 δῶρα·
491 4641 631 4692 coronam,
650 4625 770 4678 fortasse
789 4625 875 4678 etiarn
894 4625 1025 4693 rhedam,
1045 4625 1149 4696 plurali
1169 4627 1205 4679 ad
1224 4644 1282 4679 rem
1302 4626 1462 4696 augendam
1481 4646 1548 4681 usus
1562 4628 1607 4690 est,

335 4696 464 4762 quamvis
489 4695 616 4749 Psaumis
640 4712 723 4749 unam
750 4712 881 4750 coronam
900 4697 1033 4751 meruerit
1051 4714 1141 4765 neque
1160 4698 1288 4766 pluribus
1308 4697 1336 4750 in
1356 4699 1506 4767 generibus
1526 4703 1608 4754 certa·

334 4767 441 4818 minum
460 4766 574 4832 vicerit;
603 4767 637 4821 cl.
658 4767 759 4837 ἅρμασι
780 4786 830 4837 pro
850 4768 952 4838 ἅρματι
976 4770 1006 4824 P.
1025 4789 1035 4821 1
1054 4786 1079 4824 sa
1098 4800 1131 4808 -
