3417 5434
631 347 762 398 PYTHIA
779 348 814 399 11.

141 508 241 593 μέλος
260 505 345 595 ὑπέρ
364 514 483 585 πολιᾶς
504 508 584 586 ἁλὸς
597 550 610 558 -
627 508 796 593 πέμπεται·

142 618 188 681 τὸ
207 620 423 703 Καστόρει-ον
445 614 480 681 δ’
506 615 542 681 έν
565 618 758 682 Αἰολίδεσσι
781 610 933 704 χορ-δαῖς
955 622 1066 684 θέλων

87 741 123 787 so
144 726 295 810 ἄθρησον
316 724 416 811 χάριν
438 720 493 789 έπ-
516 724 685 789 τακτάπον

142 834 326 916 φόρμιγγος
349 830 535 916 ἀντόμενος.

140 936 241 1020 γένοι’
268 930 338 1015 οἷος
361 936 432 1004 έσσλ
455 938 584 1023 μαθών.
629 941 728 1017 καλός
750 962 802 1003 τοι

188 1048 298 1112 πίθων
317 1046 409 1132 παρὰ
430 1049 561 1130 παισίν,
583 1043 647 1111 olel

138 1263 246 1337 καλός.
291 1260 310 1327 δ
334 1256 371 1325 δέ
390 1258 621 1345 Ῥαδάμανθυς
643 1256 681 1327 εὖ
703 1258 884 1347 πέπραγεν,
908 1260 958 1325 ὅτι
981 1272 1116 1348 φρενῶν
1161 1266 1241 1347 Στρ.
1266 1260 1307 1326 δ’.

137 1370 231 1451 ἔλαχε
253 1370 384 1454 καρπὸν
405 1367 493 1452 epe

185 1498 301 1559 μητον,
323 1474 397 1540 οὐδ’
423 1474 579 1541 ἀπάταισι
600 1476 714 1560 θυμὸν
1310 1496 1360 1543 135

185 1580 334 1668 τέρπεται
357 1583 514 1665 ἔνδοθεν,

87 1707 117 1752 75»
137 1681 194 1753 οἷα
213 1690 375 1775 ψιθύρων
396 1690 561 1773 παλάμαις
583 1688 669 1754 ἕπετ’
695 1687 775 1754 orl-sl
797 1692 936 1776 βροτῶν.

137 1799 264 1880 ι’ἑμαχον
286 1797 391 1862 κακόν
413 1796 613 1882 ἀμφοτέροις
635 1796 809 1881 διαβολιᾶν
831 1795 1028 1881 ὑποφάτιες,
1310 1816 1360 1864 140

155 2030 197 2080 68.
211 2025 351 2096 πέμπεται
364 2025 397 2080 τδ
410 2023 590 2094 Καστόρειον,
610 2026 662 2081 σόν
676 2023 704 2080 δ’
722 2026 793 2080 Alos.
812 2024 944 2095 Hartung
958 2057 991 2066 -
1007 2031 1049 2080 69.
1064 2025 1157 2081 θέλων
1172 2026 1265 2082 codd:
1290 2026 1360 2081 έαόιν

85 2096 208 2187 Boeckh3
226 2097 303 2165 quod
316 2097 506 2223 paraphrasis,
517 2097 632 2151 exhibet
652 2128 685 2136 —-
706 2102 746 2150 71.
762 2097 921 2187 άνρώμενος
934 2097 964 2150 D
979 2129 1011 2137 -
1029 2102 1069 2179 72:
1085 2096 1172 2169 γένοι’
1190 2094 1248 2161 οἶος
1262 2096 1359 2189 Trici:

174 2164 383 2294 trolano
397 2171 506 2313 ott
526 2165 588 2295 ιιι
601 2168 812 2293 essai
833 2164 891 2293 λι
907 2167 1185 2295 tratas·
1201 2170 1360 2313 λαιιῑι

85 2256 182 2437 iffi}
198 2344 233 2352 -
256 2284 413 2438 suffiae
435 2262 546 2367 bon:
572 2284 746 2381 ιλοφαιιες
771 2283 885 2365 noan
902 2241 1102 2381 probarer,
1129 2284 1307 2381 ιλοφιεορις
1325 2328 1359 2366 01

86 2400 446 2438 sorscon1.0e—

85 2526 122 2579 sis
140 2526 208 2581 navi
225 2525 356 2593 missum,
381 2526 414 2581 τό
439 2524 610 2594 Καστόρειον
636 2543 673 2581 sc.
693 2524 773 2596 μέλος
790 2542 903 2580 carmen
922 2524 1208 2595 hyporchematicum‚
1227 2526 1264 2580 ad
1283 2526 1358 2594 quod

86 2598 183 2652 chorus
205 2598 387 2668 tripudiaret,
411 2615 429 2653 a
453 2596 568 2653 Castore
589 2598 700 2653 Lacone
719 2597 931 2653 denominatum
950 2596 994 2665 (cf.
1013 2597 1063 2653 1.1
1083 2602 1130 2667 so),
1155 2596 1185 2653 έν
1205 2597 1358 2653 Αἰολίδεσσι

87 2672 198 2739 χορδαῖς
206 2686 320 2725 carmen
329 2668 452 2725 Aeolicis
461 2669 553 2724 modis
567 2668 924 2739 cantandum(cf.0.1sos).
946 2668 1018 2722 Hinc
1028 2666 1148 2739 profecti
1163 2669 1218 2723 duo
1233 2668 1358 2725 carmina

87 2740 234 2795 Pindarum
255 2740 367 2795 misisse
389 2744 497 2796 veteres
519 2740 698 2811 grammatici
721 2743 750 2795 et
771 2740 947 2795 Hermannus
966 2758 1059 2811 opusc.
1074 2759 1113 2793 vn
1132 2756 1169 2795 saa
1189 2742 1357 2811 statuerunt,

85 2810 133 2865 hoc
151 2830 264 2867 carmen
283 2812 435 2884 epinicium
453 2812 580 2867 mercede
599 2813 780 2881 conductum,
803 2811 924 2866 alterum
942 2810 1219 2881 hyporchematicnm
1237 2830 1255 2867 a
1272 2815 1358 2885 poeta

86 2884 169 2950 gratis
188 2882 294 2955 (χάριν)
312 2882 455 2950 additum,
478 2883 557 2937 cuius
580 2884 693 2938 initium
717 2883 803 2938 fuisse
826 2883 925 2937 dicunt
950 2882 1030 2946 σόνες
1049 2882 1063 2937 ό
1082 2903 1125 2937 τοι
1144 2882 1226 2953 λέγω,
1246 2883 1358 2949 ζαθέων

87 2954 196 3021 boeot
227 2957 310 3025 ’ναμε
328 2954 417 3023 πάτερ
436 2954 479 3024 (fr.
500 2958 556 3025 ros).
594 2957 632 3009 At
649 2955 703 3010 hoc
721 2959 847 3010 nostrum
866 2972 979 3010 carmen
997 2957 1056 3009 tam
1075 2954 1226 3009 artificiose
1246 2958 1275 3009 et
1293 2954 1356 3010 dili-

85 3032 178 3094 genter
203 3030 300 3081 actum
319 3030 370 3093 est,
389 3028 421 3081 ut
439 3026 476 3081 ad
494 3025 653 3097 legendum,
672 3044 729 3081 non
747 3026 784 3081 ad
803 3026 976 3081 cantandum
994 3029 1023 3081 et
1041 3026 1203 3081 saltandum
1220 3025 1251 3081 id
1270 3026 1375 3081 desti..

86 3102 177 3153 nanim
191 3099 280 3154 fuisse
291 3099 376 3169 plane
389 3096 577 3168 improbabile
587 3098 631 3154 sit.
651 3098 759 3153 Deinde
768 3098 876 3153 numeri
886 3100 915 3152 et
929 3096 1019 3152 oratio
1034 3097 1116 3151 huius
1132 3098 1263 3152 carminis
1272 3098 1356 3169 plane

86 3170 187 3225 Aeolici
206 3173 274 3224 sunt
291 3171 336 3239 (cf.
352 3167 462 3224 dodras
479 3189 504 3225 v.
520 3188 546 3225 aa
560 3173 589 3225 et
607 3170 638 3225 ἐν
656 3188 679 3225 c.
695 3187 751 3225 aco.
766 3188 810 3225 vv.
827 3188 850 3225 11
867 3172 896 3224 et
909 3174 954 3238 ao),
973 3171 1005 3223 ut
1019 3168 1164 3224 Aeolicum
1178 3169 1230 3225 hoc
1245 3186 1357 3225 carmen

86 3241 202 3297 Aeolicis
211 3241 316 3295 fidibus
325 3241 372 3295 vix
383 3241 487 3312 opponi
499 3242 631 3313 potuerit.
650 3241 776 3312 Denique
791 3241 981 3312 hyporchoma
994 3240 1074 3309 illud,
1089 3241 1164 3310 quod
1178 3241 1356 3311 grammatici

87 3310 199 3368 afferunt
214 3313 257 3382 (fr.
274 3316 332 3381 τοι),
351 3330 415 3366 cum
428 3312 578 3368 Hieronem
597 3313 674 3367 urbis
688 3314 797 3367 Aetnae
811 3313 984 3367 conditorem
1003 3311 1136 3383 appellet,
1152 3328 1169 3365 a
1183 3313 1355 3383 temporibus

87 3380 162 3438 huius
181 3383 316 3440 carminis
341 3382 465 3438 alienum
483 3387 534 3440 est.
572 3382 634 3449 Qua
651 3384 686 3439 de
706 3401 874 3438 causacum
893 3382 1035 3439 Boeclrhio
1053 3383 1145 3455 magis
1164 3382 1194 3437 in
1213 3400 1276 3439 eam
1295 3401 1355 3439 sen-

86 3456 198 3511 tentiam
224 3454 344 3524 inclino,
369 3458 402 3509 ut
426 3472 483 3511 non
508 3456 563 3510 duo
589 3455 727 3524 carmina,
754 3455 804 3509 sad
828 3454 955 3509 eiusdem
980 3454 1063 3509 huius
1082 3454 1214 3511 carminis
1233 3455 1355 3511 verbaa

90 3524 200 3582 Pindaro
220 3528 299 3581 facta
317 3535 347 3581 et
364 3526 546 3581 saltationem
564 3526 681 3581 Hieroni
698 3526 801 3581 fidibus
821 3526 961 3581 accinenti
979 3526 1183 3581 instituendam
1202 3526 1355 3597 significari

87 3596 186 3653 ducum.
208 3598 314 3663 Quodsi
324 3598 367 3653 its
375 3602 427 3679 est,
437 3597 521 3681 χάριν
530 3601 649 3681 apparet
657 3616 714 3653 non
723 3598 931 3669 appositionem
941 3615 1000 3687 esse
1010 3598 1131 3653 nominis
1140 3598 1173 3652 rb
1183 3597 1356 3668 Καστόρειον

88 3684 179 3795 aas
193 3686 349 3809 {titt
365 3670 813 3813 tettleslttlltlttl
827 3687 901 3795 tet
918 3670 1354 3797 tvttttttttffttttott

88 3810 242 3868 Castoream
260 3812 383 3867 Aeolicis
406 3813 509 3867 fidibus
533 3814 638 3867 factam
661 3815 771 3885 specta,
789 3816 902 3883 gratam
921 3813 1143 3883 heptachordum
1160 3813 1354 3885 phormingem

89 3884 262 3949 prehendens.
281 3916 317 3925 —
336 3890 377 3938 72.
397 3883 485 3954 γένοι’
507 3881 565 3949 olor
583 3884 641 3939 ἐσσὶ
659 3886 772 3955 μαθών·
792 3887 907 3954 praesta
923 3886 952 3938 te
970 3884 1065 3952 talem,
1085 3884 1197 3954 qualem
1217 3901 1233 3937 a
1252 3887 1355 3939 natura

88 3964 110 4005 ιι
127 3956 232 4011 factum
249 3972 311 4010 esse
330 3955 506 4027 cognoveris3
530 3956 650 4027 primum
672 3956 762 4039 igitur
785 3956 910 4010 omnium
933 3973 1012 4025 cura,
1032 3956 1107 4024 quod
1129 3954 1266 4027 Delphica
1292 3972 1352 4011 sen·

89 4027 169 4083 tentia
187 4031 282 4098 γνῶθι
300 4025 419 4082 σεαυτόν
436 4028 583 4099 praecipit,
602 4032 635 4082 ut
652 4032 680 4082 te
694 4044 787 4098 ipsum
801 4044 963 4097 cognoscas,
981 4044 1016 4081 ne
1036 4026 1174 4096 quidquid
1193 4026 1352 4082 adulatores

88 4094 117 4150 de
137 4101 164 4154 te
190 4099 305 4168 tuisque
329 4098 514 4153 facultatibus
539 4098 717 4169 praedicant,
743 4098 874 4153 credulus
900 4098 1000 4153 audias
1024 4131 1057 4138 —
1081 4096 1165 4161 καλός
1182 4118 1226 4153 τοι
1244 4100 1351 4153 πιθών·

87 4170 190 4239 respicit
205 4170 329 4225 Galenus
344 4171 379 4225 de
393 4188 446 4225 usu
464 4174 535 4241 part.
550 4192 560 4225 1
574 4188 612 4227 ss:
632 4167 716 4235 καλός
734 4168 1014 4239 concitamentum&
1032 4171 1131 4224 παισὶν
1150 4166 1214 4237 αἰεί,
1229 4166 1298 4239 φησί
1312 4190 1354 4234 τις

89 4248 134 4293 τῶν
153 4247 296 4308 παλαιῶν,
319 4242 538 4312 ἀναμιμνήσκων
561 4242 633 4311 ἡμᾶς
656 4241 692 4305 ὥς
711 4240 785 4296 ἐστιν
804 4242 921 4312 ἄθυρμα
940 4246 1048 4311 γελοῖον
1066 4239 1223 4307 παιζόντων
1241 4243 1352 4296 παίδων

89 4320 156 4367 τοῦτο
183 4314 217 4369 τό
244 4317 322 4387 ζῷον.
370 4314 411 4367 De
439 4317 599 4404 contemptu
632 4314 730 4368 simiae
758 4314 829 4368 conf.
853 4313 995 4384 Aristoph.
1019 4314 1089 4367 Ran.
1115 4328 1167 4367 roso
1199 4310 1352 4385 βωμολόγοι

89 4384 270 4455 tomitanos
282 4418 318 4425 -
333 4383 417 4448 καλός
432 4428 437 4439 .
450 4429 471 4440 ..
489 4390 583 4448 καλος·
603 4384 707 4439 iterata
720 4385 773 4439 hac
787 4385 992 4440 acclamatione
1008 4384 1101 4438 lusum
1115 4402 1263 4455 puerorum
1278 4384 1352 4439 ludit

91 4455 162 4511 stulte
190 4461 303 4526 turpem
327 4456 449 4511 bestiam
474 4456 689 4512 blandientium.
727 4456 863 4511 Similiter
889 4456 1121 4511 acclamationem
1147 4452 1243 4524 καλός,
1269 4454 1352 4519 καλός

90 4524 180 4583 iterant
198 4527 364 4583 Theocritus
382 4547 431 4581 vm
451 4545 484 4590 τε,
511 4528 583 4583 Bion
600 4548 611 4581 1
630 4546 663 4597 ιι,
692 4526 881 4582 Callimachus
900 4528 987 4599 epigr.
1003 4544 1028 4583 so
1048 4560 1082 4567 —
1103 4533 1143 4581 73.
1171 4526 1350 4581 Rhadaman-

90 4598 150 4667 λεια,
170 4600 221 4669 qui
244 4600 321 4669 quod
346 4616 443 4654 severo
461 4598 566 4654 iudicio
585 4599 681 4655 omnia
699 4600 839 4670 expendat
858 4617 965 4654 summo
983 4599 1087 4653 honore
1106 4598 1217 4667 floreat,
1236 4598 1351 4653 Hieroni

92 4668 120 4720 ad
135 4670 332 4727 aemulandum
349 4670 482 4759 proponit
500 4703 532 4711 —
553 4677 594 4725 76.
620 4667 799 4740 ἀμφοτέροις·
825 4670 924 4726 schol:
948 4672 995 4725 καλ
1018 4676 1055 4725 τό
1075 4668 1283 4743 διαβαλλομένῳ
1303 4671 1351 4724 καλ

92 4743 121 4810 τῷ
135 4744 200 4811 πρὸς
219 4741 253 4797 δν
272 4744 471 4814 διαβαλλοασιν
490 4773 523 4782 -
543 4745 699 4816 διαβολιᾶν,
717 4744 855 4813 producta
873 4742 965 4797 vocali
983 4728 1062 4797 finali
1080 4740 1296 4812 praepositionis
1314 4742 1350 4795 ad

94 4824 242 4869 mncnrsnm
255 4814 384 4868 brevium
398 4813 571 4882 syllabarum
585 4816 741 4885 vitandum,
755 4817 788 4868 ut
801 4814 924 4884 Theogn.
935 4830 974 4869 aas
989 4812 1116 4887 διαβολίῃ
1132 4846 1165 4854 -
1180 4811 1349 4883 ὑποφάτιες·
