3417 5434
612 957 783 1029 [sanson.
803 956 863 1029 et]

413 1120 700 1207 XPOMIsa
741 1121 1062 1207 ΑΙΤΝΑΙΩι

667 1317 801 1367 ΑΡΜΑΤΙ

646 1600 822 1671 strophae.

183 2372 265 2433 Haec
293 2376 324 2433 et
350 2394 427 2451 quae
456 2378 624 2452 sequuntur
651 2376 725 2437 odae
753 2396 812 2437 non
835 2376 1001 2436 Nemeaeus
1023 2374 1165 2435 victorias
1187 2374 1370 2451 praedicant,

87 2462 142 2521 sed
168 2462 244 2521 alias
268 2464 427 2541 quasdam,
451 2463 585 2523 adiectae
608 2468 711 2524 autem
729 2465 886 2525 Nemeaeis
905 2484 924 2524 a
942 2464 1146 2544 grammaticis
1164 2467 1243 2539 sunt,
1262 2467 1318 2523 aut
1334 2468 1371 2521 nt

88 2551 182 2610 huius
210 2553 382 2631 voluminis,
411 2553 516 2612 ceteris
546 2553 702 2633 brevioris,
730 2572 825 2614 vacua
852 2572 923 2631 pars
951 2554 1099 2613 similibus
1126 2552 1262 2629 epiniciis
1291 2572 1368 2612 com-

86 2642 227 2716 pleretur
245 2644 307 2719 aut,
326 2642 352 2700 si
371 2642 442 2701 olim
461 2642 627 2703 Nemeaeus
646 2644 719 2704 odae
739 2648 807 2721 post
824 2644 983 2703 Isthmicas
1001 2642 1118 2719 positae
1141 2659 1249 2720 agmen
1272 2660 1368 2703 sacro·

85 2748 158 2788 rum
181 2730 322 2791 ludorum
348 2731 541 2809 claudebant,
564 2736 601 2790 nt
633 2750 784 2793 sacrorum
813 2733 955 2793 ludorum
977 2731 1144 2809 praeconiis
1166 2731 1284 2808 reliqua
1307 2731 1368 2807 epi·

87 2818 171 2877 nicia
195 2818 430 2880 subtexerentur.
460 2832 476 2861 ⁸

179 2907 224 2967 De
253 2906 392 2969 Ohromio
420 2909 594 2988 Agesidami
621 2909 696 2988 filio,
727 2911 776 2969 oui
803 2914 834 2969 et
861 2912 938 2971 hanc
966 2911 1054 2971 odam
1077 2913 1109 2969 et
1130 2909 1166 2969 N.
1186 2928 1197 2967 1
1220 2909 1367 2968 Pindarus

87 2996 220 3074 scripsit,
244 2996 310 3056 vide
334 3016 411 3074 quae
435 3017 526 3075 supra
550 2998 587 3057 ad
610 2998 646 3057 N.
666 3016 677 3057 1
700 2998 829 3074 praeisti
852 3018 963 3059 snmus.
1009 2998 1187 3075 Victoriam,
1212 3018 1288 3074 quae
1311 2998 1368 3057 hac

87 3085 147 3143 oda
179 3086 363 3164 illustratur,
394 3086 551 3147 Ohromins
581 3088 641 3145 iam
672 3088 828 3164 aliquanto
859 3092 929 3147 ante
959 3080 1043 3167 (ποτε
1067 3108 1093 3147 v.
1115 3080 1163 3167 52)
1187 3087 1312 3164 Sicyone
1336 3088 1367 3145 in

87 3174 169 3233 ludis
193 3174 315 3234 Adrasti
345 3194 435 3235 curm
465 3178 677 3252 reportaverat.
724 3176 847 3235 Pindari
877 3181 979 3237 autem
1008 3177 1038 3235 in
1071 3176 1143 3235 aula
1172 3177 1255 3254 regia
1278 3176 1367 3251 Syra-

85 3281 202 3323 cusana
225 3265 436 3325 commorantis
459 3266 684 3341 opportunitate
708 3266 866 3325 Chromius
889 3286 962 3327 nsua
985 3286 1047 3327 esse
1072 3266 1200 3344 videtur,
1223 3270 1259 3323 nt
1282 3264 1366 3323 illam

85 3354 247 3413 victoriam
277 3354 368 3412 etiam
398 3354 515 3430 aliquot
545 3355 630 3413 annis
660 3358 823 3431 postquam
845 3361 934 3432 parta
956 3360 1034 3433 erat,
1064 3356 1295 3432 praedicandam
1317 3374 1366 3413 cn·

85 3446 178 3518 raret,
203 3460 264 3517 qua
287 3443 318 3501 in
341 3463 372 3501 re
398 3442 472 3501 illud
498 3461 618 3520 quoque
644 3444 799 3522 spectavit,
825 3449 861 3503 ut
886 3445 954 3505 urbi
971 3446 1087 3503 Aetnae
1110 3464 1206 3520 nuper
1229 3444 1366 3503 conditae

85 3524 127 3611 (v.
154 3544 179 3589 2.
204 3524 253 3611 30)
286 3532 473 3607 splendorem
502 3532 677 3611 magnificae
707 3552 834 3609 pompae
865 3534 1028 3611 praeberet.
1081 3534 1160 3592 Eum
1190 3534 1270 3592 enim
1300 3537 1366 3592 tum

87 3620 234 3695 temporis
257 3640 316 3680 non
341 3621 505 3697 Syracusis,
529 3622 580 3680 sed
602 3622 718 3681 Aetnae
742 3623 864 3682 domum
886 3628 917 3682 et
946 3623 1029 3682 sedes
1054 3622 1194 3682 habuisse
1219 3622 1366 3699 principio

85 3708 230 3767 carminis
253 3712 355 3784 aperte
374 3709 558 3769 declaratum
578 3713 631 3787 est,
655 3712 703 3771 eui
722 3715 828 3789 poetae
847 3712 1019 3771 testimonio
1038 3713 1168 3770 alterum
1187 3712 1365 3771 scholiastae

85 3799 125 3857 ad
150 3798 187 3858 N.
207 3816 238 3855 rx
262 3798 349 3857 inser.
373 3799 498 3858 accedit:
530 3795 545 3859 ὁ
569 3799 701 3881 Χρόμιος
729 3792 815 3873 οὗτος
843 3801 930 3877 φίλος
957 3793 996 3879 ἦν
1015 3796 1147 3877 Ἱέρωνος
1170 3797 1365 3870 κατασταθεὶς

84 3880 140 3945 ὑπ’
161 3884 253 3946 αὐτοῦ
280 3895 332 3965 τῆς
356 3886 469 3965 Αἴτνης
498 3886 668 3969 ἐπίτροπος,
698 3888 772 3949 ὅθεν
802 3888 850 3950 καὶ
874 3890 1016 3960 Αἰτναῖος
1046 3887 1206 3967 ἐκηρύχθη.
1254 3888 1363 3959 Quam·

86 3996 181 4052 quam
204 3994 321 4054 vereor,
345 3996 382 4036 ne
406 3977 478 4037 haec
502 3978 656 4040 adnotatio
680 3978 736 4037 fide
759 3979 903 4038 historica
925 3982 1027 4037 careat
1049 3981 1080 4037 et
1103 3997 1121 4036 a
1145 3978 1306 4037 scholiasta
1329 3998 1364 4036 ex

85 4064 227 4125 carminis
250 4065 396 4142 principio
420 4065 492 4126 ficta
514 4066 562 4143 sit,
585 4068 663 4127 unde
682 4086 741 4127 non
761 4086 868 4143 operae
886 4068 1018 4143 pretium
1036 4085 1099 4126 esse
1118 4067 1255 4126 ducimus
1274 4084 1364 4143 quae-

84 4174 159 4230 rere,
183 4156 285 4213 utrum
311 4158 380 4214 ante
403 4174 442 4213 an
465 4160 534 4231 post
555 4156 750 4215 Dinomenem
774 4156 869 4215 filium
893 4156 1032 4216 Hieronis
1056 4151 1098 4235 (v.
1115 4156 1147 4214 P.
1167 4174 1179 4213 1
1198 4151 1255 4237 60),
1279 4155 1364 4213 mini-

85 4242 180 4301 strine
208 4243 272 4301 loco
301 4263 337 4303 an
367 4262 421 4302 suo
450 4244 513 4321 ipse
540 4245 666 4321 imperio
695 4244 800 4304 urbem
823 4246 954 4305 Aetnam
977 4244 1202 4305 administrarit.
1248 4244 1306 4302 Sed
1329 4264 1364 4302 ex

84 4354 134 4410 eo,
164 4331 245 4407 qnod
272 4332 328 4391 hoc
356 4352 474 4391 carmen
503 4333 534 4391 iu
562 4334 704 4393 honorem
732 4334 815 4394 urbis
843 4353 939 4410 nuper
966 4334 1103 4393 conditae
1127 4327 1310 4414 (νεοκτίσταν
1334 4330 1364 4403 ἐς

85 4421 203 4480 Αἴτναν
218 4440 245 4479 v.
261 4414 293 4501 a)
307 4426 338 4479 et
352 4422 382 4479 in
397 4420 452 4479 bac
467 4422 539 4481 urbe
554 4422 620 4497 ipsa
634 4426 789 4481 cantatum
804 4427 857 4500 est,
877 4424 1017 4499 colligere
1036 4424 1141 4499 audeo,
1160 4423 1189 4481 id
1209 4442 1267 4482 non
1284 4423 1364 4481 mul-

86 4515 151 4569 tum
172 4514 241 4585 post
259 4509 292 4571 P.
312 4529 323 4567 1
342 4514 373 4569 et
391 4514 460 4569 ante
483 4510 519 4570 N.
540 4529 550 4567 1
569 4512 767 4586 compositum
787 4532 858 4571 esse.
897 4512 984 4583 Quod
1003 4531 1072 4571 vero
1091 4512 1259 4570 Bocchhius
1277 4512 1363 4586 Expl.

84 4612 138 4659 467
154 4618 197 4676 sq.
213 4598 317 4657 fabula
331 4598 453 4658 Adrasti
473 4602 503 4658 et
518 4600 693 4675 Amphiarai
712 4619 759 4659 res
778 4605 946 4677 praesentes
962 4601 1082 4676 oblique
1097 4600 1183 4677 tangi
1198 4604 1229 4658 et
1240 4598 1364 4658 Adrasti

85 4708 185 4748 sorore
205 4688 388 4765 Amphiarao
412 4688 443 4746 in
466 4689 690 4748 matrimonium
711 4689 782 4748 data
802 4693 843 4771 (v.
860 4701 892 4748 16
907 4684 964 4771 sq.)
981 4690 1206 4748 matrimonium
1224 4688 1364 4749 Hieronis

84 4781 115 4837 et
138 4778 219 4837 filiae
239 4777 422 4853 Xenocratis,
446 4776 570 4837 interitu
591 4777 767 4853 Amphiarai
791 4780 905 4838 cladem
924 4779 1107 4855 Thrasydaei
1131 4778 1186 4861 filii
1209 4778 1362 4856 Theronis,
