3417 5434
459 341 509 394 111.
535 341 585 390 DE
603 339 712 391 LUDIS
732 340 778 390 ΕΤ
796 339 973 392 EPINICIIS.
1287 335 1360 390 XCV

82 500 175 566 choro
195 502 354 568 victorem
373 494 516 568 canendo
531 501 716 586 praeivisse.
748 500 916 566 Interdum
931 506 1042 566 tamen
1056 500 1211 566 accidisse
1226 500 1361 585 videtur,

83 611 115 670 ut
136 612 235 690 poeta
256 608 323 671 iam
347 609 388 672 ad
410 609 494 673 hanc
517 629 669 693 pompam
693 609 857 693 peculiare
875 631 1005 673 carmen
1024 611 1241 693 componeret,
1264 629 1361 690 quem

80 713 110 775 in
137 735 307 778 numerum
336 714 481 779 carmina
504 713 540 778 0.
560 733 631 779 vm.
668 715 701 779 P.
721 733 765 778 vl.
785 732 834 778 V11
860 715 1008 798 equidem
1032 715 1152 796 refero,
1180 714 1235 778 alii
1260 713 1359 777 etiam

84 818 115 881 0.
135 837 172 882 xl
195 820 400 886 referendum
423 843 493 886 esse
517 826 658 886 censent.

165 926 307 991 Maiores
345 931 378 992 et
415 927 649 1012 splendidiores
686 928 883 993 festivitates
919 930 1024 994 factae
1062 933 1138 992 sunt
1171 930 1293 994 victore
1326 929 1361 991 in

82 1033 218 1115 patriam
248 1034 374 1098 reduce.
426 1034 574 1119 Namque
607 1057 674 1099 non
706 1036 811 1100 solum
843 1039 936 1120 pater
968 1037 1037 1100 eius
1066 1040 1098 1099 et
1127 1036 1272 1122 cognati,
1305 1035 1361 1099 sed

83 1139 182 1204 omnis
203 1139 318 1205 civitas
338 1141 423 1206 laeta
442 1163 516 1206 eum
535 1141 721 1207 salutabant
735 1143 931 1228 domumque
947 1143 1156 1207 deducebant.
1193 1141 1360 1208 Victoriae

84 1245 164 1310 enim
192 1245 297 1312 laudis
326 1247 431 1313 omnis
460 1249 574 1313 civitas
604 1270 737 1314 consors
766 1249 854 1314 facta
883 1254 946 1331 est,
974 1251 1058 1314 unde
1086 1254 1119 1314 et
1141 1249 1260 1334 victor,
1288 1271 1362 1313 cum

85 1354 336 1436 renuntiabatur,
358 1353 499 1438 patriam
522 1355 620 1419 simul
642 1357 862 1421 renuntiatam
885 1357 998 1442 voluit,
1021 1361 1062 1421 et‘
1074 1355 1174 1421 Solon
1193 1354 1363 1442 legislator

86 1460 340 1544 sapientissimus
363 1460 612 1526 Atheniensium
637 1462 709 1548 lege
733 1463 855 1546 sanxit,
882 1468 920 1528 nt
943 1464 1045 1547 siquis
1069 1462 1188 1528 civium
1211 1461 1363 1547 Olympia

86 1565 219 1652 vicisset,
237 1566 557 1654 quadringentarum,
576 1568 604 1633 si
619 1568 767 1653 Isthmia,
786 1575 917 1635 centum
935 1570 1163 1635 drachmarum
1181 1570 1363 1655 praemium

87 1695 121 1736 er
145 1673 275 1758 publico
304 1675 429 1740 aerario
457 1675 626 1760 acciperet.
634 1674 660 1762 ¹)
709 1676 824 1761 ltaque
852 1677 1030 1742 scholiasta
1056 1678 1097 1741 ad
1124 1675 1158 1740 P.
1181 1696 1204 1741 v
1228 1679 1271 1741 35
1301 1677 1362 1741 vic·

88 1785 185 1845 torem
208 1803 301 1846 suam
324 1781 466 1867 patriam
490 1803 644 1846 coronare
668 1783 757 1868 dicit,
780 1788 812 1847 et
831 1783 1014 1868 Xenophon
1031 1785 1309 1867 memor.1117,l
1334 1783 1362 1847 si

88 1887 153 1970 quis
185 1888 373 1953 coronarios
402 1888 497 1952 ludos
525 1889 644 1973 obiret,
676 1911 743 1953 non
770 1890 877 1954 solum
905 1913 997 1955 suam
1025 1891 1082 1954 sed
1109 1892 1207 1956 etiam
1236 1891 1362 1975 patriae

90 1994 218 2078 gloriam
242 2016 361 2081 augere
384 1995 563 2079 praedicat:
586 2001 619 2060 εί
638 2019 689 2072 τις
712 1997 825 2072 ἱκανὸς
848 1997 897 2062 ὢν
919 2000 997 2073 τοὺς
1016 2001 1213 2081 στεφανίτας
1232 1997 1363 2080 ἀγῶνας

91 2111 179 2166 νικᾶν
203 2101 259 2167 καὶ
282 2103 339 2166 διὰ
362 2111 461 2166 τοῦτο
483 2101 583 2179 αὐτός
605 2127 639 2168 τε
662 2110 823 2187 τιμᾶσθαι
846 2102 902 2168 καὶ
925 2107 986 2188 τὴν
1008 2106 1151 2190 πατρίδα
1175 2105 1211 2169 tv
1235 2114 1273 2189 τῇ
1292 2102 1363 2168 Ἑλ-

90 2209 156 2272 λάδι
181 2208 445 2295 εὐδοκιμωτέραν
467 2220 590 2293 ποιεῖν,
617 2211 661 2293 μὴ
685 2209 780 2274 θέλοι
804 2209 1040 2293 ἀγωνίζεσθαι,
1067 2213 1263 2274 ποῖοντίνα
1287 2219 1364 2275 τοῦ·

90 2339 141 2378 τον
166 2319 311 2402 νομίζοις
338 2315 381 2381 διν
408 2318 468 2381 τὸν
490 2317 597 2403 ἄνδρα
620 2311 720 2394 sicca
766 2317 836 2392 Qua
859 2317 898 2381 de
922 2340 1117 2383 causacum
1141 2340 1253 2381 omnes
1277 2318 1363 2382 cives

91 2427 154 2486 tum
177 2423 313 2509 gentiles
338 2429 371 2487 et
394 2423 490 2488 amici
513 2423 670 2487 victorem
694 2424 882 2488 redeuntem
905 2430 938 2489 et
962 2425 990 2489 si
1013 2425 1105 2509 equis
1126 2425 1248 2488 vicerat
1267 2446 1364 2488 curru

92 2531 220 2610 patriam
247 2531 362 2594 urbem
389 2527 599 2618 intrantem²)
627 2530 745 2615 plausu
774 2530 980 2615 excipiebant
1005 2537 1039 2595 et
1062 2535 1197 2595 ovantes
1221 2531 1262 2594 ad
1284 2534 1365 2594 tem-

93 2635 173 2717 plum
191 2638 240 2702 vel
259 2659 358 2721 aram,
378 2637 434 2700 ubi
450 2658 604 2702 coronam
618 2641 746 2721 partam
761 2637 968 2722 depositurus
983 2642 1063 2721 erat,
1081 2636 1330 2700 comitabantur.
1337 2632 1363 2721 8)

94 2741 196 2828 Neque
222 2745 310 2808 intra
337 2743 470 2828 plausus
498 2749 531 2808 et
559 2742 808 2808 acclamationes
833 2743 884 2806 illi
907 2765 941 2808 se
965 2743 1190 2826 continebant,
1216 2744 1273 2807 sed
1297 2765 1365 2807 car·

94 2851 172 2914 mina
198 2851 404 2916 concinentes
432 2851 566 2915 victoris
592 2849 747 2914 virtutem
769 2850 1002 2934 praedicabant
1025 2853 1058 2914 et
1081 2849 1172 2914 urbis
1195 2850 1288 2913 deam
1310 2873 1365 2934 pa-

94 2963 224 3044 tronam,
259 2962 297 3023 ut
333 2957 477 3043 propitia
513 2956 715 3022 victorialem
747 2979 903 3042 pompam
934 2957 1108 3042 acciperet,
1145 2956 1363 3040 precabantur

95 3061 137 3146 (0.
155 3083 185 3128 v.
216 3063 249 3129 P.
268 3063 351 3152 xm).
393 3063 565 3128 Praeterea
586 3062 706 3148 partim
731 3065 848 3149 victor,
873 3064 901 3128 si
926 3064 1042 3148 opibus
1066 3063 1221 3148 alluebat,
1243 3063 1364 3148 partim

93 3171 218 3252 gentiles
250 3173 320 3236 eius
353 3173 479 3236 lautum
511 3171 695 3236 convivium
722 3175 759 3234 ut
786 3170 820 3234 in
849 3170 921 3234 aliis
951 3169 1144 3257 victoriis⁴),
1176 3170 1223 3234 sic
1250 3171 1285 3234 in
1311 3170 1364 3234 his

95 3297 210 3362 quoque
228 3279 388 3365 gymnicis
407 3300 563 3364 apparare
583 3277 732 3342 solebant
746 3276 796 3362 (Ο.
812 3295 831 3341 1.
860 3276 901 3342 N.
916 3294 936 3341 1.
951 3295 996 3341 rx.
1025 3277 1059 3340 P.
1074 3275 1135 3363 xl).
1173 3277 1233 3340 His
1253 3281 1362 3340 autem

95 3382 122 3445 in
146 3386 312 3470 conviviis,
340 3385 398 3450 ubi
425 3385 526 3451 sacris
555 3383 680 3469 operati
709 3389 814 3467 erant,
842 3388 1045 3469 praesentem
1073 3382 1245 3448 victoriam
1272 3387 1305 3446 et
1335 3383 1363 3446 si

96 3511 165 3573 quas
196 3493 276 3557 alias
304 3499 379 3558 ante
407 3497 465 3556 aut
491 3491 561 3577 ipse
590 3497 647 3555 aut
675 3490 814 3577 gentiles
843 3491 912 3556 eius
940 3494 1186 3575 reportaverant
1212 3489 1364 3554 laudibus

96 3598 258 3664 efferebant
286 3605 320 3664 et
347 3600 465 3664 decora
489 3599 579 3663 urbis
603 3621 677 3664 cum
700 3598 858 3663 historica
880 3603 952 3662 tum
975 3597 1119 3682 mythice
1140 3596 1364 3681 praedicantes

97 3705 229 3785 publicas
253 3705 350 3771 ferias
375 3707 525 3792 agebant.
566 3704 638 3770 Hoc
661 3726 789 3790 quoque
813 3705 900 3769 haud
922 3727 996 3769 raro
1020 3704 1224 3780 factumest,
1247 3703 1364 3768 utsub

97 3832 251 3896 vesperum
279 3813 376 3877 amici
405 3813 445 3877 ad
473 3813 606 3877 domum
633 3811 765 3876 victoris
794 3811 1004 3877 convenirent
1029 3817 1062 3874 et
1086 3815 1160 3875 ante
1184 3809 1271 3874 fores
1295 3809 1365 3874 eius

98 3919 221 4001 epinicia
242 3921 387 3985 carmina
410 3920 451 3984 ad
473 3920 577 3984 instar
599 3918 884 4004 epithalamiorum
908 3922 1077 3983 cantarent
1100 3917 1155 4004 (N.
1175 3935 1196 3981 1.
1233 3916 1258 3981 I.
1277 3916 1364 4002 vlu).

98 4025 174 4090 adeo
201 4033 310 4093 antem
338 4026 482 4092 studium
510 4027 680 4091 victoriam
709 4025 858 4109 epiniciis
885 4025 1071 4090 illustrandi
1098 4023 1298 4109 percrebuit,
1328 4028 1365 4087 ut

98 4135 216 4200 eandem
243 4134 416 4200 victoriam
443 4134 516 4219 plus
544 4132 644 4198 semel
673 4132 874 4198 celebrarent
897 4130 949 4220 (Ο.
968 4150 993 4195 11
1006 4137 1050 4196 -et
1074 4149 1119 4194 111.
1161 4130 1196 4195 P.
1215 4147 1251 4192 1v
1275 4128 1364 4216 etv)

174 4297 198 4362 l)
216 4293 290 4348 Plut.
306 4291 363 4347 Sol.
378 4297 421 4348 23.
454 4291 535 4362 Diog.
550 4310 560 4343 1
575 4297 616 4345 55.

174 4371 199 4434 δ)
216 4365 250 4420 N.
266 4384 295 4417 rx
310 4368 334 4417 4.
368 4363 420 4416 Dio
436 4362 511 4417 Cass.
528 4367 570 4431 68,
586 4369 628 4416 20.

172 4443 198 4506 3)
216 4437 323 4490 nouem
351 4433 474 4504 pertinet
500 4435 576 4502 quod
604 4436 727 4487 statuam
756 4432 871 4488 victoris
896 4431 1044 4503 Olympiae
1073 4430 1238 4502 erigendam
1261 4430 1363 4486 civitas

99 4506 200 4578 curavit,
218 4507 298 4560 cuius
315 4507 356 4560 rei
371 4506 528 4574 exemplum
542 4506 659 4575 praebet
673 4505 773 4558 titulus
789 4505 952 4575 Olympicus
972 4523 999 4558 n.
1014 4509 1075 4572 229,
1095 4504 1177 4558 Arch.
1193 4502 1262 4558 Zeit.
1280 4509 1362 4556 1879:

99 4575 200 4710 ggqpop
214 4575 422 4702 ‘liEfflioeng
433 4575 587 4646 Ἐπνδέροη
601 4579 795 4646 Μητροδώρου
810 4576 965 4644 νικήσαντα
981 4576 1088 4643 ἄνδρας
1102 4575 1215 4646 πυγμὴν
1227 4573 1364 4644 Ὀλύμπια

149 4672 182 4703 aa
211 4669 226 4704 τ
247 4671 263 4704 ν
282 4669 363 4703 πετο
385 4669 425 4702 ον.

173 4726 200 4790 4)
218 4671 420 4776 donadeus
435 4719 561 4774 Platonis
581 4723 666 4788 atque
681 4719 874 4790 Xenophontis
894 4718 1038 4790 symposia
1053 4721 1082 4773 et
1096 4717 1242 4773 Plutarchi
1255 4719 1364 4786 quaest.

102 4807 168 4847 conv.
182 4801 241 4864 114,
257 4799 281 4850 1.
