3417 5434
637 378 760 429 NEMEA
780 378 811 429 V.

134 542 279 618 δείσαις·
303 540 321 607 ὁ
344 539 376 605 δ’
402 539 556 625 ἐφράσθη
579 539 731 605 κατένευ-

182 646 241 713 σέν
264 646 301 712 τί
320 654 376 712 for
399 647 578 732 ὀρσινεφὴς
601 645 633 724 ἐξ
657 647 804 729 οὐρανοῦ

73 772 110 817 35
136 757 226 832 Ζεὺς
249 754 430 824 άθανάτων
453 755 622 837 βασιλεύς,
645 750 723 818 ὥστ’
749 751 786 817 ἐν
808 753 899 837 τάχει

133 870 280 927 ποντιᾶν
299 860 557 947 χρυσαλακάτων
575 860 651 925 τινὰ
670 860 847 945 Νηρεΐδων
866 858 1002 945 πράξειν
1020 862 1159 943 ἄκοιτιν,
1329 874 1362 921 65

133 1060 290 1144 γαμβρὸν
313 1058 531 1123 Ποσειδάωνα
553 1060 622 1121 πεί·
1166 1061 1246 1142 Στρ.
1266 1058 1309 1137 γ’.

184 1182 267 1247 σαις,
282 1164 319 1241 ὃς
333 1166 485 1248 Αἰγᾶθεν
498 1161 574 1229 ποτὶ
588 1164 720 1228 κλειτὰν
732 1164 826 1247 θαμά
845 1166 991 1228 νίσσεται
1011 1162 1145 1249 Ἰσθμὸν
1160 1164 1310 1249 Δωρίαν·

135 1276 226 1337 ἔνθα
248 1296 307 1356 μιν
330 1272 491 1356 εὔφρονες
515 1265 581 1336 ἰλαι
605 1272 669 1335 σὺν
692 1270 853 1353 καλάμοιο
876 1273 940 1357 βοᾷ
961 1272 1045 1335 θεὸν
1068 1270 1235 1351 δέκονται,
1331 1285 1364 1331 ιο

133 1377 194 1443 καὶ
217 1378 331 1444 σθένει
354 1382 460 1461 γυίων
484 1376 623 1463 ἐρίζοντι
645 1384 775 1462 θρασεῖ.

76 1503 114 1549 40
136 1489 266 1570 πότμος
289 1482 326 1549 dt
348 1490 454 1570 κρίνει
478 1486 641 1567 συγγενὴς
663 1486 771 1569 ἔργων
793 1482 869 1568 περλ

135 1592 284 1657 πάντων.
330 1594 370 1657 τὺ
395 1590 425 1655 δ’
449 1593 636 1674 Αἰγίναθεν
659 1589 728 1673 ἄπ’,
751 1590 961 1675 Νὐθάμενες,

142 1704 250 1777 Νίκας
273 1698 309 1763 ἐν
328 1699 512 1782 άγκωνεσσι
535 1698 662 1763 πιτνὼν
679 1699 841 1763 ποικίλων
859 1699 1006 1776 ἔψαυσας
1028 1698 1151 1782 ὕμνων.

136 1892 214 1979 ἦτοι
236 1894 431 1980 μεταΐξαντα
453 1892 509 1959 καὶ
1166 1891 1250 1959 Ἀντ.
1268 1891 1311 1976 γ’.

185 2011 249 2067 νῦν
268 2002 340 2078 τεὸς
357 2002 489 2085 μάτρως
507 1999 539 2065 σ’
556 2000 688 2083 ἀγάλλει
702 2004 761 2065 καί
766 2018 834 2101 σου
849 2000 1039 2087 ὁμόσπορον
1052 2003 1163 2083 ἔθνος,
1182 1998 1311 2065 Πυθία.
1331 2017 1365 2064 80

159 2272 202 2321 36,
227 2266 348 2321 ποντιᾶν
373 2264 484 2335 Heyne:
510 2263 630 2321 ποντίαν
655 2266 735 2321 codd.
755 2297 788 2305 -
811 2264 921 2334 πράξον
944 2266 974 2319 D
999 2297 1033 2305 -
1059 2271 1101 2321 37.
1128 2265 1222 2320 κλειτοὶ
1247 2266 1366 2320 1)Ρο-

81 2336 169 2393 νίσετ.
192 2338 253 2392 BD
271 2370 305 2377 -
325 2343 367 2391 38.
387 2336 460 2391 ἔνθα
479 2336 530 2407 μὲν
549 2338 620 2393 coni.
641 2336 801 2407 Mingarelli
819 2368 853 2377 —
873 2343 915 2391 lo.
942 2335 1073 2407 συγγενὲς
1091 2338 1120 2391 D
1139 2369 1174 2376 —
1191 2344 1234 2393 41.
1254 2333 1365 2406 Αἰγίνα-

78 2415 140 2463 θεν
167 2406 219 2463 ἀπ’
241 2408 339 2479 scripsi
364 2414 516 2478 praeeunte
541 2408 733 2479 Mingarellio,
760 2408 809 2478 qui
832 2405 987 2478 Αἰγίναθεν
1006 2403 1028 2462 ὦ
1046 2411 1243 2478 proposuerat:
1267 2406 1366 2481 Αἰγίνᾳ

78 2486 159 2543 θεᾶς
178 2480 259 2534 codd.
274 2486 304 2534 et
321 2496 387 2550 pars
406 2478 501 2547 schol,
516 2477 614 2554 Αἰγίνᾳ
627 2484 699 2534 θεοῦ
714 2478 828 2534 Schmid
847 2496 930 2548 quem
947 2481 1117 2533 recentiores
1135 2478 1256 2533 editores
1275 2478 1364 2533 secuti

79 2555 153 2605 sunt
180 2583 213 2591 -
240 2557 281 2605 43.
307 2552 369 2615 τεὸς
394 2550 504 2621 μάτρως
529 2550 555 2605 τ’
576 2550 689 2621 ἀγάλλει
712 2548 762 2605 καί
783 2568 834 2605 σου
858 2548 1017 2620 ὁμόσπορον
1042 2549 1127 2612 ἔθνος
1144 2548 1248 2604 Πυθία
1267 2549 1366 2619 scripsi

79 2622 257 2677 scholiorum
275 2622 398 2693 vestigia
418 2624 542 2677 secutus:
560 2623 622 2686 τεὸς
671 2622 749 2690 ’τρως
767 2621 881 2692 ἀγάλλει
894 2620 989 2677 ιιείνον
1005 2621 1047 2691 ὀμ.
1063 2620 1124 2677 tos.
1140 2618 1253 2684 πνθόας
1270 2620 1365 2686 οοόδ.;

79 2695 179 2764 prima
197 2695 283 2748 verba
302 2694 341 2747 sic
360 2695 419 2748 iam
436 2694 571 2765 refingere
591 2710 637 2747 ma
652 2694 702 2749 'm:
720 2692 750 2747 vt
766 2696 810 2763 (=
826 2692 865 2762 σὲ,
885 2692 919 2747 cf.
935 2691 966 2747 Ο.
982 2712 991 2745 r
1005 2697 1041 2762 ee)
1060 2692 1122 2763 rede
1139 2690 1249 2763 μάτρως
1267 2692 1311 2761 ἀγ.
1331 2724 1364 2731 —

157 2844 201 2891 et.
221 2834 387 2891 κατένευσεν
398 2880 403 2892 .
416 2880 420 2891 .
433 2835 518 2891 ,ὥστε
532 2835 661 2906 πράξειν·
679 2836 713 2890 ci.
729 2834 853 2917 Thucpd.
870 2853 918 2888 vm
932 2852 957 2890 eo
972 2832 1203 2904 ἐπαγγελλόμενοι
1217 2834 1286 2888 ὥστε
1300 2836 1365 2906 βοη-

79 2915 152 2963 θεῖν
172 2940 205 2948 -
225 2914 266 2963 36.
290 2906 404 2971 πόντιος
423 2924 485 2961 cunr
504 2924 614 2979 semper
631 2907 689 2963 vim
708 2906 843 2961 adiectrvi
862 2906 980 2975 haheat,
1003 2922 1059 2959 non
1076 2903 1196 2959 ποντίαν
1214 2926 1291 2974 τινα,
1315 2906 1364 2959 sed

78 2988 207 3035 ποντιᾶν
223 2981 372 3049 Νηρεΐδων
386 3000 449 3035 τινα
463 2982 576 3051 poetam
590 2979 694 3033 dixisse
707 2977 767 3033 vari
781 2978 873 3032 simile
887 2980 931 3031 eet
942 3008 974 3017 -
985 2983 1027 3032 37.
1042 2977 1168 3048 γαμβρὸν
1179 2976 1365 3032 Ποσειδάωνα

80 3051 168 3120 dixit,
207 3051 264 3105 uod
283 3050 437 3122 Neptunus,
457 3050 505 3120 qui
524 3050 734 3121 Amphitriten,
753 3065 838 3103 unam
857 3065 892 3103 ex
910 3047 1086 3116 Nereidibus,
1106 3064 1220 3102 uxorem
1238 3048 1365 3111 duxerat,
1395 3067 1398 3074 ·

81 3124 179 3191 Peleo,
218 3121 322 3177 hetidis
338 3122 439 3176 marito
453 3121 556 3189 futuro,
571 3122 711 3175 affinitate
725 3122 837 3175 iunctus
852 3123 960 3174 erat-
975 3120 1112 3190 Αἰγᾶθεν·
1132 3121 1226 3191 Aegas
1240 3119 1366 3191 Neptuni

80 3210 182 3249 sacras
200 3193 287 3248 fuisse
306 3194 363 3247 iam
381 3192 517 3247 Homerus
536 3192 567 3247 ss.
584 3212 631 3247 vm
649 3209 689 3248 noe
707 3192 825 3260 dixerat,
841 3190 979 3251 Pindarus
994 3194 1088 3245 autem
1102 3190 1265 3262 Neptunum
1279 3191 1365 3263 Aegis

80 3266 224 3319 Isthmum
242 3265 379 3334 ludosque
397 3264 545 3319 Isthmicos
563 3268 706 3335 petentem
725 3262 799 3332 feeit,
817 3267 849 3316 ut
863 3280 881 3317 a
894 3262 1022 3317 Thetidis
1037 3262 1143 3332 nuptiis
1158 3263 1195 3317 ad
1209 3262 1367 3317 certamina

80 3337 218 3391 ludorum
236 3336 429 3405 Pytheamque
447 3336 582 3390 victorem
606 3336 716 3389 rediret.
754 3334 891 3403 Pytheam
909 3350 976 3388 vero
995 3333 1109 3402 eiusque
1128 3333 1244 3389 fratrem
1262 3333 1365 3403 Phyla-

80 3409 182 3462 cidam
205 3407 262 3461 iam
285 3410 346 3461 tum
369 3407 404 3461 de
427 3407 568 3461 Isthmicis
591 3407 666 3461 ludis
690 3406 827 3461 obeundis
852 3404 993 3475 cogitasse
1012 3404 1103 3459 videri
1125 3405 1196 3459 bene
1219 3404 1365 3459 Disaenius

80 3478 197 3533 monuit
216 3510 248 3518 —
268 3484 311 3532 41.
333 3478 460 3533 πάντων·
486 3478 538 3533 hoc
556 3478 694 3533 vocabulo
714 3476 849 3533 transitus
868 3476 905 3531 ad
925 3476 1073 3546 sequentia
1090 3477 1135 3532 fit:
1158 3476 1283 3531 omnium
1302 3494 1365 3529 cum

80 3568 180 3605 rernm
199 3552 316 3604 eventus
335 3549 371 3603 ab
390 3549 519 3622 ingenita
537 3550 650 3604 fortuna
668 3553 698 3604 et
715 3548 809 3603 indole
828 3547 960 3619 pendeat,
980 3548 1171 3617 Euthymenes
1190 3564 1301 3617 quoque
1320 3565 1365 3603 ce-

80 3622 197 3691 terique
215 3620 336 3691 gentiles
354 3620 505 3691 Lamponis
523 3620 627 3675 virtute
647 3638 698 3675 sua
716 3620 753 3674 ad
771 3619 921 3675 victoriam
939 3618 1021 3689 quasi
1038 3618 1101 3673 nati
1119 3622 1207 3675 erant.

158 3699 202 3746 41.
220 3693 252 3745 rt
272 3690 299 3745 θ’
316 3689 416 3767 Αἰγίνᾳ
433 3697 515 3759 θεᾶς,
532 3692 709 3763 Εὐθύμενες·
729 3691 852 3762 genuina
872 3691 897 3745 si
914 3692 984 3746 haec
1002 3693 1077 3745 esset
1094 3689 1187 3759 lectio,
1207 3694 1259 3745 aut
1276 3690 1363 3745 auda-

80 3764 199 3819 cissimo
223 3763 299 3817 saltu
321 3767 406 3834 poeta
425 3780 443 3817 a
465 3764 595 3834 Neptuno
621 3763 750 3833 praeside
773 3762 904 3817 ludorum
926 3762 1105 3817 Isthmiorum
1128 3762 1165 3815 ad
1183 3763 1209 3815 A
1247 3761 1254 3773 ’
1276 3760 1364 3815 eticos

81 3836 170 3891 ludos
188 3835 330 3903 transiret,
350 3838 400 3889 aut
418 3834 623 3904 Euthymenem
642 3834 759 3889 Isthmia
773 3834 888 3903 quidem
901 3833 1011 3900 vicisse,
1026 3833 1075 3887 sed
1090 3832 1216 3903 Aeginae
1250 3849 1363 3887 onorem

81 3906 184 3975 hymni
203 3906 318 3976 epinicii
336 3911 517 3961 consecutum
534 3922 596 3961 esse
615 3907 734 3961 obscura
752 3905 880 3960 oratione
898 3905 1078 3974 significaret.
1110 3904 1166 3959 Sed
1184 3903 1243 3957 alia
1260 3904 1364 3974 legisse

81 3978 200 4033 videtur
218 3977 371 4032 scholiasta
388 3980 469 4032 vetus
490 3977 527 4031 ad
545 3996 570 4031 v.
585 3994 611 4033 er
626 3978 778 4031 adnotans:
798 3974 875 4030 θιατί
893 3975 1020 4047 ὠνόμασε
1038 3984 1091 4029 νῦν
1109 3972 1301 4044 τὸν’1σθμόν;
1321 3972 1363 4028 ότι

82 4050 189 4112 οἰκεῖος
206 4068 248 4112 τις
265 4042 301 4119 ἦν
319 4056 369 4103 τοῦ
388 4048 519 4116 Πυθέου,
546 4050 586 4113 εἰς
604 4048 637 4105 ὃν
655 4047 725 4118 αὕτη
745 4049 763 4117 ἡ
782 4046 840 4121 ᾠδὴ
860 4044 1028 4117 γέγραπται,
1054 4046 1236 4117 Εὐθυμένης,
1259 4044 1290 4107 ὃς
1308 4043 1363 4100 ἐνί-

82 4138 172 4189 κησεν
190 4118 311 4190 Ἴσθμια.
349 4120 466 4175 Accedit
508 4121 563 4174 uod
586 4120 724 4176 Pindarus
748 4119 808 4191 ipse
827 4120 847 4173 1.
862 4137 891 4172 v1
909 4136 934 4174 οι
953 4118 1157 4187 Euthymenem
1175 4117 1295 4171 Isthmia
1313 4120 1364 4171 aut

82 4192 195 4247 Nemea
213 4191 313 4246 vicisse
332 4194 428 4261 aperte
447 4138 581 4247 dailai-at.
609 4192 677 4245 Inde
696 4190 824 4246 codicum
842 4189 1002 4258 lectionem,
1020 4206 1093 4259 quae
1110 4188 1186 4244 salsa
1199 4204 1260 4243 esse
1273 4191 1363 4243 metro

83 4264 148 4333 ipso
167 4263 341 4334 coarguitur,
360 4262 539 4332 Mingarellio
559 4262 629 4318 duce
647 4263 689 4318 ita
708 4261 870 4329 emendavi,
888 4264 921 4315 ut
938 4261 1013 4315 inter
1030 4260 1150 4315 victores
1167 4259 1364 4314 Isthmieorum

83 4334 217 4389 ludorum
240 4332 328 4389 etiam
351 4335 400 4403 qui
422 4333 533 4404 Aegina
551 4332 729 4405 (Αἰγίναθεν,
747 4336 780 4388 ut
797 4352 823 4388 v.
843 4349 869 4389 er
888 4333 1024 4402 Alyattes)
1042 4330 1152 4387 venerit
1173 4331 1364 4400 Euthymenes

83 4405 174 4460 fuisse
197 4405 309 4459 dicatur
331 4438 364 4446 —
388 4411 430 4461 42.
455 4403 546 4469 Νίκας
570 4406 600 4461 ἐν
619 4406 772 4477 ἀγκώνεσσι
795 4406 912 4459 πανόν·
937 4403 971 4459 cf.
991 4404 1011 4458 I.
1030 4422 1051 4456 11
1069 4420 1095 4458 aa
1114 4402 1145 4458 ἐν
1163 4404 1281 4473 γούνασι
1301 4423 1363 4457 πιτ-

83 4480 173 4531 νόντα
187 4478 291 4540 Νίκας·
313 4476 395 4531 aliter
408 4477 551 4532 Romanus
564 4481 650 4549 poeta
667 4478 725 4531 Iuv.
740 4494 789 4530 vm
803 4494 829 4531 ee
843 4494 910 4531 rora
923 4476 989 4545 ιἰιᾳο
1004 4474 1126 4529 Victoria
1139 4476 1209 4529 aedit
1225 4507 1255 4515 —
1271 4480 1314 4529 4³.
1329 4492 1363 4528 ex

83 4548 179 4603 verbis
199 4548 369 4605 scholiastae
388 4547 502 4618 ἀγάλλει
521 4557 571 4604 τοῦ
589 4550 621 4603 τὸ
641 4546 799 4618 ὁμόσπορον
819 4546 904 4609 ἔθνος
922 4546 953 4600 τὸ
972 4554 1027 4600 τῶν
1042 4545 1208 4615 Αἰγινητῶν·
1228 4550 1363 4613 καταλλη-

84 4619 199 4688 λότερον
224 4618 256 4675 δὲ
283 4619 353 4675 ἔνιοι
378 4619 518 4691 γράφουσι
543 4618 673 4688 Πυθίας,
700 4617 738 4675 ἵν’
760 4614 778 4691 ᾖ
804 4618 911 4688 μήτρως
930 4615 1049 4680 Πυθίας
1071 4619 1190 4687 apparet
1214 4615 1362 4669 lectionem

85 4691 214 4748 codicum
228 4689 346 4755 Πυθίας
363 4691 574 4762 interpolatoris
593 4708 677 4746 manu
692 4691 722 4744 in
736 4692 844 4744 textum
859 4687 970 4743 illatam
984 4705 1058 4757 esse3
1078 4689 1257 4742 emendatum
1272 4687 1363 4740 locum

86 4762 126 4817 sic
152 4762 333 4834 interpretor:
359 4780 432 4817 nunc
456 4766 497 4832 te,
521 4763 642 4833 Pythea,
670 4761 792 4831 vestigia
816 4759 949 4816 avunculi
968 4762 1094 4814 secutum
1113 4762 1142 4813 et
1160 4757 1315 4813 avunculus
1335 4763 1365 4812 et

87 4838 149 4890 tota
166 4852 236 4905 gens
254 4834 402 4904 praedicat
422 4866 455 4874 -

140 4936 265 4977 arruisse
280 4935 315 4975 cd.
328 4934 431 4975 Christ.
1118 4925 1150 4973 18
