<?xml version="1.0" encoding="UTF-8"?>
<!DOCTYPE html PUBLIC "-//W3C//DTD XHTML 1.0 Transitional//EN"
    "http://www.w3.org/TR/xhtml1/DTD/xhtml1-transitional.dtd">
<html xmlns="http://www.w3.org/1999/xhtml" xml:lang="en" lang="en">
 <head>
  <title>
</title>
<meta http-equiv="Content-Type" content="text/html;charset=utf-8" />
  <meta name='ocr-system' content='tesseract 3.04.00' />
  <meta name='ocr-capabilities' content='ocr_page ocr_carea ocr_par ocr_line ocrx_word'/>
</head>
<body>
  <div class='ocr_page' id='page_1' title='image "./pindaricarminap01chrigoog_0158.png"; bbox 0 0 3417 5434; ppageno 0'>
   <div class='ocr_carea' id='block_1_1' title="bbox 349 361 1154 430">
    <p class='ocr_par' dir='ltr' id='par_1_1' title="bbox 349 361 1154 430">
     <span class='ocr_line' id='line_1_1' title="bbox 349 361 1154 430; baseline -0.004 -13"><span class='ocrx_word' id='word_1_1' title='bbox 349 367 392 430; x_wconf 79' lang='grc'>22</span> <span class='ocrx_word' id='word_1_2' title='bbox 819 363 968 414; x_wconf 77' lang='lat' dir='ltr'>PINDARI</span> <span class='ocrx_word' id='word_1_3' title='bbox 986 361 1154 414; x_wconf 78' lang='lat' dir='ltr'>EPINICIA.</span> 
     </span>
    </p>
   </div>
   <div class='ocr_carea' id='block_1_2' title="bbox 416 520 1530 1471">
    <p class='ocr_par' dir='ltr' id='par_1_2' title="bbox 430 520 1458 611">
     <span class='ocr_line' id='line_1_2' title="bbox 430 520 1458 611; baseline -0.009 -17"><span class='ocrx_word' id='word_1_4' title='bbox 430 547 462 595; x_wconf 72' lang='lat'>75</span> <span class='ocrx_word' id='word_1_5' title='bbox 508 529 581 594; x_wconf 84' lang='grc' dir='ltr'><strong>ὅσοι</strong></span> <span class='ocrx_word' id='word_1_6' title='bbox 605 527 634 592; x_wconf 91' lang='grc' dir='ltr'>δ’</span> <span class='ocrx_word' id='word_1_7' title='bbox 663 525 847 611; x_wconf 79' lang='grc' dir='ltr'><strong><em>ἐτόλμασαν</em></strong></span> <span class='ocrx_word' id='word_1_8' title='bbox 870 522 979 609; x_wconf 74' lang='grc' dir='ltr'><strong><em>ἐστρὶς</em></strong></span> <span class='ocrx_word' id='word_1_9' title='bbox 1305 521 1393 586; x_wconf 88' lang='grc' dir='ltr'><strong><em>Ἀντ.</em></strong></span> <span class='ocrx_word' id='word_1_10' title='bbox 1416 520 1458 586; x_wconf 87' lang='grc' dir='ltr'>δ’.</span> 
     </span>
    </p>

    <p class='ocr_par' dir='ltr' id='par_1_3' title="bbox 416 629 1529 826">
     <span class='ocr_line' id='line_1_3' title="bbox 509 629 1529 720; baseline -0.007 -20"><span class='ocrx_word' id='word_1_11' title='bbox 509 634 691 720; x_wconf 80' lang='grc' dir='ltr'><em>ἑκατέρωθι</em></span> <span class='ocrx_word' id='word_1_12' title='bbox 714 636 886 717; x_wconf 79' lang='grc' dir='ltr'><strong><em>μείναντες</em></strong></span> <span class='ocrx_word' id='word_1_13' title='bbox 908 632 971 696; x_wconf 90' lang='grc' dir='ltr'><strong><em>ἀπὸ</em></strong></span> <span class='ocrx_word' id='word_1_14' title='bbox 994 631 1132 716; x_wconf 92' lang='grc' dir='ltr'><strong><em>πάμπαν</em></strong></span> <span class='ocrx_word' id='word_1_15' title='bbox 1155 629 1281 695; x_wconf 87' lang='grc' dir='ltr'><strong><em>ἀδίκων</em></strong></span> <span class='ocrx_word' id='word_1_16' title='bbox 1303 632 1392 713; x_wconf 80' lang='grc' dir='ltr'><strong><em>ἔχειν</em></strong></span> <span class='ocrx_word' id='word_1_17' title='bbox 1485 645 1529 694; x_wconf 76' lang='lat'>125</span> 
     </span>
     <span class='ocr_line' id='line_1_4' title="bbox 416 739 1269 826; baseline -0.004 -22"><span class='ocrx_word' id='word_1_18' title='bbox 416 753 472 820; x_wconf 76' lang='lat'>(70)</span> <span class='ocrx_word' id='word_1_19' title='bbox 509 742 635 826; x_wconf 81' lang='grc' dir='ltr'><strong><em>ψυχάν,</em></strong></span> <span class='ocrx_word' id='word_1_20' title='bbox 659 743 787 806; x_wconf 77' lang='grc' dir='ltr'><strong><em>ἔτειλαν</em></strong></span> <span class='ocrx_word' id='word_1_21' title='bbox 810 741 894 816; x_wconf 84' lang='grc' dir='ltr'><strong><em>Διὸς</em></strong></span> <span class='ocrx_word' id='word_1_22' title='bbox 916 740 998 804; x_wconf 89' lang='grc' dir='ltr'><strong><em>ὀδόν</em></strong></span> <span class='ocrx_word' id='word_1_23' title='bbox 1021 739 1110 822; x_wconf 87' lang='grc' dir='ltr'><strong><em>παρὰ</em></strong></span> <span class='ocrx_word' id='word_1_24' title='bbox 1134 739 1269 822; x_wconf 87' lang='grc' dir='ltr'><strong><em>Κρόνου</em></strong></span> 
     </span>
    </p>

    <p class='ocr_par' dir='ltr' id='par_1_4' title="bbox 560 845 982 933">
     <span class='ocr_line' id='line_1_5' title="bbox 560 845 982 933; baseline -0.009 -19"><span class='ocrx_word' id='word_1_25' title='bbox 560 850 691 933; x_wconf 81' lang='grc' dir='ltr'><strong><em>τύρσιν·</em></strong></span> <span class='ocrx_word' id='word_1_26' title='bbox 715 850 800 912; x_wconf 82' lang='grc' dir='ltr'><strong><em>ἔνθα</em></strong></span> <span class='ocrx_word' id='word_1_27' title='bbox 823 845 982 930; x_wconf 82' lang='grc' dir='ltr'><strong><em>μακάρων</em></strong></span> 
     </span>
    </p>

    <p class='ocr_par' dir='ltr' id='par_1_5' title="bbox 507 955 808 1032">
     <span class='ocr_line' id='line_1_6' title="bbox 507 955 808 1032; baseline -0.017 -11"><span class='ocrx_word' id='word_1_28' title='bbox 507 955 609 1032; x_wconf 91' lang='grc' dir='ltr'><strong><em>νάσος</em></strong></span> <span class='ocrx_word' id='word_1_29' title='bbox 632 955 808 1029; x_wconf 80' lang='grc' dir='ltr'><strong><em>ὠκεανίδες</em></strong></span> 
     </span>
    </p>

    <p class='ocr_par' dir='ltr' id='par_1_6' title="bbox 429 1055 1529 1253">
     <span class='ocr_line' id='line_1_7' title="bbox 508 1055 1529 1148; baseline -0.007 -20"><span class='ocrx_word' id='word_1_30' title='bbox 508 1059 608 1148; x_wconf 84' lang='grc' dir='ltr'><strong><em>αὖραι</em></strong></span> <span class='ocrx_word' id='word_1_31' title='bbox 631 1058 873 1148; x_wconf 87' lang='grc' dir='ltr'><strong><em>περιπνέοισιν,</em></strong></span> <span class='ocrx_word' id='word_1_32' title='bbox 897 1061 1027 1142; x_wconf 81' lang='grc' dir='ltr'><strong><em>ἄνθεμα</em></strong></span> <span class='ocrx_word' id='word_1_33' title='bbox 1051 1055 1087 1122; x_wconf 69' lang='grc' dir='ltr'>δὲ</span> <span class='ocrx_word' id='word_1_34' title='bbox 1111 1065 1237 1144; x_wconf 80' lang='grc' dir='ltr'><strong><em>χρυσοῦ</em></strong></span> <span class='ocrx_word' id='word_1_35' title='bbox 1261 1057 1390 1142; x_wconf 90' lang='grc' dir='ltr'><strong><em>φλέγει,</em></strong></span> <span class='ocrx_word' id='word_1_36' title='bbox 1485 1075 1529 1122; x_wconf 81' lang='grc'>130</span> 
     </span>
     <span class='ocr_line' id='line_1_8' title="bbox 429 1163 1262 1253; baseline -0.007 -18"><span class='ocrx_word' id='word_1_37' title='bbox 429 1163 487 1236; x_wconf 77' lang='grc'>80’</span> <span class='ocrx_word' id='word_1_38' title='bbox 509 1171 549 1234; x_wconf 84' lang='grc' dir='ltr'><strong><em>τά</em></strong></span> <span class='ocrx_word' id='word_1_39' title='bbox 572 1165 632 1253; x_wconf 73' lang='grc' dir='ltr'><strong><em>μὲν</em></strong></span> <span class='ocrx_word' id='word_1_40' title='bbox 655 1169 818 1252; x_wconf 81' lang='grc' dir='ltr'><strong><em>χερσόθεν</em></strong></span> <span class='ocrx_word' id='word_1_41' title='bbox 842 1164 896 1231; x_wconf 87' lang='grc' dir='ltr'><strong><em>ἀπ’</em></strong></span> <span class='ocrx_word' id='word_1_42' title='bbox 924 1165 1058 1248; x_wconf 82' lang='grc' dir='ltr'><strong><em>ἀγλαῶν</em></strong></span> <span class='ocrx_word' id='word_1_43' title='bbox 1081 1163 1262 1250; x_wconf 85' lang='grc' dir='ltr'><strong><em>δενδρέων,</em></strong></span> 
     </span>
    </p>

    <p class='ocr_par' dir='ltr' id='par_1_7' title="bbox 507 1271 919 1364">
     <span class='ocr_line' id='line_1_9' title="bbox 507 1271 919 1364; baseline -0.007 -24"><span class='ocrx_word' id='word_1_44' title='bbox 507 1277 600 1358; x_wconf 83' lang='grc' dir='ltr'><strong><em>ὕδωρ</em></strong></span> <span class='ocrx_word' id='word_1_45' title='bbox 624 1273 654 1338; x_wconf 88' lang='grc' dir='ltr'>δ’</span> <span class='ocrx_word' id='word_1_46' title='bbox 677 1276 764 1364; x_wconf 86' lang='grc' dir='ltr'>Ιἀλλα</span> <span class='ocrx_word' id='word_1_47' title='bbox 788 1271 919 1357; x_wconf 79' lang='grc' dir='ltr'><strong><em>φέρβει,</em></strong></span> 
     </span>
    </p>

    <p class='ocr_par' dir='ltr' id='par_1_8' title="bbox 508 1376 1530 1471">
     <span class='ocr_line' id='line_1_10' title="bbox 508 1376 1530 1471; baseline -0.006 -23"><span class='ocrx_word' id='word_1_48' title='bbox 508 1383 640 1471; x_wconf 85' lang='grc' dir='ltr'><strong><em>ὅρμοισι</em></strong></span> <span class='ocrx_word' id='word_1_49' title='bbox 663 1393 731 1446; x_wconf 87' lang='grc' dir='ltr'>τῶν</span> <span class='ocrx_word' id='word_1_50' title='bbox 753 1378 851 1464; x_wconf 87' lang='grc' dir='ltr'><strong><em>χέρας</em></strong></span> <span class='ocrx_word' id='word_1_51' title='bbox 874 1377 1092 1444; x_wconf 83' lang='grc' dir='ltr'><strong><em>ἀναπλέκοντι</em></strong></span> <span class='ocrx_word' id='word_1_52' title='bbox 1115 1376 1171 1444; x_wconf 75' lang='grc' dir='ltr'>καὶ</span> <span class='ocrx_word' id='word_1_53' title='bbox 1193 1379 1383 1464; x_wconf 79' lang='grc' dir='ltr'><strong><em>κροτάφους</em></strong></span> <span class='ocrx_word' id='word_1_54' title='bbox 1487 1395 1530 1443; x_wconf 75' lang='lat'>135</span> 
     </span>
    </p>
   </div>
   <div class='ocr_carea' id='block_1_3' title="bbox 419 1572 1533 2301">
    <p class='ocr_par' dir='ltr' id='par_1_9' title="bbox 419 1572 1533 2301">
     <span class='ocr_line' id='line_1_11' title="bbox 420 1572 1461 1664; baseline -0.002 -24"><span class='ocrx_word' id='word_1_55' title='bbox 420 1589 476 1656; x_wconf 76' lang='lat'>(75)</span> <span class='ocrx_word' id='word_1_56' title='bbox 514 1583 651 1664; x_wconf 75' lang='grc' dir='ltr'><strong><em>βουλαῖς</em></strong></span> <span class='ocrx_word' id='word_1_57' title='bbox 674 1576 710 1642; x_wconf 81' lang='grc' dir='ltr'><strong><em>έν</em></strong></span> <span class='ocrx_word' id='word_1_58' title='bbox 733 1577 870 1662; x_wconf 78' lang='grc' dir='ltr'><strong><em>ὀρθαῖσι</em></strong></span> <span class='ocrx_word' id='word_1_59' title='bbox 890 1572 1155 1659; x_wconf 86' lang='grc' dir='ltr'><strong><em>Ῥαδαμάνθυος,</em></strong></span> <span class='ocrx_word' id='word_1_60' title='bbox 1326 1573 1394 1639; x_wconf 70' lang='lat' dir='ltr'>&#39;Hm</span> <span class='ocrx_word' id='word_1_61' title='bbox 1419 1573 1461 1638; x_wconf 92' lang='grc' dir='ltr'>δ’.</span> 
     </span>
     <span class='ocr_line' id='line_1_12' title="bbox 511 1686 769 1770; baseline -0.016 -18"><span class='ocrx_word' id='word_1_62' title='bbox 511 1686 550 1752; x_wconf 89' lang='grc' dir='ltr'><strong><em>ὃν</em></strong></span> <span class='ocrx_word' id='word_1_63' title='bbox 573 1687 680 1770; x_wconf 80' lang='grc' dir='ltr'><strong><em>πατὴρ</em></strong></span> <span class='ocrx_word' id='word_1_64' title='bbox 705 1687 769 1768; x_wconf 85' lang='grc' dir='ltr'><strong><em>ἔχει</em></strong></span> 
     </span>
     <span class='ocr_line' id='line_1_13' title="bbox 562 1789 1151 1878; baseline -0.008 -20"><span class='ocrx_word' id='word_1_65' title='bbox 562 1791 663 1878; x_wconf 88' lang='grc' dir='ltr'><strong><em>μέγας</em></strong></span> <span class='ocrx_word' id='word_1_66' title='bbox 687 1789 818 1875; x_wconf 88' lang='grc' dir='ltr'><strong><em>έτοῖμον</em></strong></span> <span class='ocrx_word' id='word_1_67' title='bbox 842 1789 946 1877; x_wconf 71' lang='grc' dir='ltr'><strong><em>αὐτῷ</em></strong></span> <span class='ocrx_word' id='word_1_68' title='bbox 969 1789 1151 1876; x_wconf 87' lang='grc' dir='ltr'><strong><em>πάρεδρον,</em></strong></span> 
     </span>
     <span class='ocr_line' id='line_1_14' title="bbox 432 1893 1533 1981; baseline -0.005 -16"><span class='ocrx_word' id='word_1_69' title='bbox 432 1919 465 1965; x_wconf 83' lang='lat'>85</span> <span class='ocrx_word' id='word_1_70' title='bbox 510 1903 607 1975; x_wconf 89' lang='grc' dir='ltr'><strong><em>πόσις</em></strong></span> <span class='ocrx_word' id='word_1_71' title='bbox 630 1899 648 1963; x_wconf 88' lang='grc' dir='ltr'><strong><em>ὀ</em></strong></span> <span class='ocrx_word' id='word_1_72' title='bbox 671 1899 805 1962; x_wconf 88' lang='grc' dir='ltr'><strong><em>πάντων</em></strong></span> <span class='ocrx_word' id='word_1_73' title='bbox 825 1893 913 1972; x_wconf 86' lang='grc' dir='ltr'><strong><em>Ῥέας</em></strong></span> <span class='ocrx_word' id='word_1_74' title='bbox 934 1895 1134 1981; x_wconf 88' lang='grc' dir='ltr'><strong><em>ὑπέρ-τατον</em></strong></span> <span class='ocrx_word' id='word_1_75' title='bbox 1158 1895 1288 1979; x_wconf 80' lang='grc' dir='ltr'><strong><em>ἐχοίσας</em></strong></span> <span class='ocrx_word' id='word_1_76' title='bbox 1309 1898 1448 1981; x_wconf 87' lang='grc' dir='ltr'><strong><em>θρόνον.</em></strong></span> <span class='ocrx_word' id='word_1_77' title='bbox 1488 1911 1533 1959; x_wconf 80' lang='lat'>14⁰</span> 
     </span>
     <span class='ocr_line' id='line_1_15' title="bbox 511 2000 1339 2089; baseline -0.006 -18"><span class='ocrx_word' id='word_1_78' title='bbox 511 2006 644 2089; x_wconf 76' lang='grc' dir='ltr'><strong><em>Πηλεύς</em></strong></span> <span class='ocrx_word' id='word_1_79' title='bbox 666 2027 700 2069; x_wconf 93' lang='grc' dir='ltr'>τε</span> <span class='ocrx_word' id='word_1_80' title='bbox 724 2000 778 2068; x_wconf 80' lang='grc' dir='ltr'>καὶ</span> <span class='ocrx_word' id='word_1_81' title='bbox 802 2003 938 2087; x_wconf 85' lang='grc' dir='ltr'><strong><em>Κάδμος</em></strong></span> <span class='ocrx_word' id='word_1_82' title='bbox 961 2002 998 2068; x_wconf 84' lang='grc' dir='ltr'><strong><em>ἐν</em></strong></span> <span class='ocrx_word' id='word_1_83' title='bbox 1020 2015 1128 2068; x_wconf 84' lang='grc' dir='ltr'><strong><em>τοῖσιν</em></strong></span> <span class='ocrx_word' id='word_1_84' title='bbox 1151 2000 1339 2085; x_wconf 86' lang='grc' dir='ltr'><strong><em>ἀλέγονται·</em></strong></span> 
     </span>
     <span class='ocr_line' id='line_1_16' title="bbox 507 2104 1179 2196; baseline -0.006 -19"><span class='ocrx_word' id='word_1_85' title='bbox 507 2110 657 2196; x_wconf 88' lang='grc' dir='ltr'><strong><em>Ἀχιλλέα</em></strong></span> <span class='ocrx_word' id='word_1_86' title='bbox 681 2109 707 2174; x_wconf 91' lang='grc' dir='ltr'><strong><em>τ’</em></strong></span> <span class='ocrx_word' id='word_1_87' title='bbox 735 2108 851 2192; x_wconf 80' lang='grc' dir='ltr'><strong><em>ἔνεικ’,</em></strong></span> <span class='ocrx_word' id='word_1_88' title='bbox 875 2107 943 2174; x_wconf 79' lang='grc' dir='ltr'><strong><em>ἐπεὶ</em></strong></span> <span class='ocrx_word' id='word_1_89' title='bbox 969 2111 1077 2192; x_wconf 87' lang='grc' dir='ltr'><strong><em>Ζηνὸς</em></strong></span> <span class='ocrx_word' id='word_1_90' title='bbox 1099 2104 1179 2194; x_wconf 77' lang='grc' dir='ltr'><strong><em>ἦτορ</em></strong></span> 
     </span>
     <span class='ocr_line' id='line_1_17' title="bbox 419 2215 906 2301; baseline -0.004 -20"><span class='ocrx_word' id='word_1_91' title='bbox 419 2229 476 2297; x_wconf 81' lang='grc'>(80)</span> <span class='ocrx_word' id='word_1_92' title='bbox 513 2225 618 2295; x_wconf 82' lang='grc' dir='ltr'><strong><em>λιταῖς</em></strong></span> <span class='ocrx_word' id='word_1_93' title='bbox 641 2221 763 2299; x_wconf 83' lang='grc' dir='ltr'><strong><em>ἔπεισε,</em></strong></span> <span class='ocrx_word' id='word_1_94' title='bbox 785 2215 906 2301; x_wconf 83' lang='grc' dir='ltr'><strong><em>μάτηρ·</em></strong></span> 
     </span>
    </p>
   </div>
   <div class='ocr_carea' id='block_1_4' title="bbox 353 2460 1673 3250">
    <p class='ocr_par' dir='ltr' id='par_1_10' title="bbox 353 2460 1673 3250">
     <span class='ocr_line' id='line_1_18' title="bbox 354 2460 1673 2535; baseline -0.002 -14"><span class='ocrx_word' id='word_1_95' title='bbox 354 2474 394 2522; x_wconf 83' lang='grc'>74.</span> <span class='ocrx_word' id='word_1_96' title='bbox 421 2463 617 2535; x_wconf 79' lang='grc' dir='ltr'><strong><em>ἀπροσόρατον</em></strong></span> <span class='ocrx_word' id='word_1_97' title='bbox 641 2465 748 2518; x_wconf 80' lang='lat' dir='ltr'><em>ABD:</em></span> <span class='ocrx_word' id='word_1_98' title='bbox 772 2463 987 2530; x_wconf 84' lang='grc' dir='ltr'><strong><em>ἀπροσούρατον</em></strong></span> <span class='ocrx_word' id='word_1_99' title='bbox 1011 2464 1046 2529; x_wconf 85' lang='lat' dir='ltr'>C,</span> <span class='ocrx_word' id='word_1_100' title='bbox 1069 2460 1248 2532; x_wconf 85' lang='grc' dir='ltr'><strong><em>ἀπροόρατον</em></strong></span> <span class='ocrx_word' id='word_1_101' title='bbox 1273 2465 1314 2519; x_wconf 89' lang='lat'>0¹</span> <span class='ocrx_word' id='word_1_102' title='bbox 1339 2497 1370 2504; x_wconf 81' lang='grc'><strong>-</strong></span> <span class='ocrx_word' id='word_1_103' title='bbox 1395 2463 1517 2535; x_wconf 69' lang='grc' dir='ltr'><strong><em>ὀκχέοντι</em></strong></span> <span class='ocrx_word' id='word_1_104' title='bbox 1538 2467 1561 2519; x_wconf 77' lang='lat' dir='ltr'><em>A</em></span> <span class='ocrx_word' id='word_1_105' title='bbox 1584 2496 1596 2502; x_wconf 89' lang='lat'>-</span> <span class='ocrx_word' id='word_1_106' title='bbox 1672 2486 1673 2527; x_wconf 82' lang='lat' dir='ltr'>l</span> 
     </span>
     <span class='ocr_line' id='line_1_19' title="bbox 354 2533 1613 2606; baseline -0.006 -12"><span class='ocrx_word' id='word_1_107' title='bbox 354 2546 395 2594; x_wconf 72' lang='lat'>76.</span> <span class='ocrx_word' id='word_1_108' title='bbox 416 2539 551 2606; x_wconf 78' lang='grc' dir='ltr'><strong><em>ἑκάτερθε</em></strong></span> <span class='ocrx_word' id='word_1_109' title='bbox 569 2538 591 2591; x_wconf 81' lang='lat' dir='ltr'><em>O</em></span> <span class='ocrx_word' id='word_1_110' title='bbox 598 2538 606 2567; x_wconf 89' lang='lat'>¹</span> <span class='ocrx_word' id='word_1_111' title='bbox 627 2569 657 2575; x_wconf 94' lang='lat'><em>-</em></span> <span class='ocrx_word' id='word_1_112' title='bbox 679 2533 775 2606; x_wconf 76' lang='grc' dir='ltr'><strong><em>ἐχέμεν</em></strong></span> <span class='ocrx_word' id='word_1_113' title='bbox 790 2534 814 2588; x_wconf 81' lang='lat' dir='ltr'><em>O</em></span> <span class='ocrx_word' id='word_1_114' title='bbox 832 2567 863 2574; x_wconf 90' lang='lat'>—-</span> <span class='ocrx_word' id='word_1_115' title='bbox 884 2540 925 2588; x_wconf 79' lang='lat'>77.</span> <span class='ocrx_word' id='word_1_116' title='bbox 946 2533 1053 2588; x_wconf 79' lang='grc' dir='ltr'><strong><em>ἔτειλαν</em></strong></span> <span class='ocrx_word' id='word_1_117' title='bbox 1067 2534 1150 2588; x_wconf 82' lang='lat' dir='ltr'>Trici,</span> <span class='ocrx_word' id='word_1_118' title='bbox 1165 2537 1195 2589; x_wconf 78' lang='lat' dir='ltr'>et</span> <span class='ocrx_word' id='word_1_119' title='bbox 1209 2535 1308 2591; x_wconf 78' lang='lat' dir='ltr'>schol:</span> <span class='ocrx_word' id='word_1_120' title='bbox 1328 2535 1454 2590; x_wconf 80' lang='grc' dir='ltr'><strong><em>ἔστειλαν</em></strong></span> <span class='ocrx_word' id='word_1_121' title='bbox 1468 2537 1613 2591; x_wconf 75' lang='lat' dir='ltr'>ABGDa</span> 
     </span>
     <span class='ocr_line' id='line_1_20' title="bbox 353 2604 1614 2682; baseline -0.006 -17"><span class='ocrx_word' id='word_1_122' title='bbox 353 2611 482 2682; x_wconf 87' lang='lat' dir='ltr'>parapbr.</span> <span class='ocrx_word' id='word_1_123' title='bbox 504 2642 535 2650; x_wconf 96' lang='lat'>—</span> <span class='ocrx_word' id='word_1_124' title='bbox 558 2613 598 2663; x_wconf 75' lang='grc'>78.</span> <span class='ocrx_word' id='word_1_125' title='bbox 619 2616 705 2668; x_wconf 85' lang='grc' dir='ltr'><strong><em>νᾶσος</em></strong></span> <span class='ocrx_word' id='word_1_126' title='bbox 723 2605 805 2659; x_wconf 87' lang='lat' dir='ltr'>Tricl.</span> <span class='ocrx_word' id='word_1_127' title='bbox 826 2609 854 2660; x_wconf 88' lang='lat' dir='ltr'>et</span> <span class='ocrx_word' id='word_1_128' title='bbox 872 2605 1017 2674; x_wconf 88' lang='lat' dir='ltr'>paraphr.:</span> <span class='ocrx_word' id='word_1_129' title='bbox 1041 2613 1128 2661; x_wconf 84' lang='grc' dir='ltr'><strong><em>νᾶσον</em></strong></span> <span class='ocrx_word' id='word_1_130' title='bbox 1147 2606 1269 2662; x_wconf 78' lang='lat' dir='ltr'><em>ABOD</em></span> <span class='ocrx_word' id='word_1_131' title='bbox 1295 2639 1327 2647; x_wconf 92' lang='lat'><em>-</em></span> <span class='ocrx_word' id='word_1_132' title='bbox 1356 2613 1398 2662; x_wconf 84' lang='grc'>79.</span> <span class='ocrx_word' id='word_1_133' title='bbox 1423 2604 1614 2674; x_wconf 81' lang='grc' dir='ltr'><strong><em>περιπνείοοσιι</em></strong></span> 
     </span>
     <span class='ocr_line' id='line_1_21' title="bbox 353 2675 1614 2749; baseline -0.004 -13"><span class='ocrx_word' id='word_1_134' title='bbox 353 2685 388 2746; x_wconf 74' lang='grc' dir='ltr'>Α,</span> <span class='ocrx_word' id='word_1_135' title='bbox 408 2678 645 2749; x_wconf 83' lang='grc' dir='ltr'><strong><em>περιπνέοισανΒ</em></strong></span> <span class='ocrx_word' id='word_1_136' title='bbox 665 2710 696 2718; x_wconf 91' lang='grc'>-</span> <span class='ocrx_word' id='word_1_137' title='bbox 718 2682 759 2730; x_wconf 74' lang='grc'>82.</span> <span class='ocrx_word' id='word_1_138' title='bbox 780 2675 940 2745; x_wconf 79' lang='grc' dir='ltr'><strong><em>κροτάφους</em></strong></span> <span class='ocrx_word' id='word_1_139' title='bbox 958 2675 1029 2730; x_wconf 87' lang='lat' dir='ltr'>coni.</span> <span class='ocrx_word' id='word_1_140' title='bbox 1041 2676 1175 2733; x_wconf 80' lang='lat' dir='ltr'><strong>Karsten:</strong></span> <span class='ocrx_word' id='word_1_141' title='bbox 1195 2677 1353 2747; x_wconf 85' lang='grc' dir='ltr'><strong><em>στεφάνους</em></strong></span> <span class='ocrx_word' id='word_1_142' title='bbox 1368 2679 1512 2747; x_wconf 55' lang='grc' dir='ltr'><strong><em>ΔΒΟΙΙ),</em></strong></span> <span class='ocrx_word' id='word_1_143' title='bbox 1528 2676 1614 2746; x_wconf 82' lang='grc' dir='ltr'><strong><em>στεφά-</em></strong></span> 
     </span>
     <span class='ocr_line' id='line_1_22' title="bbox 354 2747 1672 2827; baseline -0.005 -20"><span class='ocrx_word' id='word_1_144' title='bbox 354 2773 413 2816; x_wconf 83' lang='grc' dir='ltr'><strong><em>νοις</em></strong></span> <span class='ocrx_word' id='word_1_145' title='bbox 425 2754 544 2822; x_wconf 74' lang='grc' dir='ltr'><strong><em>0’Βγτ..</em></strong></span> <span class='ocrx_word' id='word_1_146' title='bbox 558 2750 683 2820; x_wconf 83' lang='grc' dir='ltr'><strong><em>κεφαλάς</em></strong></span> <span class='ocrx_word' id='word_1_147' title='bbox 693 2749 764 2805; x_wconf 89' lang='lat' dir='ltr'>coni.</span> <span class='ocrx_word' id='word_1_148' title='bbox 775 2748 862 2802; x_wconf 86' lang='lat' dir='ltr'>Pauw</span> <span class='ocrx_word' id='word_1_149' title='bbox 878 2780 909 2788; x_wconf 89' lang='lat'><strong>—</strong></span> <span class='ocrx_word' id='word_1_150' title='bbox 925 2755 959 2801; x_wconf 86' lang='lat'>83</span> <span class='ocrx_word' id='word_1_151' title='bbox 983 2750 1096 2820; x_wconf 82' lang='grc' dir='ltr'><strong><em>βουλαῖς</em></strong></span> <span class='ocrx_word' id='word_1_152' title='bbox 1105 2747 1136 2803; x_wconf 80' lang='grc' dir='ltr'><strong><em>ἐν</em></strong></span> <span class='ocrx_word' id='word_1_153' title='bbox 1146 2748 1262 2818; x_wconf 82' lang='grc' dir='ltr'><strong><em>ὀρθαῖσι</em></strong></span> <span class='ocrx_word' id='word_1_154' title='bbox 1276 2751 1348 2805; x_wconf 82' lang='lat' dir='ltr'>AB:</span> <span class='ocrx_word' id='word_1_155' title='bbox 1364 2752 1507 2822; x_wconf 75' lang='grc' dir='ltr'><strong><em>βουλαῖσιν</em></strong></span> <span class='ocrx_word' id='word_1_156' title='bbox 1516 2750 1612 2817; x_wconf 81' lang='grc' dir='ltr'><strong><em>ὀρθαῖσι</em></strong></span> <span class='ocrx_word' id='word_1_157' title='bbox 1671 2788 1672 2827; x_wconf 57' lang='lat' dir='ltr'>y</span> 
     </span>
     <span class='ocr_line' id='line_1_23' title="bbox 355 2818 1615 2898; baseline -0.003 -18"><span class='ocrx_word' id='word_1_158' title='bbox 355 2827 383 2890; x_wconf 79' lang='lat' dir='ltr'>C,</span> <span class='ocrx_word' id='word_1_159' title='bbox 403 2827 515 2898; x_wconf 85' lang='grc' dir='ltr'><strong><em>βουλαῖς</em></strong></span> <span class='ocrx_word' id='word_1_160' title='bbox 530 2822 645 2889; x_wconf 85' lang='grc' dir='ltr'><strong><em>ὀρθαῖσι</em></strong></span> <span class='ocrx_word' id='word_1_161' title='bbox 660 2821 689 2875; x_wconf 91' lang='lat' dir='ltr'><strong><em>D</em></strong></span> <span class='ocrx_word' id='word_1_162' title='bbox 709 2853 741 2859; x_wconf 91' lang='lat'><em>—</em></span> <span class='ocrx_word' id='word_1_163' title='bbox 762 2825 804 2874; x_wconf 78' lang='lat'>84.</span> <span class='ocrx_word' id='word_1_164' title='bbox 824 2818 910 2889; x_wconf 83' lang='grc' dir='ltr'><strong><em>μέγας</em></strong></span> <span class='ocrx_word' id='word_1_165' title='bbox 928 2819 1113 2875; x_wconf 81' lang='lat' dir='ltr'>Mommsen²:</span> <span class='ocrx_word' id='word_1_166' title='bbox 1133 2829 1184 2890; x_wconf 84' lang='grc' dir='ltr'>γᾶς</span> <span class='ocrx_word' id='word_1_167' title='bbox 1202 2825 1212 2890; x_wconf 69' lang='grc' dir='ltr'><strong><em>ί</em></strong></span> <span class='ocrx_word' id='word_1_168' title='bbox 1230 2829 1262 2890; x_wconf 83' lang='grc' dir='ltr'>ῆς</span> <span class='ocrx_word' id='word_1_169' title='bbox 1276 2821 1358 2889; x_wconf 63' lang='grc' dir='ltr'>ΑΨ)</span> <span class='ocrx_word' id='word_1_170' title='bbox 1374 2822 1506 2890; x_wconf 80' lang='lat' dir='ltr'><strong><em>ABOD,</em></strong></span> <span class='ocrx_word' id='word_1_171' title='bbox 1524 2820 1615 2888; x_wconf 72' lang='grc' dir='ltr'><strong><em>Κρόνος</em></strong></span> 
     </span>
     <span class='ocr_line' id='line_1_24' title="bbox 354 2889 1615 2964; baseline -0.006 -14"><span class='ocrx_word' id='word_1_172' title='bbox 354 2895 447 2961; x_wconf 79' lang='lat' dir='ltr'>Trici,</span> <span class='ocrx_word' id='word_1_173' title='bbox 467 2895 572 2964; x_wconf 84' lang='grc' dir='ltr'><strong><em>χθονὸς</em></strong></span> <span class='ocrx_word' id='word_1_174' title='bbox 585 2893 749 2960; x_wconf 82' lang='lat' dir='ltr'><strong>Mommsen,</strong></span> <span class='ocrx_word' id='word_1_175' title='bbox 765 2891 833 2954; x_wconf 82' lang='grc' dir='ltr'><strong><em>Διὸς</em></strong></span> <span class='ocrx_word' id='word_1_176' title='bbox 846 2895 911 2962; x_wconf 88' lang='lat' dir='ltr'>post</span> <span class='ocrx_word' id='word_1_177' title='bbox 925 2890 1070 2945; x_wconf 83' lang='lat' dir='ltr'>Pauwium</span> <span class='ocrx_word' id='word_1_178' title='bbox 1083 2891 1195 2960; x_wconf 81' lang='lat' dir='ltr'>Kaibel,</span> <span class='ocrx_word' id='word_1_179' title='bbox 1240 2909 1306 2948; x_wconf 90' lang='lat' dir='ltr'>erm.</span> <span class='ocrx_word' id='word_1_180' title='bbox 1322 2909 1356 2962; x_wconf 80' lang='lat' dir='ltr'>rs,</span> <span class='ocrx_word' id='word_1_181' title='bbox 1370 2907 1411 2948; x_wconf 77' lang='lat' dir='ltr'>asc</span> <span class='ocrx_word' id='word_1_182' title='bbox 1424 2902 1477 2963; x_wconf 84' lang='grc' dir='ltr'>γᾶς</span> <span class='ocrx_word' id='word_1_183' title='bbox 1490 2910 1522 2947; x_wconf 84' lang='lat' dir='ltr'>ex</span> <span class='ocrx_word' id='word_1_184' title='bbox 1535 2889 1615 2962; x_wconf 83' lang='lat' dir='ltr'>glossa</span> 
     </span>
     <span class='ocr_line' id='line_1_25' title="bbox 355 2960 1673 3035; baseline -0.007 -14"><span class='ocrx_word' id='word_1_185' title='bbox 355 2976 422 3029; x_wconf 87' lang='grc' dir='ltr'><strong><em>παῖς</em></strong></span> <span class='ocrx_word' id='word_1_186' title='bbox 439 2963 559 3035; x_wconf 85' lang='lat' dir='ltr'>proximi</span> <span class='ocrx_word' id='word_1_187' title='bbox 578 2980 674 3018; x_wconf 78' lang='lat' dir='ltr'>versus</span> <span class='ocrx_word' id='word_1_188' title='bbox 695 2965 786 3017; x_wconf 92' lang='lat' dir='ltr'>ortum</span> <span class='ocrx_word' id='word_1_189' title='bbox 805 2979 866 3017; x_wconf 89' lang='lat' dir='ltr'>esse</span> <span class='ocrx_word' id='word_1_190' title='bbox 889 2966 981 3031; x_wconf 82' lang='lat' dir='ltr'>ratus,</span> <span class='ocrx_word' id='word_1_191' title='bbox 1005 2961 1037 3017; x_wconf 84' lang='grc' dir='ltr'><strong><em>ὅν</em></strong></span> <span class='ocrx_word' id='word_1_192' title='bbox 1056 2982 1086 3017; x_wconf 87' lang='grc' dir='ltr'>τε</span> <span class='ocrx_word' id='word_1_193' title='bbox 1106 2966 1164 3026; x_wconf 84' lang='grc' dir='ltr'>Γᾶς</span> <span class='ocrx_word' id='word_1_194' title='bbox 1188 2963 1244 3034; x_wconf 84' lang='grc' dir='ltr'><strong><em>ἔχει</em></strong></span> <span class='ocrx_word' id='word_1_195' title='bbox 1266 2963 1334 3027; x_wconf 81' lang='grc' dir='ltr'><strong><em>πάϊς</em></strong></span> <span class='ocrx_word' id='word_1_196' title='bbox 1351 2964 1412 3033; x_wconf 91' lang='lat' dir='ltr'>ipse</span> <span class='ocrx_word' id='word_1_197' title='bbox 1435 2965 1467 3019; x_wconf 93' lang='lat' dir='ltr'>in</span> <span class='ocrx_word' id='word_1_198' title='bbox 1506 2961 1616 3019; x_wconf 85' lang='lat' dir='ltr'>roecdosi</span> <span class='ocrx_word' id='word_1_199' title='bbox 1671 2960 1673 2979; x_wconf 73' lang='lat'><em>&#39;</em></span> 
     </span>
     <span class='ocr_line' id='line_1_26' title="bbox 355 3032 1617 3104; baseline -0.005 -13"><span class='ocrx_word' id='word_1_200' title='bbox 355 3041 531 3092; x_wconf 80' lang='lat' dir='ltr'>tentaveram</span> <span class='ocrx_word' id='word_1_201' title='bbox 550 3067 585 3075; x_wconf 92' lang='lat'>—-</span> <span class='ocrx_word' id='word_1_202' title='bbox 604 3041 646 3090; x_wconf 85' lang='lat'>85.</span> <span class='ocrx_word' id='word_1_203' title='bbox 671 3032 768 3098; x_wconf 86' lang='grc' dir='ltr'><strong><em>πόσιος</em></strong></span> <span class='ocrx_word' id='word_1_204' title='bbox 785 3034 979 3088; x_wconf 79' lang='lat' dir='ltr'><strong>Aristarchum</strong></span> <span class='ocrx_word' id='word_1_205' title='bbox 998 3035 1132 3103; x_wconf 80' lang='lat' dir='ltr'>probasse</span> <span class='ocrx_word' id='word_1_206' title='bbox 1155 3035 1263 3090; x_wconf 90' lang='lat' dir='ltr'>scholia</span> <span class='ocrx_word' id='word_1_207' title='bbox 1281 3039 1407 3091; x_wconf 90' lang='lat' dir='ltr'>narrant.</span> <span class='ocrx_word' id='word_1_208' title='bbox 1427 3068 1460 3077; x_wconf 89' lang='lat'>—</span> <span class='ocrx_word' id='word_1_209' title='bbox 1519 3034 1617 3104; x_wconf 78' lang='grc' dir='ltr'><strong><em>έρτατοι</em></strong></span> 
     </span>
     <span class='ocr_line' id='line_1_27' title="bbox 353 3103 1671 3234; baseline -0.002 -72"><span class='ocrx_word' id='word_1_210' title='bbox 353 3109 452 3164; x_wconf 75' lang='lat' dir='ltr'>Trici:</span> <span class='ocrx_word' id='word_1_211' title='bbox 476 3106 593 3234; x_wconf 59' lang='grc' dir='ltr'><strong><em>ῧπαχφχ</em></strong></span> <span class='ocrx_word' id='word_1_212' title='bbox 609 3106 732 3161; x_wconf 76' lang='lat' dir='ltr'><strong><em>ABOD</em></strong></span> <span class='ocrx_word' id='word_1_213' title='bbox 756 3137 787 3146; x_wconf 93' lang='lat'><em>-</em></span> <span class='ocrx_word' id='word_1_214' title='bbox 812 3103 922 3176; x_wconf 74' lang='grc' dir='ltr'><strong><em>ἐχοίσας</em></strong></span> <span class='ocrx_word' id='word_1_215' title='bbox 944 3113 1011 3169; x_wconf 87' lang='grc' dir='ltr'><strong><em>παῖς</em></strong></span> <span class='ocrx_word' id='word_1_216' title='bbox 1034 3103 1143 3175; x_wconf 82' lang='grc' dir='ltr'><strong><em>θρόνον</em></strong></span> <span class='ocrx_word' id='word_1_217' title='bbox 1166 3107 1300 3176; x_wconf 71' lang='lat' dir='ltr'>Am,</span> <span class='ocrx_word' id='word_1_218' title='bbox 1323 3116 1391 3171; x_wconf 81' lang='grc' dir='ltr'><strong><em>παῖς</em></strong></span> <span class='ocrx_word' id='word_1_219' title='bbox 1408 3106 1477 3163; x_wconf 86' lang='lat' dir='ltr'>eisc.</span> <span class='ocrx_word' id='word_1_220' title='bbox 1496 3107 1572 3162; x_wconf 82' lang='lat' dir='ltr'>Tn‘cl</span> <span class='ocrx_word' id='word_1_221' title='bbox 1589 3136 1614 3143; x_wconf 92' lang='lat'>-</span> <span class='ocrx_word' id='word_1_222' title='bbox 1670 3136 1671 3151; x_wconf 55' lang='lat' dir='ltr'>r</span> 
     </span>
     <span class='ocr_line' id='line_1_28' title="bbox 354 3176 1671 3250; baseline -0.003 -16"><span class='ocrx_word' id='word_1_223' title='bbox 354 3185 397 3235; x_wconf 75' lang='lat'>87.</span> <span class='ocrx_word' id='word_1_224' title='bbox 417 3176 515 3250; x_wconf 84' lang='grc' dir='ltr'><strong><em>άχιλέα</em></strong></span> <span class='ocrx_word' id='word_1_225' title='bbox 614 3210 645 3218; x_wconf 92' lang='grc'>-</span> <span class='ocrx_word' id='word_1_226' title='bbox 1670 3184 1671 3213; x_wconf 67' lang='lat'><em>³</em></span> 
     </span>
    </p>
   </div>
   <div class='ocr_carea' id='block_1_5' title="bbox 354 3318 1665 4878">
    <p class='ocr_par' dir='ltr' id='par_1_11' title="bbox 354 3318 1665 4878">
     <span class='ocr_line' id='line_1_29' title="bbox 355 3318 1618 3392; baseline -0.005 -16"><span class='ocrx_word' id='word_1_227' title='bbox 355 3322 455 3389; x_wconf 80' lang='lat' dir='ltr'>solvit,</span> <span class='ocrx_word' id='word_1_228' title='bbox 474 3321 585 3391; x_wconf 87' lang='lat' dir='ltr'>piorum</span> <span class='ocrx_word' id='word_1_229' title='bbox 604 3322 711 3392; x_wconf 89' lang='lat' dir='ltr'>septem</span> <span class='ocrx_word' id='word_1_230' title='bbox 730 3318 858 3373; x_wconf 85' lang='lat' dir='ltr'>versibus</span> <span class='ocrx_word' id='word_1_231' title='bbox 877 3323 1040 3389; x_wconf 90' lang='lat' dir='ltr'>persecutus</span> <span class='ocrx_word' id='word_1_232' title='bbox 1059 3323 1116 3388; x_wconf 90' lang='lat' dir='ltr'>est,</span> <span class='ocrx_word' id='word_1_233' title='bbox 1139 3320 1193 3374; x_wconf 91' lang='lat' dir='ltr'>hoc</span> <span class='ocrx_word' id='word_1_234' title='bbox 1211 3325 1297 3390; x_wconf 87' lang='lat' dir='ltr'>poeta</span> <span class='ocrx_word' id='word_1_235' title='bbox 1315 3321 1482 3376; x_wconf 81' lang='lat' dir='ltr'>consolandi</span> <span class='ocrx_word' id='word_1_236' title='bbox 1500 3319 1618 3376; x_wconf 79' lang='lat' dir='ltr'>Theronis</span> 
     </span>
     <span class='ocr_line' id='line_1_30' title="bbox 354 3391 1618 3464; baseline -0.003 -17"><span class='ocrx_word' id='word_1_237' title='bbox 354 3411 440 3448; x_wconf 84' lang='lat' dir='ltr'>causa</span> <span class='ocrx_word' id='word_1_238' title='bbox 454 3393 530 3462; x_wconf 83' lang='lat' dir='ltr'>feeit,</span> <span class='ocrx_word' id='word_1_239' title='bbox 547 3392 592 3446; x_wconf 89' lang='lat' dir='ltr'>cui</span> <span class='ocrx_word' id='word_1_240' title='bbox 606 3392 739 3446; x_wconf 92' lang='lat' dir='ltr'>nimirum</span> <span class='ocrx_word' id='word_1_241' title='bbox 754 3391 831 3446; x_wconf 84' lang='lat' dir='ltr'>laeta</span> <span class='ocrx_word' id='word_1_242' title='bbox 845 3407 905 3445; x_wconf 88' lang='lat' dir='ltr'>sors</span> <span class='ocrx_word' id='word_1_243' title='bbox 919 3391 1038 3461; x_wconf 82' lang='lat' dir='ltr'>piorum,</span> <span class='ocrx_word' id='word_1_244' title='bbox 1052 3408 1109 3445; x_wconf 92' lang='lat' dir='ltr'>non</span> <span class='ocrx_word' id='word_1_245' title='bbox 1125 3391 1216 3446; x_wconf 88' lang='lat' dir='ltr'>tristis</span> <span class='ocrx_word' id='word_1_246' title='bbox 1233 3392 1425 3463; x_wconf 89' lang='lat' dir='ltr'>improborum</span> <span class='ocrx_word' id='word_1_247' title='bbox 1444 3392 1618 3464; x_wconf 85' lang='lat' dir='ltr'>exspectanda</span> 
     </span>
     <span class='ocr_line' id='line_1_31' title="bbox 356 3461 1619 3536; baseline 0 -17"><span class='ocrx_word' id='word_1_248' title='bbox 356 3465 412 3519; x_wconf 84' lang='lat' dir='ltr'>luit</span> <span class='ocrx_word' id='word_1_249' title='bbox 431 3497 463 3505; x_wconf 94' lang='lat'>-</span> <span class='ocrx_word' id='word_1_250' title='bbox 484 3471 526 3518; x_wconf 78' lang='lat'>75.</span> <span class='ocrx_word' id='word_1_251' title='bbox 545 3461 770 3534; x_wconf 80' lang='lat' dir='ltr'>palingenesiam</span> <span class='ocrx_word' id='word_1_252' title='bbox 792 3479 849 3518; x_wconf 90' lang='lat' dir='ltr'>non</span> <span class='ocrx_word' id='word_1_253' title='bbox 871 3466 1037 3532; x_wconf 86' lang='lat' dir='ltr'>perpetuam</span> <span class='ocrx_word' id='word_1_254' title='bbox 1061 3479 1121 3517; x_wconf 88' lang='lat' dir='ltr'>esse</span> <span class='ocrx_word' id='word_1_255' title='bbox 1140 3463 1307 3531; x_wconf 80' lang='lat' dir='ltr'>credebant,</span> <span class='ocrx_word' id='word_1_256' title='bbox 1325 3467 1358 3518; x_wconf 89' lang='lat' dir='ltr'>ut</span> <span class='ocrx_word' id='word_1_257' title='bbox 1376 3464 1509 3536; x_wconf 80' lang='lat' dir='ltr'>deinceps</span> <span class='ocrx_word' id='word_1_258' title='bbox 1527 3479 1619 3534; x_wconf 77' lang='lat' dir='ltr'>semper</span> 
     </span>
     <span class='ocr_line' id='line_1_32' title="bbox 354 3533 1618 3603; baseline -0.006 -12"><span class='ocrx_word' id='word_1_259' title='bbox 354 3537 466 3591; x_wconf 87' lang='lat' dir='ltr'>animae</span> <span class='ocrx_word' id='word_1_260' title='bbox 484 3535 514 3589; x_wconf 92' lang='lat' dir='ltr'>in</span> <span class='ocrx_word' id='word_1_261' title='bbox 532 3537 636 3589; x_wconf 87' lang='lat' dir='ltr'>terram</span> <span class='ocrx_word' id='word_1_262' title='bbox 655 3534 873 3603; x_wconf 71' lang='lat' dir='ltr'>remitterentur,</span> <span class='ocrx_word' id='word_1_263' title='bbox 889 3533 937 3588; x_wconf 92' lang='lat' dir='ltr'>sed</span> <span class='ocrx_word' id='word_1_264' title='bbox 953 3537 996 3587; x_wconf 90' lang='lat' dir='ltr'>ter</span> <span class='ocrx_word' id='word_1_265' title='bbox 1009 3535 1153 3603; x_wconf 89' lang='lat' dir='ltr'>probatas,</span> <span class='ocrx_word' id='word_1_266' title='bbox 1168 3552 1232 3588; x_wconf 90' lang='lat' dir='ltr'>cum</span> <span class='ocrx_word' id='word_1_267' title='bbox 1245 3535 1361 3589; x_wconf 90' lang='lat' dir='ltr'>tertium</span> <span class='ocrx_word' id='word_1_268' title='bbox 1374 3536 1509 3591; x_wconf 85' lang='lat' dir='ltr'>remissae</span> <span class='ocrx_word' id='word_1_269' title='bbox 1523 3533 1618 3591; x_wconf 84' lang='lat' dir='ltr'>sceleris</span> 
     </span>
     <span class='ocr_line' id='line_1_33' title="bbox 354 3603 1619 3680; baseline -0.005 -18"><span class='ocrx_word' id='word_1_270' title='bbox 354 3625 440 3680; x_wconf 85' lang='lat' dir='ltr'>purae</span> <span class='ocrx_word' id='word_1_271' title='bbox 464 3606 647 3675; x_wconf 84' lang='lat' dir='ltr'>mansissent,</span> <span class='ocrx_word' id='word_1_272' title='bbox 671 3605 745 3660; x_wconf 89' lang='lat' dir='ltr'>inter</span> <span class='ocrx_word' id='word_1_273' title='bbox 767 3606 917 3659; x_wconf 87' lang='lat' dir='ltr'>beatarum</span> <span class='ocrx_word' id='word_1_274' title='bbox 938 3622 1085 3659; x_wconf 89' lang='lat' dir='ltr'>nnmerum</span> <span class='ocrx_word' id='word_1_275' title='bbox 1107 3605 1195 3677; x_wconf 83' lang='lat' dir='ltr'>recipi</span> <span class='ocrx_word' id='word_1_276' title='bbox 1218 3610 1248 3661; x_wconf 90' lang='lat' dir='ltr'>et</span> <span class='ocrx_word' id='word_1_277' title='bbox 1269 3606 1300 3660; x_wconf 92' lang='lat' dir='ltr'>in</span> <span class='ocrx_word' id='word_1_278' title='bbox 1317 3605 1408 3676; x_wconf 80' lang='lat' dir='ltr'>Elysii</span> <span class='ocrx_word' id='word_1_279' title='bbox 1427 3624 1540 3678; x_wconf 86' lang='lat' dir='ltr'>campos</span> <span class='ocrx_word' id='word_1_280' title='bbox 1557 3603 1619 3660; x_wconf 85' lang='lat' dir='ltr'>mitti</span> 
     </span>
     <span class='ocr_line' id='line_1_34' title="bbox 355 3675 1619 3749; baseline -0.002 -16"><span class='ocrx_word' id='word_1_281' title='bbox 355 3713 388 3722; x_wconf 91' lang='lat'><em>-</em></span> <span class='ocrx_word' id='word_1_282' title='bbox 414 3685 455 3734; x_wconf 77' lang='grc' dir='ltr'>λλ.</span> <span class='ocrx_word' id='word_1_283' title='bbox 480 3679 548 3741; x_wconf 80' lang='grc' dir='ltr'><strong><em>Διὸς</em></strong></span> <span class='ocrx_word' id='word_1_284' title='bbox 571 3675 638 3733; x_wconf 82' lang='grc' dir='ltr'><strong><em>ὁδόν</em></strong></span> <span class='ocrx_word' id='word_1_285' title='bbox 663 3676 815 3747; x_wconf 77' lang='lat' dir='ltr'>Orphicum</span> <span class='ocrx_word' id='word_1_286' title='bbox 858 3676 936 3732; x_wconf 91' lang='lat' dir='ltr'>oesin</span> <span class='ocrx_word' id='word_1_287' title='bbox 959 3693 1058 3747; x_wconf 84' lang='lat' dir='ltr'>sapere</span> <span class='ocrx_word' id='word_1_288' title='bbox 1080 3677 1210 3732; x_wconf 89' lang='lat' dir='ltr'>Dissenio</span> <span class='ocrx_word' id='word_1_289' title='bbox 1238 3681 1268 3732; x_wconf 91' lang='lat' dir='ltr'>et</span> <span class='ocrx_word' id='word_1_290' title='bbox 1294 3679 1349 3732; x_wconf 90' lang='lat' dir='ltr'>Ber</span> <span class='ocrx_word' id='word_1_291' title='bbox 1368 3677 1417 3732; x_wconf 83' lang='lat' dir='ltr'>irio</span> <span class='ocrx_word' id='word_1_292' title='bbox 1445 3696 1538 3749; x_wconf 90' lang='lat' dir='ltr'>opusc.</span> <span class='ocrx_word' id='word_1_293' title='bbox 1555 3699 1574 3731; x_wconf 93' lang='lat' dir='ltr'>n</span> <span class='ocrx_word' id='word_1_294' title='bbox 1589 3691 1619 3731; x_wconf 81' lang='lat' dir='ltr'>us</span> 
     </span>
     <span class='ocr_line' id='line_1_35' title="bbox 355 3696 1619 3820; baseline -0.002 -15"><span class='ocrx_word' id='word_1_295' title='bbox 355 3751 475 3820; x_wconf 82' lang='lat' dir='ltr'>ridetur,</span> <span class='ocrx_word' id='word_1_296' title='bbox 495 3767 552 3820; x_wconf 90' lang='lat' dir='ltr'>qua</span> <span class='ocrx_word' id='word_1_297' title='bbox 571 3750 606 3803; x_wconf 92' lang='lat' dir='ltr'>de</span> <span class='ocrx_word' id='word_1_298' title='bbox 626 3747 767 3804; x_wconf 87' lang='lat' dir='ltr'>sententia</span> <span class='ocrx_word' id='word_1_299' title='bbox 785 3696 881 3802; x_wconf 51' lang='lat' dir='ltr'>confer</span> <span class='ocrx_word' id='word_1_300' title='bbox 900 3747 1024 3803; x_wconf 91' lang='lat' dir='ltr'>sobrium</span> <span class='ocrx_word' id='word_1_301' title='bbox 1037 3748 1174 3804; x_wconf 86' lang='lat' dir='ltr'>iudicium</span> <span class='ocrx_word' id='word_1_302' title='bbox 1187 3749 1293 3804; x_wconf 83' lang='lat' dir='ltr'>llrwini</span> <span class='ocrx_word' id='word_1_303' title='bbox 1306 3697 1406 3804; x_wconf 60' lang='lat' dir='ltr'>Raida</span> <span class='ocrx_word' id='word_1_304' title='bbox 1420 3750 1528 3819; x_wconf 90' lang='lat' dir='ltr'>Psyche</span> <span class='ocrx_word' id='word_1_305' title='bbox 1545 3769 1569 3820; x_wconf 88' lang='lat' dir='ltr'>p.</span> <span class='ocrx_word' id='word_1_306' title='bbox 1581 3763 1619 3803; x_wconf 73' lang='lat' dir='ltr'>sta.</span> 
     </span>
     <span class='ocr_line' id='line_1_36' title="bbox 355 3819 1620 3904; baseline -0.003 -27"><span class='ocrx_word' id='word_1_307' title='bbox 355 3823 483 3878; x_wconf 85' lang='lat' dir='ltr'>Ceterum</span> <span class='ocrx_word' id='word_1_308' title='bbox 504 3822 655 3876; x_wconf 85' lang='lat' dir='ltr'>Saturnum</span> <span class='ocrx_word' id='word_1_309' title='bbox 674 3820 732 3874; x_wconf 90' lang='lat' dir='ltr'>iam</span> <span class='ocrx_word' id='word_1_310' title='bbox 745 3819 885 3874; x_wconf 85' lang='lat' dir='ltr'>Hesiodus</span> <span class='ocrx_word' id='word_1_311' title='bbox 900 3837 964 3890; x_wconf 92' lang='lat' dir='ltr'>opp.</span> <span class='ocrx_word' id='word_1_312' title='bbox 981 3837 1019 3875; x_wconf 84' lang='lat' dir='ltr'>iss</span> <span class='ocrx_word' id='word_1_313' title='bbox 1033 3839 1068 3876; x_wconf 89' lang='lat' dir='ltr'>ss.</span> <span class='ocrx_word' id='word_1_314' title='bbox 1086 3837 1173 3876; x_wconf 86' lang='lat' dir='ltr'>aurea</span> <span class='ocrx_word' id='word_1_315' title='bbox 1186 3824 1281 3876; x_wconf 89' lang='lat' dir='ltr'>aetate</span> <span class='ocrx_word' id='word_1_316' title='bbox 1296 3821 1445 3904; x_wconf 85' lang='lat' dir='ltr'>deperdita</span> <span class='ocrx_word' id='word_1_317' title='bbox 1460 3822 1490 3876; x_wconf 89' lang='lat' dir='ltr'>in</span> <span class='ocrx_word' id='word_1_318' title='bbox 1503 3819 1620 3876; x_wconf 83' lang='lat' dir='ltr'>extremis</span> 
     </span>
     <span class='ocr_line' id='line_1_37' title="bbox 355 3891 1620 3962; baseline -0.002 -14"><span class='ocrx_word' id='word_1_319' title='bbox 355 3898 447 3948; x_wconf 85' lang='lat' dir='ltr'>terrae</span> <span class='ocrx_word' id='word_1_320' title='bbox 466 3893 595 3947; x_wconf 88' lang='lat' dir='ltr'>terminis</span> <span class='ocrx_word' id='word_1_321' title='bbox 616 3891 772 3946; x_wconf 90' lang='lat' dir='ltr'>insularum</span> <span class='ocrx_word' id='word_1_322' title='bbox 790 3891 939 3946; x_wconf 87' lang='lat' dir='ltr'>beatorum</span> <span class='ocrx_word' id='word_1_323' title='bbox 957 3894 1099 3962; x_wconf 83' lang='lat' dir='ltr'>sceptrum</span> <span class='ocrx_word' id='word_1_324' title='bbox 1120 3895 1216 3947; x_wconf 88' lang='lat' dir='ltr'>tenere</span> <span class='ocrx_word' id='word_1_325' title='bbox 1239 3892 1360 3946; x_wconf 81' lang='lat' dir='ltr'>tradidit</span> <span class='ocrx_word' id='word_1_326' title='bbox 1383 3925 1415 3932; x_wconf 92' lang='lat'><em>-</em></span> <span class='ocrx_word' id='word_1_327' title='bbox 1440 3893 1551 3962; x_wconf 81' lang='grc' dir='ltr'><strong><em>Κρόνου</em></strong></span> <span class='ocrx_word' id='word_1_328' title='bbox 1566 3893 1620 3956; x_wconf 76' lang='grc' dir='ltr'>τίς</span> 
     </span>
     <span class='ocr_line' id='line_1_38' title="bbox 356 3962 1621 4034; baseline -0.006 -14"><span class='ocrx_word' id='word_1_329' title='bbox 356 3983 412 4020; x_wconf 90' lang='grc' dir='ltr'><strong><em>σιν·</em></strong></span> <span class='ocrx_word' id='word_1_330' title='bbox 436 3965 549 4020; x_wconf 83' lang='lat' dir='ltr'>Saturni</span> <span class='ocrx_word' id='word_1_331' title='bbox 569 3980 669 4032; x_wconf 80' lang='lat' dir='ltr'>arcem‚</span> <span class='ocrx_word' id='word_1_332' title='bbox 689 3980 706 4017; x_wconf 85' lang='lat' dir='ltr'>a</span> <span class='ocrx_word' id='word_1_333' title='bbox 726 3980 782 4032; x_wconf 88' lang='lat' dir='ltr'>qua</span> <span class='ocrx_word' id='word_1_334' title='bbox 805 3979 862 4017; x_wconf 91' lang='lat' dir='ltr'>non</span> <span class='ocrx_word' id='word_1_335' title='bbox 885 3963 996 4018; x_wconf 84' lang='lat' dir='ltr'>differre</span> <span class='ocrx_word' id='word_1_336' title='bbox 1020 3964 1102 4018; x_wconf 87' lang='lat' dir='ltr'>credo</span> <span class='ocrx_word' id='word_1_337' title='bbox 1125 3963 1239 4018; x_wconf 89' lang='lat' dir='ltr'>Homeri</span> <span class='ocrx_word' id='word_1_338' title='bbox 1261 3962 1396 4019; x_wconf 82' lang='grc' dir='ltr'><strong><em>Λευκάδα</em></strong></span> <span class='ocrx_word' id='word_1_339' title='bbox 1418 3964 1526 4033; x_wconf 85' lang='grc' dir='ltr'><strong><em>πέτραν</em></strong></span> <span class='ocrx_word' id='word_1_340' title='bbox 1543 3969 1571 4034; x_wconf 85' lang='grc' dir='ltr'>(ο</span> <span class='ocrx_word' id='word_1_341' title='bbox 1592 3964 1621 4027; x_wconf 63' lang='grc' dir='ltr'>ιιῗ·</span> 
     </span>
     <span class='ocr_line' id='line_1_39' title="bbox 355 4033 1620 4107; baseline 0.002 -15"><span class='ocrx_word' id='word_1_342' title='bbox 355 4041 385 4092; x_wconf 89' lang='lat' dir='ltr'>st</span> <span class='ocrx_word' id='word_1_343' title='bbox 407 4035 628 4107; x_wconf 88' lang='lat' dir='ltr'>promontorium</span> <span class='ocrx_word' id='word_1_344' title='bbox 654 4033 773 4105; x_wconf 79' lang='lat' dir='ltr'>Zephyri</span> <span class='ocrx_word' id='word_1_345' title='bbox 801 4038 903 4106; x_wconf 90' lang='lat' dir='ltr'>poetae</span> <span class='ocrx_word' id='word_1_346' title='bbox 929 4035 1042 4104; x_wconf 85' lang='lat' dir='ltr'>mystici</span> <span class='ocrx_word' id='word_1_347' title='bbox 1066 4035 1167 4090; x_wconf 84' lang='lat' dir='ltr'>Avieni</span> <span class='ocrx_word' id='word_1_348' title='bbox 1191 4053 1229 4090; x_wconf 92' lang='lat' dir='ltr'>or.</span> <span class='ocrx_word' id='word_1_349' title='bbox 1252 4053 1321 4092; x_wconf 87' lang='lat' dir='ltr'>mar.</span> <span class='ocrx_word' id='word_1_350' title='bbox 1346 4051 1385 4091; x_wconf 78' lang='lat' dir='ltr'>sss</span> <span class='ocrx_word' id='word_1_351' title='bbox 1413 4068 1447 4075; x_wconf 96' lang='lat'>-</span> <span class='ocrx_word' id='word_1_352' title='bbox 1478 4041 1519 4090; x_wconf 73' lang='lat' dir='ltr'>te.</span> <span class='ocrx_word' id='word_1_353' title='bbox 1542 4035 1620 4098; x_wconf 58' lang='lat' dir='ltr'>aare,</span> 
     </span>
     <span class='ocr_line' id='line_1_40' title="bbox 355 4105 1620 4178; baseline -0.005 -16"><span class='ocrx_word' id='word_1_354' title='bbox 355 4109 434 4162; x_wconf 88' lang='lat' dir='ltr'>cuius</span> <span class='ocrx_word' id='word_1_355' title='bbox 460 4108 491 4161; x_wconf 90' lang='lat' dir='ltr'>in</span> <span class='ocrx_word' id='word_1_356' title='bbox 513 4107 605 4162; x_wconf 90' lang='lat' dir='ltr'>locum</span> <span class='ocrx_word' id='word_1_357' title='bbox 632 4105 689 4160; x_wconf 87' lang='lat' dir='ltr'>iarn</span> <span class='ocrx_word' id='word_1_358' title='bbox 711 4105 742 4159; x_wconf 89' lang='lat' dir='ltr'>in</span> <span class='ocrx_word' id='word_1_359' title='bbox 765 4106 880 4176; x_wconf 89' lang='lat' dir='ltr'>optimis</span> <span class='ocrx_word' id='word_1_360' title='bbox 908 4107 1052 4161; x_wconf 87' lang='lat' dir='ltr'>codicibus</span> <span class='ocrx_word' id='word_1_361' title='bbox 1081 4106 1253 4178; x_wconf 87' lang='lat' dir='ltr'>interpolata</span> <span class='ocrx_word' id='word_1_362' title='bbox 1279 4106 1365 4161; x_wconf 87' lang='lat' dir='ltr'>lectio</span> <span class='ocrx_word' id='word_1_363' title='bbox 1384 4115 1474 4163; x_wconf 85' lang='grc' dir='ltr'><strong><em>νᾶσον</em></strong></span> <span class='ocrx_word' id='word_1_364' title='bbox 1493 4105 1620 4168; x_wconf 82' lang='lat' dir='ltr'>successit,</span> 
     </span>
     <span class='ocr_line' id='line_1_41' title="bbox 355 4177 1621 4261; baseline -0.006 -26"><span class='ocrx_word' id='word_1_365' title='bbox 355 4197 414 4235; x_wconf 87' lang='lat' dir='ltr'>acc.</span> <span class='ocrx_word' id='word_1_366' title='bbox 433 4179 470 4250; x_wconf 94' lang='lat' dir='ltr'>pl.</span> <span class='ocrx_word' id='word_1_367' title='bbox 491 4181 535 4232; x_wconf 88' lang='lat' dir='ltr'>est</span> <span class='ocrx_word' id='word_1_368' title='bbox 558 4177 736 4248; x_wconf 82' lang='lat' dir='ltr'>diphthongo</span> <span class='ocrx_word' id='word_1_369' title='bbox 760 4197 808 4241; x_wconf 86' lang='grc' dir='ltr'>ους</span> <span class='ocrx_word' id='word_1_370' title='bbox 826 4177 942 4232; x_wconf 85' lang='lat' dir='ltr'>Aeolico</span> <span class='ocrx_word' id='word_1_371' title='bbox 965 4195 1041 4233; x_wconf 90' lang='lat' dir='ltr'>more</span> <span class='ocrx_word' id='word_1_372' title='bbox 1065 4182 1206 4248; x_wconf 86' lang='lat' dir='ltr'>correpta,</span> <span class='ocrx_word' id='word_1_373' title='bbox 1226 4195 1299 4249; x_wconf 88' lang='lat' dir='ltr'>quae</span> <span class='ocrx_word' id='word_1_374' title='bbox 1317 4178 1418 4233; x_wconf 88' lang='lat' dir='ltr'>eadem</span> <span class='ocrx_word' id='word_1_375' title='bbox 1436 4179 1571 4261; x_wconf 84' lang='lat' dir='ltr'>correptio</span> <span class='ocrx_word' id='word_1_376' title='bbox 1588 4177 1621 4229; x_wconf 91' lang='lat' dir='ltr'>in-</span> 
     </span>
     <span class='ocr_line' id='line_1_42' title="bbox 356 4248 1619 4320; baseline -0.003 -13"><span class='ocrx_word' id='word_1_377' title='bbox 356 4251 469 4308; x_wconf 82' lang='lat' dir='ltr'>venitur</span> <span class='ocrx_word' id='word_1_378' title='bbox 487 4250 517 4303; x_wconf 92' lang='lat' dir='ltr'>in</span> <span class='ocrx_word' id='word_1_379' title='bbox 536 4249 611 4312; x_wconf 76' lang='grc' dir='ltr'><strong><em>ἐσλὸς</em></strong></span> <span class='ocrx_word' id='word_1_380' title='bbox 626 4249 661 4304; x_wconf 88' lang='lat' dir='ltr'>N.</span> <span class='ocrx_word' id='word_1_381' title='bbox 676 4268 708 4302; x_wconf 88' lang='lat'>111</span> <span class='ocrx_word' id='word_1_382' title='bbox 723 4265 761 4318; x_wconf 75' lang='lat'>²⁹3</span> <span class='ocrx_word' id='word_1_383' title='bbox 781 4249 896 4304; x_wconf 89' lang='lat' dir='ltr'>tertium</span> <span class='ocrx_word' id='word_1_384' title='bbox 915 4250 1073 4320; x_wconf 87' lang='lat' dir='ltr'>exemplum</span> <span class='ocrx_word' id='word_1_385' title='bbox 1090 4248 1192 4320; x_wconf 79' lang='grc' dir='ltr'><strong><em>ἡμένας</em></strong></span> <span class='ocrx_word' id='word_1_386' title='bbox 1210 4250 1245 4306; x_wconf 86' lang='lat' dir='ltr'>N.</span> <span class='ocrx_word' id='word_1_387' title='bbox 1260 4271 1277 4303; x_wconf 84' lang='lat' dir='ltr'>x</span> <span class='ocrx_word' id='word_1_388' title='bbox 1292 4267 1318 4305; x_wconf 84' lang='lat' dir='ltr'>ss</span> <span class='ocrx_word' id='word_1_389' title='bbox 1331 4250 1437 4305; x_wconf 87' lang='lat' dir='ltr'>dubiae</span> <span class='ocrx_word' id='word_1_390' title='bbox 1455 4251 1521 4306; x_wconf 88' lang='lat' dir='ltr'>fider</span> <span class='ocrx_word' id='word_1_391' title='bbox 1540 4253 1579 4304; x_wconf 91' lang='lat' dir='ltr'>est</span> <span class='ocrx_word' id='word_1_392' title='bbox 1594 4278 1619 4287; x_wconf 84' lang='lat'>-</span> 
     </span>
     <span class='ocr_line' id='line_1_43' title="bbox 357 4318 1621 4393; baseline -0.003 -17"><span class='ocrx_word' id='word_1_393' title='bbox 357 4329 399 4377; x_wconf 85' lang='lat'>83.</span> <span class='ocrx_word' id='word_1_394' title='bbox 425 4321 673 4375; x_wconf 83' lang='lat' dir='ltr'>Rhadamanthum</span> <span class='ocrx_word' id='word_1_395' title='bbox 698 4319 788 4375; x_wconf 90' lang='lat' dir='ltr'>solum</span> <span class='ocrx_word' id='word_1_396' title='bbox 812 4321 932 4376; x_wconf 84' lang='lat' dir='ltr'>Saturno</span> <span class='ocrx_word' id='word_1_397' title='bbox 955 4321 1043 4374; x_wconf 90' lang='lat' dir='ltr'>iudici</span> <span class='ocrx_word' id='word_1_398' title='bbox 1067 4321 1238 4376; x_wconf 88' lang='lat' dir='ltr'>assidentem</span> <span class='ocrx_word' id='word_1_399' title='bbox 1260 4321 1399 4376; x_wconf 89' lang='lat' dir='ltr'>Pindarus</span> <span class='ocrx_word' id='word_1_400' title='bbox 1418 4322 1497 4393; x_wconf 71' lang='lat' dir='ltr'>facit,</span> <span class='ocrx_word' id='word_1_401' title='bbox 1516 4318 1621 4376; x_wconf 86' lang='lat' dir='ltr'>auctori-</span> 
     </span>
     <span class='ocr_line' id='line_1_44' title="bbox 355 4390 1601 4464; baseline -0.002 -16"><span class='ocrx_word' id='word_1_402' title='bbox 355 4397 445 4448; x_wconf 86' lang='lat' dir='ltr'>tatem</span> <span class='ocrx_word' id='word_1_403' title='bbox 471 4392 585 4446; x_wconf 88' lang='lat' dir='ltr'>Homeri</span> <span class='ocrx_word' id='word_1_404' title='bbox 608 4394 683 4448; x_wconf 76' lang='lat' dir='ltr'>dosa</span> <span class='ocrx_word' id='word_1_405' title='bbox 703 4395 826 4447; x_wconf 88' lang='lat' dir='ltr'>secutus:</span> <span class='ocrx_word' id='word_1_406' title='bbox 856 4392 926 4446; x_wconf 84' lang='grc' dir='ltr'><strong><em>ἀλλά</em></strong></span> <span class='ocrx_word' id='word_1_407' title='bbox 950 4391 976 4446; x_wconf 86' lang='grc' dir='ltr'>σ’</span> <span class='ocrx_word' id='word_1_408' title='bbox 1003 4392 1031 4455; x_wconf 84' lang='grc' dir='ltr'>ές</span> <span class='ocrx_word' id='word_1_409' title='bbox 1051 4390 1180 4447; x_wconf 86' lang='grc' dir='ltr'><strong><em>Ἠλόσιον</em></strong></span> <span class='ocrx_word' id='word_1_410' title='bbox 1199 4391 1298 4448; x_wconf 87' lang='grc' dir='ltr'><strong><em>πεδίον</em></strong></span> <span class='ocrx_word' id='word_1_411' title='bbox 1317 4393 1365 4447; x_wconf 79' lang='grc' dir='ltr'><strong><em>καὶ</em></strong></span> <span class='ocrx_word' id='word_1_412' title='bbox 1383 4391 1506 4462; x_wconf 84' lang='grc' dir='ltr'><strong><em>πείρατα</em></strong></span> <span class='ocrx_word' id='word_1_413' title='bbox 1527 4390 1601 4464; x_wconf 80' lang='grc' dir='ltr'><strong><em>γαίης</em></strong></span> 
     </span>
     <span class='ocr_line' id='line_1_45' title="bbox 355 4461 1621 4535; baseline -0.004 -15"><span class='ocrx_word' id='word_1_414' title='bbox 355 4465 500 4520; x_wconf 82' lang='grc' dir='ltr'><strong><em>ἀθάνατοι</em></strong></span> <span class='ocrx_word' id='word_1_415' title='bbox 518 4461 686 4534; x_wconf 80' lang='grc' dir='ltr'><strong><em>πέμψουσιν,</em></strong></span> <span class='ocrx_word' id='word_1_416' title='bbox 706 4462 757 4518; x_wconf 83' lang='grc' dir='ltr'><strong><em>ὅθι</em></strong></span> <span class='ocrx_word' id='word_1_417' title='bbox 776 4464 884 4530; x_wconf 79' lang='grc' dir='ltr'><strong><em>ξανθὸς</em></strong></span> <span class='ocrx_word' id='word_1_418' title='bbox 898 4462 1106 4534; x_wconf 86' lang='grc' dir='ltr'><strong><em>Ῥαδάμανθυς.</em></strong></span> <span class='ocrx_word' id='word_1_419' title='bbox 1143 4466 1177 4519; x_wconf 85' lang='lat' dir='ltr'>cs.</span> <span class='ocrx_word' id='word_1_420' title='bbox 1197 4465 1269 4519; x_wconf 90' lang='lat' dir='ltr'>Prol.</span> <span class='ocrx_word' id='word_1_421' title='bbox 1290 4484 1316 4535; x_wconf 92' lang='lat' dir='ltr'>p.</span> <span class='ocrx_word' id='word_1_422' title='bbox 1337 4483 1418 4518; x_wconf 81' lang='lat' dir='ltr'>cmv</span> <span class='ocrx_word' id='word_1_423' title='bbox 1438 4498 1472 4505; x_wconf 95' lang='lat'>-</span> <span class='ocrx_word' id='word_1_424' title='bbox 1491 4470 1534 4520; x_wconf 75' lang='grc'>84.</span> <span class='ocrx_word' id='word_1_425' title='bbox 1554 4461 1621 4518; x_wconf 85' lang='lat' dir='ltr'>resti·</span> 
     </span>
     <span class='ocr_line' id='line_1_46' title="bbox 358 4533 1622 4606; baseline -0.007 -15"><span class='ocrx_word' id='word_1_426' title='bbox 358 4537 431 4591; x_wconf 90' lang='lat' dir='ltr'>tutio</span> <span class='ocrx_word' id='word_1_427' title='bbox 451 4534 506 4590; x_wconf 90' lang='lat' dir='ltr'>loci</span> <span class='ocrx_word' id='word_1_428' title='bbox 526 4535 648 4605; x_wconf 89' lang='lat' dir='ltr'>corrupti</span> <span class='ocrx_word' id='word_1_429' title='bbox 668 4535 775 4590; x_wconf 84' lang='lat' dir='ltr'>incerta</span> <span class='ocrx_word' id='word_1_430' title='bbox 798 4539 854 4604; x_wconf 83' lang='lat' dir='ltr'>est,</span> <span class='ocrx_word' id='word_1_431' title='bbox 880 4553 977 4589; x_wconf 84' lang='lat' dir='ltr'>rerum</span> <span class='ocrx_word' id='word_1_432' title='bbox 995 4539 1090 4590; x_wconf 88' lang='lat' dir='ltr'>tamen</span> <span class='ocrx_word' id='word_1_433' title='bbox 1109 4535 1259 4590; x_wconf 91' lang='lat' dir='ltr'>lectionem</span> <span class='ocrx_word' id='word_1_434' title='bbox 1277 4534 1386 4604; x_wconf 82' lang='grc' dir='ltr'><strong><em>Κρόνος</em></strong></span> <span class='ocrx_word' id='word_1_435' title='bbox 1404 4553 1439 4590; x_wconf 82' lang='lat' dir='ltr'>en</span> <span class='ocrx_word' id='word_1_436' title='bbox 1457 4533 1622 4606; x_wconf 79' lang='lat' dir='ltr'>interpolatis</span> 
     </span>
     <span class='ocr_line' id='line_1_47' title="bbox 357 4606 1623 4679; baseline -0.003 -17"><span class='ocrx_word' id='word_1_437' title='bbox 357 4607 501 4662; x_wconf 86' lang='lat' dir='ltr'>codicibus</span> <span class='ocrx_word' id='word_1_438' title='bbox 530 4606 586 4660; x_wconf 91' lang='lat' dir='ltr'>reci</span> <span class='ocrx_word' id='word_1_439' title='bbox 607 4623 652 4661; x_wconf 88' lang='lat' dir='ltr'>ere</span> <span class='ocrx_word' id='word_1_440' title='bbox 676 4624 708 4660; x_wconf 93' lang='lat' dir='ltr'>eo</span> <span class='ocrx_word' id='word_1_441' title='bbox 732 4607 823 4676; x_wconf 82' lang='lat' dir='ltr'>magis</span> <span class='ocrx_word' id='word_1_442' title='bbox 852 4607 1057 4675; x_wconf 89' lang='lat' dir='ltr'>dubitavimus,</span> <span class='ocrx_word' id='word_1_443' title='bbox 1086 4607 1162 4676; x_wconf 91' lang='lat' dir='ltr'>quod</span> <span class='ocrx_word' id='word_1_444' title='bbox 1184 4625 1285 4662; x_wconf 92' lang='lat' dir='ltr'>nomen</span> <span class='ocrx_word' id='word_1_445' title='bbox 1308 4607 1354 4662; x_wconf 90' lang='lat' dir='ltr'>dei</span> <span class='ocrx_word' id='word_1_446' title='bbox 1377 4607 1436 4661; x_wconf 90' lang='lat' dir='ltr'>iarn</span> <span class='ocrx_word' id='word_1_447' title='bbox 1460 4625 1544 4679; x_wconf 89' lang='lat' dir='ltr'>supra</span> <span class='ocrx_word' id='word_1_448' title='bbox 1564 4626 1587 4660; x_wconf 85' lang='lat' dir='ltr'>r.</span> <span class='ocrx_word' id='word_1_449' title='bbox 1604 4617 1623 4658; x_wconf 74' lang='grc' dir='ltr'>ιε</span> 
     </span>
     <span class='ocr_line' id='line_1_48' title="bbox 357 4625 1623 4750; baseline 0.002 -18"><span class='ocrx_word' id='word_1_450' title='bbox 357 4679 476 4732; x_wconf 87' lang='lat' dir='ltr'>allatum</span> <span class='ocrx_word' id='word_1_451' title='bbox 500 4679 555 4744; x_wconf 79' lang='lat' dir='ltr'>est3</span> <span class='ocrx_word' id='word_1_452' title='bbox 585 4625 720 4732; x_wconf 51' lang='lat' dir='ltr'>§sturnus</span> <span class='ocrx_word' id='word_1_453' title='bbox 745 4678 906 4732; x_wconf 86' lang='lat' dir='ltr'>coniectura</span> <span class='ocrx_word' id='word_1_454' title='bbox 928 4677 1043 4750; x_wconf 81' lang='lat' dir='ltr'>Berglrii</span> <span class='ocrx_word' id='word_1_455' title='bbox 1070 4679 1191 4748; x_wconf 87' lang='lat' dir='ltr'>probata</span> <span class='ocrx_word' id='word_1_456' title='bbox 1218 4681 1285 4749; x_wconf 85' lang='lat' dir='ltr'>apte</span> <span class='ocrx_word' id='word_1_457' title='bbox 1311 4679 1493 4748; x_wconf 88' lang='lat' dir='ltr'>praedicatur</span> <span class='ocrx_word' id='word_1_458' title='bbox 1518 4691 1623 4750; x_wconf 67' lang='lat' dir='ltr'>magnus</span> 
     </span>
     <span class='ocr_line' id='line_1_49' title="bbox 365 4749 1623 4820; baseline -0.003 -16"><span class='ocrx_word' id='word_1_459' title='bbox 365 4753 445 4818; x_wconf 79' lang='lat' dir='ltr'>mter,</span> <span class='ocrx_word' id='word_1_460' title='bbox 460 4750 554 4804; x_wconf 84' lang='lat' dir='ltr'>Rheae</span> <span class='ocrx_word' id='word_1_461' title='bbox 572 4749 699 4818; x_wconf 82' lang='lat' dir='ltr'>maritus,</span> <span class='ocrx_word' id='word_1_462' title='bbox 719 4767 790 4818; x_wconf 89' lang='lat' dir='ltr'>quae</span> <span class='ocrx_word' id='word_1_463' title='bbox 809 4750 881 4819; x_wconf 84' lang='lat' dir='ltr'>ipsa,</span> <span class='ocrx_word' id='word_1_464' title='bbox 901 4767 964 4802; x_wconf 86' lang='lat' dir='ltr'>cum</span> <span class='ocrx_word' id='word_1_465' title='bbox 982 4751 1088 4820; x_wconf 78' lang='lat' dir='ltr'>Magna</span> <span class='ocrx_word' id='word_1_466' title='bbox 1103 4750 1157 4804; x_wconf 90' lang='lat' dir='ltr'>dea</span> <span class='ocrx_word' id='word_1_467' title='bbox 1171 4754 1254 4819; x_wconf 83' lang='lat' dir='ltr'>esset,</span> <span class='ocrx_word' id='word_1_468' title='bbox 1268 4751 1393 4804; x_wconf 90' lang='lat' dir='ltr'>omnium</span> <span class='ocrx_word' id='word_1_469' title='bbox 1408 4768 1546 4806; x_wconf 88' lang='lat' dir='ltr'>summam</span> <span class='ocrx_word' id='word_1_470' title='bbox 1559 4755 1623 4805; x_wconf 90' lang='lat' dir='ltr'>tene·</span> 
     </span>
     <span class='ocr_line' id='line_1_50' title="bbox 356 4770 1665 4878; baseline -0.002 -2"><span class='ocrx_word' id='word_1_471' title='bbox 356 4770 408 4876; x_wconf 70' lang='lat' dir='ltr'>hat</span> <span class='ocrx_word' id='word_1_472' title='bbox 426 4821 525 4874; x_wconf 90' lang='lat' dir='ltr'>sellam</span> <span class='ocrx_word' id='word_1_473' title='bbox 545 4854 577 4860; x_wconf 98' lang='lat'><em>-</em></span> <span class='ocrx_word' id='word_1_474' title='bbox 597 4825 639 4875; x_wconf 83' lang='lat'>86.</span> <span class='ocrx_word' id='word_1_475' title='bbox 660 4821 774 4875; x_wconf 89' lang='lat' dir='ltr'>Peleum</span> <span class='ocrx_word' id='word_1_476' title='bbox 789 4820 925 4875; x_wconf 83' lang='lat' dir='ltr'>Cadmum</span> <span class='ocrx_word' id='word_1_477' title='bbox 938 4820 1078 4875; x_wconf 85' lang='lat' dir='ltr'>Achillem</span> <span class='ocrx_word' id='word_1_478' title='bbox 1097 4839 1161 4875; x_wconf 90' lang='lat' dir='ltr'>cum</span> <span class='ocrx_word' id='word_1_479' title='bbox 1179 4821 1209 4875; x_wconf 91' lang='lat' dir='ltr'>in</span> <span class='ocrx_word' id='word_1_480' title='bbox 1227 4821 1328 4876; x_wconf 89' lang='lat' dir='ltr'>insulis</span> <span class='ocrx_word' id='word_1_481' title='bbox 1342 4823 1549 4878; x_wconf 85' lang='lat' dir='ltr'>fortunatorum</span> <span class='ocrx_word' id='word_1_482' title='bbox 1562 4837 1622 4876; x_wconf 80' lang='lat' dir='ltr'>conr</span> <span class='ocrx_word' id='word_1_483' title='bbox 1664 4864 1665 4871; x_wconf 70' lang='grc'>,</span> 
     </span>
    </p>
   </div>
   <div class='ocr_carea' id='block_1_6' title="bbox 0 0 1720 5434">
    <p class='ocr_par' dir='ltr' id='par_1_12' title="bbox 0 0 1720 5434">
     <span class='ocr_line' id='line_1_51' title="bbox 0 0 1720 5434; baseline 0 0"><span class='ocrx_word' id='word_1_484' title='bbox 0 0 1720 5434; x_wconf 95' lang='lat' dir='ltr'> </span> 
     </span>
    </p>
   </div>
  </div>
 </body>
</html>
