<?xml version="1.0" encoding="UTF-8"?>
<!DOCTYPE html PUBLIC "-//W3C//DTD XHTML 1.0 Transitional//EN"
    "http://www.w3.org/TR/xhtml1/DTD/xhtml1-transitional.dtd">
<html xmlns="http://www.w3.org/1999/xhtml" xml:lang="en" lang="en">
 <head>
  <title>
</title>
<meta http-equiv="Content-Type" content="text/html;charset=utf-8" />
  <meta name='ocr-system' content='tesseract 3.04.00' />
  <meta name='ocr-capabilities' content='ocr_page ocr_carea ocr_par ocr_line ocrx_word'/>
</head>
<body>
  <div class='ocr_page' id='page_1' title='image "./pindaricarminap01chrigoog_0308.png"; bbox 0 0 3417 5434; ppageno 0'>
   <div class='ocr_carea' id='block_1_1' title="bbox 831 359 1164 412">
    <p class='ocr_par' dir='ltr' id='par_1_1' title="bbox 831 359 1164 412">
     <span class='ocr_line' id='line_1_1' title="bbox 831 359 1164 412; baseline 0.006 -2"><span class='ocrx_word' id='word_1_1' title='bbox 831 361 977 412; x_wconf 85' lang='lat' dir='ltr'><strong>PINDARl</strong></span> <span class='ocrx_word' id='word_1_2' title='bbox 997 359 1164 412; x_wconf 81' lang='lat' dir='ltr'><strong>EPlNlClA.</strong></span> 
     </span>
    </p>
   </div>
   <div class='ocr_carea' id='block_1_2' title="bbox 355 519 1683 2143">
    <p class='ocr_par' dir='ltr' id='par_1_2' title="bbox 901 519 1089 588">
     <span class='ocr_line' id='line_1_2' title="bbox 901 519 1089 588; baseline 0.005 -2"><span class='ocrx_word' id='word_1_3' title='bbox 901 519 945 586; x_wconf 86' lang='lat' dir='ltr'><strong>De</strong></span> <span class='ocrx_word' id='word_1_4' title='bbox 966 520 1089 588; x_wconf 85' lang='lat' dir='ltr'><strong>notris.</strong></span> 
     </span>
    </p>

    <p class='ocr_par' dir='ltr' id='par_1_3' title="bbox 355 633 1683 2143">
     <span class='ocr_line' id='line_1_3' title="bbox 447 633 1639 713; baseline -0.004 -18"><span class='ocrx_word' id='word_1_5' title='bbox 447 635 601 695; x_wconf 75' lang='lat' dir='ltr'><strong>‘Carminis</strong></span> <span class='ocrx_word' id='word_1_6' title='bbox 624 635 715 693; x_wconf 87' lang='lat' dir='ltr'><strong>huius</strong></span> <span class='ocrx_word' id='word_1_7' title='bbox 738 635 855 694; x_wconf 89' lang='lat' dir='ltr'><strong>numeri</strong></span> <span class='ocrx_word' id='word_1_8' title='bbox 879 639 950 694; x_wconf 91' lang='lat' dir='ltr'><strong>sunt</strong></span> <span class='ocrx_word' id='word_1_9' title='bbox 972 635 1117 713; x_wconf 76' lang='lat' dir='ltr'>paeonici,</span> <span class='ocrx_word' id='word_1_10' title='bbox 1136 635 1285 711; x_wconf 76' lang='lat' dir='ltr'><strong>aptissimi</strong></span> <span class='ocrx_word' id='word_1_11' title='bbox 1304 635 1349 694; x_wconf 90' lang='lat' dir='ltr'><strong>illi</strong></span> <span class='ocrx_word' id='word_1_12' title='bbox 1368 635 1496 695; x_wconf 89' lang='lat' dir='ltr'><strong>carmini</strong></span> <span class='ocrx_word' id='word_1_13' title='bbox 1515 633 1639 710; x_wconf 79' lang='lat' dir='ltr'><strong>speciem</strong></span> 
     </span>
     <span class='ocr_line' id='line_1_4' title="bbox 360 723 1683 804; baseline -0.005 -18"><span class='ocrx_word' id='word_1_14' title='bbox 360 726 486 804; x_wconf 81' lang='lat' dir='ltr'><strong>paeonis</strong></span> <span class='ocrx_word' id='word_1_15' title='bbox 504 724 644 784; x_wconf 78' lang='lat' dir='ltr'><strong>referenti</strong></span> <span class='ocrx_word' id='word_1_16' title='bbox 664 727 695 783; x_wconf 91' lang='lat' dir='ltr'><strong>et</strong></span> <span class='ocrx_word' id='word_1_17' title='bbox 713 743 731 783; x_wconf 96' lang='lat' dir='ltr'><strong>a</strong></span> <span class='ocrx_word' id='word_1_18' title='bbox 750 724 837 783; x_wconf 93' lang='lat' dir='ltr'><strong>chore</strong></span> <span class='ocrx_word' id='word_1_19' title='bbox 858 725 987 783; x_wconf 74' lang='lat' dir='ltr'><strong>saltante</strong></span> <span class='ocrx_word' id='word_1_20' title='bbox 1007 725 1037 783; x_wconf 95' lang='lat' dir='ltr'><strong>in</strong></span> <span class='ocrx_word' id='word_1_21' title='bbox 1057 725 1178 784; x_wconf 77' lang='lat' dir='ltr'><strong>Cameis</strong></span> <span class='ocrx_word' id='word_1_22' title='bbox 1201 724 1293 784; x_wconf 88' lang='lat' dir='ltr'><strong>saeris</strong></span> <span class='ocrx_word' id='word_1_23' title='bbox 1317 725 1466 802; x_wconf 85' lang='lat' dir='ltr'><strong>Apollinis</strong></span> <span class='ocrx_word' id='word_1_24' title='bbox 1490 723 1639 784; x_wconf 86' lang='lat' dir='ltr'><strong>cantandi.</strong></span> <span class='ocrx_word' id='word_1_25' title='bbox 1682 745 1683 768; x_wconf 73' lang='lat'>1</span> 
     </span>
     <span class='ocr_line' id='line_1_5' title="bbox 358 812 1683 892; baseline -0.001 -17"><span class='ocrx_word' id='word_1_26' title='bbox 358 815 514 875; x_wconf 90' lang='lat' dir='ltr'><strong>Paeonieis</strong></span> <span class='ocrx_word' id='word_1_27' title='bbox 544 813 721 890; x_wconf 90' lang='lat' dir='ltr'><strong>creticisqne</strong></span> <span class='ocrx_word' id='word_1_28' title='bbox 755 813 883 889; x_wconf 88' lang='lat' dir='ltr'><strong>pedibus</strong></span> <span class='ocrx_word' id='word_1_29' title='bbox 917 814 1055 890; x_wconf 85' lang='lat' dir='ltr'><strong>dipodias</strong></span> <span class='ocrx_word' id='word_1_30' title='bbox 1090 814 1257 874; x_wconf 78' lang='lat' dir='ltr'><strong>trochaicae</strong></span> <span class='ocrx_word' id='word_1_31' title='bbox 1289 834 1382 892; x_wconf 90' lang='lat' dir='ltr'><strong>purae</strong></span> <span class='ocrx_word' id='word_1_32' title='bbox 1412 813 1445 874; x_wconf 86' lang='lat' dir='ltr'><strong>et</strong></span> <span class='ocrx_word' id='word_1_33' title='bbox 1474 812 1638 874; x_wconf 80' lang='lat' dir='ltr'><strong>choriambi</strong></span> <span class='ocrx_word' id='word_1_34' title='bbox 1682 867 1683 874; x_wconf 72' lang='grc'>,</span> 
     </span>
     <span class='ocr_line' id='line_1_6' title="bbox 359 902 1683 1001; baseline -0.005 -36"><span class='ocrx_word' id='word_1_35' title='bbox 359 905 533 982; x_wconf 91' lang='lat' dir='ltr'><strong>dactylique</strong></span> <span class='ocrx_word' id='word_1_36' title='bbox 562 903 666 980; x_wconf 87' lang='lat' dir='ltr'><strong>cyclici</strong></span> <span class='ocrx_word' id='word_1_37' title='bbox 693 902 819 962; x_wconf 82' lang='lat' dir='ltr'><strong>admixti</strong></span> <span class='ocrx_word' id='word_1_38' title='bbox 847 905 925 963; x_wconf 88' lang='lat' dir='ltr'><strong>sunt.</strong></span> <span class='ocrx_word' id='word_1_39' title='bbox 970 903 1120 980; x_wconf 91' lang='lat' dir='ltr'><strong>Ancipitis</strong></span> <span class='ocrx_word' id='word_1_40' title='bbox 1149 903 1282 980; x_wconf 88' lang='lat' dir='ltr'><strong>syllabae</strong></span> <span class='ocrx_word' id='word_1_41' title='bbox 1310 923 1407 981; x_wconf 86' lang='lat' dir='ltr'><strong>mera,</strong></span> <span class='ocrx_word' id='word_1_42' title='bbox 1436 907 1473 963; x_wconf 90' lang='lat' dir='ltr'><strong>ut</strong></span> <span class='ocrx_word' id='word_1_43' title='bbox 1500 923 1580 980; x_wconf 89' lang='lat' dir='ltr'><strong>quae</strong></span> <span class='ocrx_word' id='word_1_44' title='bbox 1603 902 1683 1001; x_wconf 82' lang='grc' dir='ltr'>ιιι,</span> 
     </span>
     <span class='ocr_line' id='line_1_7' title="bbox 357 976 1683 1071; baseline -0.005 -16"><span class='ocrx_word' id='word_1_45' title='bbox 357 994 517 1055; x_wconf 87' lang='lat' dir='ltr'><strong>concitatis</strong></span> <span class='ocrx_word' id='word_1_46' title='bbox 534 992 667 1052; x_wconf 91' lang='lat' dir='ltr'><strong>numeris</strong></span> <span class='ocrx_word' id='word_1_47' title='bbox 685 992 836 1068; x_wconf 87' lang='lat' dir='ltr'><strong>paeonicis</strong></span> <span class='ocrx_word' id='word_1_48' title='bbox 855 993 1023 1071; x_wconf 87' lang='lat' dir='ltr'><strong>abhorreat,</strong></span> <span class='ocrx_word' id='word_1_49' title='bbox 1043 993 1133 1052; x_wconf 88' lang='lat' dir='ltr'><strong>semel</strong></span> <span class='ocrx_word' id='word_1_50' title='bbox 1152 993 1303 1052; x_wconf 89' lang='lat' dir='ltr'><strong>tantum</strong></span> <span class='ocrx_word' id='word_1_51' title='bbox 1295 1013 1326 1051; x_wconf 90' lang='grc' dir='ltr'><strong>ιιι</strong></span> <span class='ocrx_word' id='word_1_52' title='bbox 1346 1013 1434 1053; x_wconf 87' lang='lat' dir='ltr'><strong>versu</strong></span> <span class='ocrx_word' id='word_1_53' title='bbox 1454 1005 1488 1052; x_wconf 85' lang='grc'><strong>93</strong></span> <span class='ocrx_word' id='word_1_54' title='bbox 1508 976 1683 1051; x_wconf 89' lang='lat' dir='ltr'><strong>admissa</strong></span> <span class='ocrx_word' id='word_1_55' title='bbox 1682 1059 1683 1066; x_wconf 44' lang='grc'>,</span> 
     </span>
     <span class='ocr_line' id='line_1_8' title="bbox 357 1039 1683 1160; baseline -0.006 -16"><span class='ocrx_word' id='word_1_56' title='bbox 357 1088 412 1144; x_wconf 87' lang='lat' dir='ltr'><strong>est.</strong></span> <span class='ocrx_word' id='word_1_57' title='bbox 439 1084 554 1144; x_wconf 82' lang='lat' dir='ltr'><strong>Eodem</strong></span> <span class='ocrx_word' id='word_1_58' title='bbox 571 1083 710 1160; x_wconf 86' lang='lat' dir='ltr'><strong>pertinet,</strong></span> <span class='ocrx_word' id='word_1_59' title='bbox 729 1083 811 1158; x_wconf 85' lang='lat' dir='ltr'><strong>qued</strong></span> <span class='ocrx_word' id='word_1_60' title='bbox 828 1101 941 1158; x_wconf 82' lang='lat' dir='ltr'><strong>pausae</strong></span> <span class='ocrx_word' id='word_1_61' title='bbox 960 1039 1115 1142; x_wconf 81' lang='lat' dir='ltr'><strong>emrhetrei</strong></span> <span class='ocrx_word' id='word_1_62' title='bbox 1135 1083 1215 1142; x_wconf 90' lang='lat' dir='ltr'><strong>inter</strong></span> <span class='ocrx_word' id='word_1_63' title='bbox 1235 1082 1369 1160; x_wconf 87' lang='lat' dir='ltr'><strong>singulos</strong></span> <span class='ocrx_word' id='word_1_64' title='bbox 1387 1101 1492 1143; x_wconf 84' lang='lat' dir='ltr'><strong>versus</strong></span> <span class='ocrx_word' id='word_1_65' title='bbox 1511 1082 1635 1159; x_wconf 81' lang='lat' dir='ltr'><strong>exiguae</strong></span> <span class='ocrx_word' id='word_1_66' title='bbox 1682 1129 1683 1136; x_wconf 72' lang='grc'>,</span> 
     </span>
     <span class='ocr_line' id='line_1_9' title="bbox 358 1171 1683 1264; baseline -0.005 -30"><span class='ocrx_word' id='word_1_67' title='bbox 358 1178 390 1234; x_wconf 87' lang='lat' dir='ltr'><strong>et</strong></span> <span class='ocrx_word' id='word_1_68' title='bbox 417 1193 511 1250; x_wconf 91' lang='lat' dir='ltr'><strong>paene</strong></span> <span class='ocrx_word' id='word_1_69' title='bbox 539 1173 641 1231; x_wconf 92' lang='lat' dir='ltr'><strong>nullae</strong></span> <span class='ocrx_word' id='word_1_70' title='bbox 668 1171 855 1231; x_wconf 77' lang='lat' dir='ltr'><strong>intermissae</strong></span> <span class='ocrx_word' id='word_1_71' title='bbox 883 1175 967 1248; x_wconf 72' lang='lat' dir='ltr'><strong>sunt,</strong></span> <span class='ocrx_word' id='word_1_72' title='bbox 941 1173 1132 1231; x_wconf 90' lang='lat' dir='ltr'><strong>ttunde</strong></span> <span class='ocrx_word' id='word_1_73' title='bbox 1104 1172 1243 1247; x_wconf 83' lang='lat' dir='ltr'><strong>strophae</strong></span> <span class='ocrx_word' id='word_1_74' title='bbox 1271 1190 1374 1231; x_wconf 88' lang='lat' dir='ltr'><strong>versus</strong></span> <span class='ocrx_word' id='word_1_75' title='bbox 1400 1184 1469 1232; x_wconf 79' lang='lat'><strong>1—4</strong></span> <span class='ocrx_word' id='word_1_76' title='bbox 1492 1173 1521 1231; x_wconf 88' lang='lat' dir='ltr'><strong>et</strong></span> <span class='ocrx_word' id='word_1_77' title='bbox 1549 1171 1636 1247; x_wconf 92' lang='lat' dir='ltr'><strong>epodi</strong></span> <span class='ocrx_word' id='word_1_78' title='bbox 1682 1195 1683 1264; x_wconf 71' lang='lat'><strong>,</strong></span> 
     </span>
     <span class='ocr_line' id='line_1_10' title="bbox 358 1259 1683 1340; baseline -0.005 -17"><span class='ocrx_word' id='word_1_79' title='bbox 358 1275 427 1323; x_wconf 75' lang='lat' dir='ltr'><strong>1-a</strong></span> <span class='ocrx_word' id='word_1_80' title='bbox 456 1263 569 1323; x_wconf 91' lang='lat' dir='ltr'><strong>arctius</strong></span> <span class='ocrx_word' id='word_1_81' title='bbox 598 1262 677 1320; x_wconf 90' lang='lat' dir='ltr'><strong>inter</strong></span> <span class='ocrx_word' id='word_1_82' title='bbox 706 1279 737 1320; x_wconf 90' lang='lat' dir='ltr'><strong>se</strong></span> <span class='ocrx_word' id='word_1_83' title='bbox 766 1262 923 1321; x_wconf 82' lang='lat' dir='ltr'><strong>cohaerere</strong></span> <span class='ocrx_word' id='word_1_84' title='bbox 954 1262 1104 1321; x_wconf 90' lang='lat' dir='ltr'><strong>concludo.</strong></span> <span class='ocrx_word' id='word_1_85' title='bbox 1151 1259 1313 1321; x_wconf 86' lang='lat' dir='ltr'><strong>Ordinibus</strong></span> <span class='ocrx_word' id='word_1_86' title='bbox 1343 1261 1470 1340; x_wconf 84' lang='lat' dir='ltr'><strong>singulis</strong></span> <span class='ocrx_word' id='word_1_87' title='bbox 1499 1260 1636 1320; x_wconf 84' lang='lat' dir='ltr'><strong>similiter</strong></span> <span class='ocrx_word' id='word_1_88' title='bbox 1682 1275 1683 1336; x_wconf 63' lang='lat' dir='ltr'><strong>y</strong></span> 
     </span>
     <span class='ocr_line' id='line_1_11' title="bbox 357 1346 1633 1433; baseline -0.004 -21"><span class='ocrx_word' id='word_1_89' title='bbox 357 1357 450 1429; x_wconf 87' lang='lat' dir='ltr'><strong>atque</strong></span> <span class='ocrx_word' id='word_1_90' title='bbox 469 1354 501 1410; x_wconf 89' lang='lat' dir='ltr'><strong>in</strong></span> <span class='ocrx_word' id='word_1_91' title='bbox 519 1351 650 1412; x_wconf 90' lang='lat' dir='ltr'><strong>carmine</strong></span> <span class='ocrx_word' id='word_1_92' title='bbox 670 1349 826 1427; x_wconf 85' lang='lat' dir='ltr'><strong>Olympico</strong></span> <span class='ocrx_word' id='word_1_93' title='bbox 844 1351 973 1411; x_wconf 88' lang='lat' dir='ltr'><strong>secundo</strong></span> <span class='ocrx_word' id='word_1_94' title='bbox 997 1370 1222 1427; x_wconf 88' lang='lat' dir='ltr'><strong>nonnumquam</strong></span> <span class='ocrx_word' id='word_1_95' title='bbox 1246 1351 1364 1410; x_wconf 90' lang='lat' dir='ltr'><strong>iambus</strong></span> <span class='ocrx_word' id='word_1_96' title='bbox 1387 1347 1454 1433; x_wconf 79' lang='grc' dir='ltr'>(ιιι.</span> <span class='ocrx_word' id='word_1_97' title='bbox 1469 1361 1493 1411; x_wconf 89' lang='lat'><strong>8.</strong></span> <span class='ocrx_word' id='word_1_98' title='bbox 1509 1371 1551 1426; x_wconf 88' lang='lat' dir='ltr'><strong>ep.</strong></span> <span class='ocrx_word' id='word_1_99' title='bbox 1566 1361 1590 1409; x_wconf 91' lang='lat'><strong>1.</strong></span> <span class='ocrx_word' id='word_1_100' title='bbox 1605 1346 1633 1426; x_wconf 79' lang='lat'><strong>5)</strong></span> 
     </span>
     <span class='ocr_line' id='line_1_12' title="bbox 356 1439 1683 1520; baseline -0.005 -18"><span class='ocrx_word' id='word_1_101' title='bbox 356 1441 516 1519; x_wconf 78' lang='lat' dir='ltr'><strong>antecedit,</strong></span> <span class='ocrx_word' id='word_1_102' title='bbox 537 1460 627 1517; x_wconf 88' lang='lat' dir='ltr'><strong>quem</strong></span> <span class='ocrx_word' id='word_1_103' title='bbox 645 1439 840 1516; x_wconf 86' lang='lat' dir='ltr'><strong>posteriorem</strong></span> <span class='ocrx_word' id='word_1_104' title='bbox 858 1443 975 1517; x_wconf 91' lang='lat' dir='ltr'><strong>partem</strong></span> <span class='ocrx_word' id='word_1_105' title='bbox 994 1441 1077 1516; x_wconf 91' lang='lat' dir='ltr'><strong>pedis</strong></span> <span class='ocrx_word' id='word_1_106' title='bbox 1101 1440 1237 1516; x_wconf 87' lang='lat' dir='ltr'><strong>acephali</strong></span> <span class='ocrx_word' id='word_1_107' title='bbox 1260 1459 1322 1499; x_wconf 90' lang='lat' dir='ltr'><strong>esse</strong></span> <span class='ocrx_word' id='word_1_108' title='bbox 1341 1440 1390 1500; x_wconf 88' lang='lat' dir='ltr'><strong>vel</strong></span> <span class='ocrx_word' id='word_1_109' title='bbox 1409 1441 1582 1517; x_wconf 89' lang='lat' dir='ltr'><strong>rhythmum</strong></span> <span class='ocrx_word' id='word_1_110' title='bbox 1602 1439 1632 1496; x_wconf 88' lang='lat' dir='ltr'><strong>in</strong></span> <span class='ocrx_word' id='word_1_111' title='bbox 1682 1481 1683 1520; x_wconf 80' lang='grc'>,</span> 
     </span>
     <span class='ocr_line' id='line_1_13' title="bbox 355 1527 1683 1608; baseline -0.004 -18"><span class='ocrx_word' id='word_1_112' title='bbox 355 1532 413 1591; x_wconf 89' lang='lat' dir='ltr'><strong>fine</strong></span> <span class='ocrx_word' id='word_1_113' title='bbox 428 1531 631 1608; x_wconf 88' lang='lat' dir='ltr'><strong>praecedentis</strong></span> <span class='ocrx_word' id='word_1_114' title='bbox 645 1548 748 1589; x_wconf 85' lang='lat' dir='ltr'><strong>versus</strong></span> <span class='ocrx_word' id='word_1_115' title='bbox 765 1529 940 1589; x_wconf 88' lang='lat' dir='ltr'><strong>inchoatum</strong></span> <span class='ocrx_word' id='word_1_116' title='bbox 959 1530 1105 1606; x_wconf 90' lang='lat' dir='ltr'><strong>complere</strong></span> <span class='ocrx_word' id='word_1_117' title='bbox 1121 1530 1205 1589; x_wconf 90' lang='lat' dir='ltr'><strong>duce.</strong></span> <span class='ocrx_word' id='word_1_118' title='bbox 1232 1530 1313 1588; x_wconf 86' lang='lat' dir='ltr'><strong>Talis</strong></span> <span class='ocrx_word' id='word_1_119' title='bbox 1332 1530 1460 1590; x_wconf 89' lang='lat' dir='ltr'><strong>iambica</strong></span> <span class='ocrx_word' id='word_1_120' title='bbox 1479 1529 1629 1588; x_wconf 85' lang='lat' dir='ltr'><strong>anacrusis</strong></span> <span class='ocrx_word' id='word_1_121' title='bbox 1682 1527 1683 1596; x_wconf 75' lang='lat' dir='ltr'><strong>l</strong></span> 
     </span>
     <span class='ocr_line' id='line_1_14' title="bbox 356 1619 1629 1697; baseline -0.004 -17"><span class='ocrx_word' id='word_1_122' title='bbox 356 1624 460 1680; x_wconf 86' lang='lat' dir='ltr'><strong>utrum</strong></span> <span class='ocrx_word' id='word_1_123' title='bbox 479 1621 571 1680; x_wconf 89' lang='lat' dir='ltr'><strong>etiam</strong></span> <span class='ocrx_word' id='word_1_124' title='bbox 584 1619 719 1679; x_wconf 87' lang='lat' dir='ltr'><strong>versibus</strong></span> <span class='ocrx_word' id='word_1_125' title='bbox 737 1620 877 1695; x_wconf 83' lang='lat' dir='ltr'><strong>strophae</strong></span> <span class='ocrx_word' id='word_1_126' title='bbox 897 1619 995 1697; x_wconf 86' lang='lat' dir='ltr'><strong>tertie,</strong></span> <span class='ocrx_word' id='word_1_127' title='bbox 1014 1622 1132 1696; x_wconf 90' lang='lat' dir='ltr'><strong>quarte,</strong></span> <span class='ocrx_word' id='word_1_128' title='bbox 1152 1621 1235 1678; x_wconf 85' lang='lat' dir='ltr'><strong>sexte</strong></span> <span class='ocrx_word' id='word_1_129' title='bbox 1250 1622 1281 1678; x_wconf 90' lang='lat' dir='ltr'><strong>et</strong></span> <span class='ocrx_word' id='word_1_130' title='bbox 1295 1619 1383 1696; x_wconf 92' lang='lat' dir='ltr'><strong>epedi</strong></span> <span class='ocrx_word' id='word_1_131' title='bbox 1401 1620 1528 1679; x_wconf 88' lang='lat' dir='ltr'><strong>secunde</strong></span> <span class='ocrx_word' id='word_1_132' title='bbox 1546 1638 1629 1694; x_wconf 88' lang='lat' dir='ltr'><strong>prae·</strong></span> 
     </span>
     <span class='ocr_line' id='line_1_15' title="bbox 357 1705 1629 1787; baseline -0.003 -18"><span class='ocrx_word' id='word_1_133' title='bbox 357 1711 448 1770; x_wconf 90' lang='lat' dir='ltr'><strong>missa</strong></span> <span class='ocrx_word' id='word_1_134' title='bbox 477 1710 529 1787; x_wconf 91' lang='lat' dir='ltr'><strong>sit,</strong></span> <span class='ocrx_word' id='word_1_135' title='bbox 558 1729 597 1768; x_wconf 87' lang='lat' dir='ltr'><strong>an</strong></span> <span class='ocrx_word' id='word_1_136' title='bbox 620 1709 651 1766; x_wconf 93' lang='lat' dir='ltr'><strong>in</strong></span> <span class='ocrx_word' id='word_1_137' title='bbox 674 1708 812 1768; x_wconf 89' lang='lat' dir='ltr'><strong>bacebios</strong></span> <span class='ocrx_word' id='word_1_138' title='bbox 834 1709 883 1768; x_wconf 88' lang='lat' dir='ltr'><strong>vel</strong></span> <span class='ocrx_word' id='word_1_139' title='bbox 906 1708 1019 1768; x_wconf 92' lang='lat' dir='ltr'><strong>ionicos</strong></span> <span class='ocrx_word' id='word_1_140' title='bbox 1042 1708 1089 1766; x_wconf 92' lang='lat' dir='ltr'><strong>illi</strong></span> <span class='ocrx_word' id='word_1_141' title='bbox 1111 1726 1215 1768; x_wconf 87' lang='lat' dir='ltr'><strong>versus</strong></span> <span class='ocrx_word' id='word_1_142' title='bbox 1237 1708 1390 1768; x_wconf 88' lang='lat' dir='ltr'><strong>dividendi</strong></span> <span class='ocrx_word' id='word_1_143' title='bbox 1413 1709 1475 1767; x_wconf 90' lang='lat' dir='ltr'><strong>sint</strong></span> <span class='ocrx_word' id='word_1_144' title='bbox 1488 1705 1629 1766; x_wconf 67' lang='lat' dir='ltr'><strong>&#39;dubitare</strong></span> 
     </span>
     <span class='ocr_line' id='line_1_16' title="bbox 356 1797 1683 1878; baseline -0.005 -18"><span class='ocrx_word' id='word_1_145' title='bbox 356 1800 460 1878; x_wconf 90' lang='lat' dir='ltr'><strong>pessis.</strong></span> <span class='ocrx_word' id='word_1_146' title='bbox 498 1799 610 1876; x_wconf 85' lang='lat' dir='ltr'><strong>Magna</strong></span> <span class='ocrx_word' id='word_1_147' title='bbox 628 1817 698 1858; x_wconf 88' lang='lat' dir='ltr'><strong>vere</strong></span> <span class='ocrx_word' id='word_1_148' title='bbox 717 1799 840 1876; x_wconf 88' lang='lat' dir='ltr'><strong>negotia</strong></span> <span class='ocrx_word' id='word_1_149' title='bbox 859 1797 890 1855; x_wconf 90' lang='grc' dir='ltr'><strong>ιιι</strong></span> <span class='ocrx_word' id='word_1_150' title='bbox 907 1798 964 1858; x_wconf 91' lang='lat' dir='ltr'><strong>hee</strong></span> <span class='ocrx_word' id='word_1_151' title='bbox 983 1817 1103 1874; x_wconf 90' lang='lat' dir='ltr'><strong>quoque</strong></span> <span class='ocrx_word' id='word_1_152' title='bbox 1122 1797 1251 1858; x_wconf 90' lang='lat' dir='ltr'><strong>carmine</strong></span> <span class='ocrx_word' id='word_1_153' title='bbox 1271 1797 1418 1874; x_wconf 85' lang='lat' dir='ltr'><strong>tripediae</strong></span> <span class='ocrx_word' id='word_1_154' title='bbox 1441 1798 1627 1858; x_wconf 88' lang='lat' dir='ltr'><strong>catalecticae</strong></span> <span class='ocrx_word' id='word_1_155' title='bbox 1682 1815 1683 1854; x_wconf 77' lang='grc' dir='ltr'><strong>ι</strong></span> 
     </span>
     <span class='ocr_line' id='line_1_17' title="bbox 358 1881 1683 1968; baseline -0.005 -20"><span class='ocrx_word' id='word_1_156' title='bbox 358 1890 488 1965; x_wconf 81' lang='lat' dir='ltr'><strong>faciunt3</strong></span> <span class='ocrx_word' id='word_1_157' title='bbox 512 1891 602 1966; x_wconf 89' lang='lat' dir='ltr'><strong>atque</strong></span> <span class='ocrx_word' id='word_1_158' title='bbox 626 1887 701 1945; x_wconf 91' lang='lat' dir='ltr'><strong>nihil</strong></span> <span class='ocrx_word' id='word_1_159' title='bbox 724 1907 779 1965; x_wconf 88' lang='lat' dir='ltr'><strong>ego</strong></span> <span class='ocrx_word' id='word_1_160' title='bbox 803 1907 904 1947; x_wconf 90' lang='lat' dir='ltr'><strong>meror</strong></span> <span class='ocrx_word' id='word_1_161' title='bbox 926 1887 994 1946; x_wconf 90' lang='lat' dir='ltr'><strong>illas</strong></span> <span class='ocrx_word' id='word_1_162' title='bbox 1015 1887 1046 1945; x_wconf 90' lang='lat' dir='ltr'><strong>in</strong></span> <span class='ocrx_word' id='word_1_163' title='bbox 1069 1887 1127 1946; x_wconf 90' lang='lat' dir='ltr'><strong>fine</strong></span> <span class='ocrx_word' id='word_1_164' title='bbox 1142 1897 1249 1946; x_wconf 71' lang='lat' dir='ltr'><strong>&#39;versus</strong></span> <span class='ocrx_word' id='word_1_165' title='bbox 1268 1887 1431 1947; x_wconf 85' lang='lat' dir='ltr'><strong>collocatas</strong></span> <span class='ocrx_word' id='word_1_166' title='bbox 1450 1881 1509 1968; x_wconf 89' lang='lat' dir='ltr'><strong>(ep.</strong></span> <span class='ocrx_word' id='word_1_167' title='bbox 1528 1881 1555 1968; x_wconf 78' lang='lat' dir='ltr'><strong>a)</strong></span> <span class='ocrx_word' id='word_1_168' title='bbox 1574 1889 1629 1944; x_wconf 89' lang='lat' dir='ltr'><strong>aut</strong></span> <span class='ocrx_word' id='word_1_169' title='bbox 1682 1931 1683 1966; x_wconf 88' lang='grc'>,</span> 
     </span>
     <span class='ocr_line' id='line_1_18' title="bbox 357 1967 1683 2059; baseline -0.005 -21"><span class='ocrx_word' id='word_1_170' title='bbox 357 1999 447 2038; x_wconf 90' lang='lat' dir='ltr'><strong>suum</strong></span> <span class='ocrx_word' id='word_1_171' title='bbox 469 1997 589 2038; x_wconf 84' lang='lat' dir='ltr'><strong>versum</strong></span> <span class='ocrx_word' id='word_1_172' title='bbox 612 1976 773 2036; x_wconf 86' lang='lat' dir='ltr'><strong>efficientes</strong></span> <span class='ocrx_word' id='word_1_173' title='bbox 801 1970 870 2059; x_wconf 84' lang='grc' dir='ltr'>(ιιι.</span> <span class='ocrx_word' id='word_1_174' title='bbox 893 1967 941 2056; x_wconf 78' lang='grc'><strong>4);</strong></span> <span class='ocrx_word' id='word_1_175' title='bbox 972 1977 1063 2036; x_wconf 89' lang='lat' dir='ltr'><strong>etiam</strong></span> <span class='ocrx_word' id='word_1_176' title='bbox 1090 1977 1226 2054; x_wconf 89' lang='lat' dir='ltr'><strong>geminae</strong></span> <span class='ocrx_word' id='word_1_177' title='bbox 1250 1977 1397 2053; x_wconf 82' lang='lat' dir='ltr'><strong>tripediae</strong></span> <span class='ocrx_word' id='word_1_178' title='bbox 1421 1977 1510 2054; x_wconf 93' lang='lat' dir='ltr'><strong>epedi</strong></span> <span class='ocrx_word' id='word_1_179' title='bbox 1530 1995 1627 2036; x_wconf 83' lang='lat' dir='ltr'><strong>versus</strong></span> <span class='ocrx_word' id='word_1_180' title='bbox 1682 1969 1683 2032; x_wconf 80' lang='lat' dir='ltr'>j</span> 
     </span>
     <span class='ocr_line' id='line_1_19' title="bbox 357 2065 1683 2143; baseline -0.004 -15"><span class='ocrx_word' id='word_1_181' title='bbox 357 2069 439 2128; x_wconf 91' lang='lat' dir='ltr'><strong>tertii</strong></span> <span class='ocrx_word' id='word_1_182' title='bbox 462 2067 545 2126; x_wconf 84' lang='lat' dir='ltr'><strong>facili</strong></span> <span class='ocrx_word' id='word_1_183' title='bbox 569 2085 659 2143; x_wconf 89' lang='lat' dir='ltr'><strong>opera</strong></span> <span class='ocrx_word' id='word_1_184' title='bbox 681 2066 738 2125; x_wconf 88' lang='lat' dir='ltr'><strong>hae</strong></span> <span class='ocrx_word' id='word_1_185' title='bbox 760 2065 951 2142; x_wconf 87' lang='lat' dir='ltr'><strong>percussione</strong></span> <span class='ocrx_word' id='word_1_186' title='bbox 972 2067 1118 2126; x_wconf 84' lang='lat' dir='ltr'><strong>removeri</strong></span> <span class='ocrx_word' id='word_1_187' title='bbox 1141 2072 1268 2142; x_wconf 87' lang='lat' dir='ltr'><strong>possunt</strong></span> <span class='ocrx_word' id='word_1_188' title='bbox 1682 2071 1683 2080; x_wconf 75' lang='grc'>’</span> 
     </span>
    </p>
   </div>
   <div class='ocr_carea' id='block_1_3' title="bbox 578 2182 1443 2236">
    <p class='ocr_par' dir='ltr' id='par_1_4' title="bbox 578 2182 1443 2236">
     <span class='ocr_line' id='line_1_20' title="bbox 578 2182 1443 2236; baseline 0.002 -2"><span class='ocrx_word' id='word_1_189' title='bbox 578 2211 596 2235; x_wconf 82' lang='grc' dir='ltr'><strong>υ</strong></span> <span class='ocrx_word' id='word_1_190' title='bbox 667 2210 756 2235; x_wconf 66' lang='lat' dir='ltr'><strong>vau</strong></span> <span class='ocrx_word' id='word_1_191' title='bbox 788 2209 934 2236; x_wconf 61' lang='grc' dir='ltr'>υιυυ-</span> <span class='ocrx_word' id='word_1_192' title='bbox 970 2182 1016 2236; x_wconf 70' lang='lat' dir='ltr'><strong>Vel</strong></span> <span class='ocrx_word' id='word_1_193' title='bbox 1051 2209 1443 2236; x_wconf 60' lang='lat' dir='ltr'><strong>‚au-uuawvauu..</strong></span> 
     </span>
    </p>
   </div>
   <div class='ocr_carea' id='block_1_4' title="bbox 356 2294 1683 2808">
    <p class='ocr_par' dir='ltr' id='par_1_5' title="bbox 356 2294 1683 2808">
     <span class='ocr_line' id='line_1_21' title="bbox 357 2294 1622 2377; baseline -0.005 -17"><span class='ocrx_word' id='word_1_194' title='bbox 357 2302 414 2360; x_wconf 90' lang='lat' dir='ltr'><strong>Sed</strong></span> <span class='ocrx_word' id='word_1_195' title='bbox 434 2300 521 2377; x_wconf 91' lang='lat' dir='ltr'><strong>epedi</strong></span> <span class='ocrx_word' id='word_1_196' title='bbox 540 2319 659 2359; x_wconf 87' lang='lat' dir='ltr'><strong>versum</strong></span> <span class='ocrx_word' id='word_1_197' title='bbox 678 2301 803 2376; x_wconf 80' lang='lat' dir='ltr'><strong>sentum,</strong></span> <span class='ocrx_word' id='word_1_198' title='bbox 822 2299 894 2357; x_wconf 88' lang='lat' dir='ltr'><strong>licet</strong></span> <span class='ocrx_word' id='word_1_199' title='bbox 917 2298 947 2356; x_wconf 94' lang='lat' dir='ltr'><strong>in</strong></span> <span class='ocrx_word' id='word_1_200' title='bbox 971 2319 997 2357; x_wconf 89' lang='lat' dir='ltr'><strong>v.</strong></span> <span class='ocrx_word' id='word_1_201' title='bbox 1018 2310 1051 2356; x_wconf 78' lang='lat'><strong>59</strong></span> <span class='ocrx_word' id='word_1_202' title='bbox 1071 2315 1143 2374; x_wconf 83' lang='grc' dir='ltr'>σφιν</span> <span class='ocrx_word' id='word_1_203' title='bbox 1163 2294 1314 2358; x_wconf 81' lang='grc' dir='ltr'>ἀπένεικεν</span> <span class='ocrx_word' id='word_1_204' title='bbox 1334 2297 1546 2377; x_wconf 75' lang='grc' dir='ltr'><strong>ὑπερ-ποντίαν</strong></span> <span class='ocrx_word' id='word_1_205' title='bbox 1562 2299 1622 2374; x_wconf 86' lang='lat' dir='ltr'><strong>ipsa</strong></span> 
     </span>
     <span class='ocr_line' id='line_1_22' title="bbox 356 2387 1622 2466; baseline -0.005 -15"><span class='ocrx_word' id='word_1_206' title='bbox 356 2388 505 2451; x_wconf 87' lang='lat' dir='ltr'><strong>sententia</strong></span> <span class='ocrx_word' id='word_1_207' title='bbox 527 2388 636 2448; x_wconf 89' lang='lat' dir='ltr'><strong>indicio</strong></span> <span class='ocrx_word' id='word_1_208' title='bbox 660 2388 708 2466; x_wconf 88' lang='lat' dir='ltr'><strong>sit,</strong></span> <span class='ocrx_word' id='word_1_209' title='bbox 731 2388 879 2464; x_wconf 89' lang='lat' dir='ltr'><strong>syllabam</strong></span> <span class='ocrx_word' id='word_1_210' title='bbox 902 2407 955 2465; x_wconf 79' lang='grc' dir='ltr'><strong>περ</strong></span> <span class='ocrx_word' id='word_1_211' title='bbox 978 2387 1166 2466; x_wconf 84' lang='lat' dir='ltr'><strong>intumuisse,</strong></span> <span class='ocrx_word' id='word_1_212' title='bbox 1189 2391 1290 2448; x_wconf 87' lang='lat' dir='ltr'><strong>tamen</strong></span> <span class='ocrx_word' id='word_1_213' title='bbox 1312 2388 1472 2465; x_wconf 84' lang='lat' dir='ltr'><strong>tripediam</strong></span> <span class='ocrx_word' id='word_1_214' title='bbox 1491 2389 1520 2447; x_wconf 94' lang='lat' dir='ltr'><strong>in</strong></span> <span class='ocrx_word' id='word_1_215' title='bbox 1538 2387 1622 2447; x_wconf 91' lang='lat' dir='ltr'><strong>ambi·</strong></span> 
     </span>
     <span class='ocr_line' id='line_1_23' title="bbox 357 2477 1623 2554; baseline -0.005 -15"><span class='ocrx_word' id='word_1_216' title='bbox 357 2485 422 2539; x_wconf 93' lang='lat' dir='ltr'><strong>tum</strong></span> <span class='ocrx_word' id='word_1_217' title='bbox 455 2480 584 2538; x_wconf 86' lang='lat' dir='ltr'><strong>duorum</strong></span> <span class='ocrx_word' id='word_1_218' title='bbox 613 2477 791 2537; x_wconf 86' lang='lat' dir='ltr'><strong>ereticorum</strong></span> <span class='ocrx_word' id='word_1_219' title='bbox 818 2477 972 2536; x_wconf 84' lang='lat' dir='ltr'><strong>extrahere</strong></span> <span class='ocrx_word' id='word_1_220' title='bbox 1000 2477 1150 2554; x_wconf 64' lang='lat' dir='ltr'><strong>dubiam</strong></span> <span class='ocrx_word' id='word_1_221' title='bbox 1177 2497 1281 2537; x_wconf 85' lang='lat' dir='ltr'><strong>verum</strong></span> <span class='ocrx_word' id='word_1_222' title='bbox 1314 2479 1338 2537; x_wconf 92' lang='grc' dir='ltr'><strong>ιι</strong></span> <span class='ocrx_word' id='word_1_223' title='bbox 1367 2479 1526 2554; x_wconf 90' lang='lat' dir='ltr'><strong>tripediam</strong></span> <span class='ocrx_word' id='word_1_224' title='bbox 1551 2478 1623 2535; x_wconf 84' lang='lat' dir='ltr'><strong>inter</strong></span> 
     </span>
     <span class='ocr_line' id='line_1_24' title="bbox 357 2567 1683 2646; baseline -0.005 -17"><span class='ocrx_word' id='word_1_225' title='bbox 357 2569 493 2646; x_wconf 91' lang='lat' dir='ltr'><strong>dipodias</strong></span> <span class='ocrx_word' id='word_1_226' title='bbox 521 2568 552 2626; x_wconf 92' lang='lat' dir='ltr'><strong>in</strong></span> <span class='ocrx_word' id='word_1_227' title='bbox 576 2567 705 2626; x_wconf 87' lang='lat' dir='ltr'><strong>carmine</strong></span> <span class='ocrx_word' id='word_1_228' title='bbox 728 2567 991 2643; x_wconf 90' lang='lat' dir='ltr'><strong>hyperohematieo</strong></span> <span class='ocrx_word' id='word_1_229' title='bbox 1014 2567 1085 2625; x_wconf 90' lang='lat' dir='ltr'><strong>ferri</strong></span> <span class='ocrx_word' id='word_1_230' title='bbox 1108 2585 1193 2642; x_wconf 87' lang='lat' dir='ltr'><strong>pesse</strong></span> <span class='ocrx_word' id='word_1_231' title='bbox 1218 2585 1322 2646; x_wconf 77' lang='lat' dir='ltr'><strong>uagae,</strong></span> <span class='ocrx_word' id='word_1_232' title='bbox 1346 2567 1421 2625; x_wconf 89' lang='lat' dir='ltr'><strong>nihil</strong></span> <span class='ocrx_word' id='word_1_233' title='bbox 1444 2567 1621 2643; x_wconf 88' lang='lat' dir='ltr'><strong>relinquitur,</strong></span> <span class='ocrx_word' id='word_1_234' title='bbox 1682 2571 1683 2576; x_wconf 76' lang='grc'>’</span> 
     </span>
     <span class='ocr_line' id='line_1_25' title="bbox 356 2655 1620 2736; baseline -0.004 -19"><span class='ocrx_word' id='word_1_235' title='bbox 356 2659 413 2718; x_wconf 90' lang='lat' dir='ltr'><strong>nisi</strong></span> <span class='ocrx_word' id='word_1_236' title='bbox 435 2661 471 2717; x_wconf 94' lang='lat' dir='ltr'><strong>ut</strong></span> <span class='ocrx_word' id='word_1_237' title='bbox 494 2660 549 2717; x_wconf 86' lang='lat' dir='ltr'><strong>aut</strong></span> <span class='ocrx_word' id='word_1_238' title='bbox 571 2658 679 2736; x_wconf 86' lang='lat' dir='ltr'><strong>longae</strong></span> <span class='ocrx_word' id='word_1_239' title='bbox 702 2655 785 2714; x_wconf 90' lang='lat' dir='ltr'><strong>finali</strong></span> <span class='ocrx_word' id='word_1_240' title='bbox 809 2655 942 2733; x_wconf 87' lang='lat' dir='ltr'><strong>spatium</strong></span> <span class='ocrx_word' id='word_1_241' title='bbox 966 2655 1099 2733; x_wconf 90' lang='lat' dir='ltr'><strong>quinque</strong></span> <span class='ocrx_word' id='word_1_242' title='bbox 1123 2675 1274 2716; x_wconf 89' lang='lat' dir='ltr'><strong>morarum</strong></span> <span class='ocrx_word' id='word_1_243' title='bbox 1297 2657 1413 2716; x_wconf 87' lang='lat' dir='ltr'><strong>tribuas</strong></span> <span class='ocrx_word' id='word_1_244' title='bbox 1432 2659 1488 2716; x_wconf 87' lang='lat' dir='ltr'><strong>aut</strong></span> <span class='ocrx_word' id='word_1_245' title='bbox 1505 2658 1577 2716; x_wconf 92' lang='lat' dir='ltr'><strong>hunc</strong></span> <span class='ocrx_word' id='word_1_246' title='bbox 1593 2655 1620 2712; x_wconf 94' lang='lat' dir='ltr'><strong>in</strong></span> 
     </span>
     <span class='ocr_line' id='line_1_26' title="bbox 356 2745 808 2808; baseline -0.009 0"><span class='ocrx_word' id='word_1_247' title='bbox 356 2749 477 2808; x_wconf 90' lang='lat' dir='ltr'><strong>medum</strong></span> <span class='ocrx_word' id='word_1_248' title='bbox 500 2765 620 2807; x_wconf 87' lang='lat' dir='ltr'><strong>versum</strong></span> <span class='ocrx_word' id='word_1_249' title='bbox 643 2745 808 2805; x_wconf 86' lang='lat' dir='ltr'><strong>dimetiaris</strong></span> 
     </span>
    </p>
   </div>
   <div class='ocr_carea' id='block_1_5' title="bbox 799 2865 1209 2918">
    <p class='ocr_par' dir='ltr' id='par_1_6' title="bbox 799 2865 1209 2918">
     <span class='ocr_line' id='line_1_27' title="bbox 799 2865 1209 2918; baseline 0 -2"><span class='ocrx_word' id='word_1_250' title='bbox 799 2890 853 2916; x_wconf 68' lang='lat' dir='ltr'><strong>Vk!</strong></span> <span class='ocrx_word' id='word_1_251' title='bbox 906 2865 1209 2918; x_wconf 49' lang='lat' dir='ltr'><strong>uisu-uissArss</strong></span> 
     </span>
    </p>
   </div>
   <div class='ocr_carea' id='block_1_6' title="bbox 354 2977 1620 3934">
    <p class='ocr_par' dir='ltr' id='par_1_7' title="bbox 354 2977 1620 3934">
     <span class='ocr_line' id='line_1_28' title="bbox 355 2977 1618 3055; baseline -0.005 -15"><span class='ocrx_word' id='word_1_252' title='bbox 355 2980 495 3040; x_wconf 78' lang='lat' dir='ltr'><strong>Ceterum</strong></span> <span class='ocrx_word' id='word_1_253' title='bbox 518 2980 549 3037; x_wconf 91' lang='lat' dir='ltr'><strong>in</strong></span> <span class='ocrx_word' id='word_1_254' title='bbox 572 2980 628 3038; x_wconf 92' lang='lat' dir='ltr'><strong>hoc</strong></span> <span class='ocrx_word' id='word_1_255' title='bbox 651 2979 781 3038; x_wconf 88' lang='lat' dir='ltr'><strong>carmine</strong></span> <span class='ocrx_word' id='word_1_256' title='bbox 804 2978 948 3055; x_wconf 90' lang='lat' dir='ltr'><strong>paeonico</strong></span> <span class='ocrx_word' id='word_1_257' title='bbox 977 2979 1116 3038; x_wconf 89' lang='lat' dir='ltr'><strong>similiter</strong></span> <span class='ocrx_word' id='word_1_258' title='bbox 1142 2981 1232 3055; x_wconf 87' lang='lat' dir='ltr'><strong>atque</strong></span> <span class='ocrx_word' id='word_1_259' title='bbox 1261 2979 1290 3036; x_wconf 93' lang='lat' dir='ltr'><strong>in</strong></span> <span class='ocrx_word' id='word_1_260' title='bbox 1316 2977 1349 3038; x_wconf 94' lang='grc' dir='ltr'><strong>Ο.</strong></span> <span class='ocrx_word' id='word_1_261' title='bbox 1374 2997 1396 3036; x_wconf 88' lang='grc' dir='ltr'><strong>ιι</strong></span> <span class='ocrx_word' id='word_1_262' title='bbox 1424 2979 1498 3039; x_wconf 89' lang='lat' dir='ltr'><strong>adeo</strong></span> <span class='ocrx_word' id='word_1_263' title='bbox 1525 2978 1618 3037; x_wconf 86' lang='lat' dir='ltr'><strong>divisio</strong></span> 
     </span>
     <span class='ocr_line' id='line_1_29' title="bbox 354 3061 1618 3149; baseline -0.005 -21"><span class='ocrx_word' id='word_1_264' title='bbox 354 3088 457 3128; x_wconf 87' lang='lat' dir='ltr'><strong>versus</strong></span> <span class='ocrx_word' id='word_1_265' title='bbox 476 3069 507 3126; x_wconf 92' lang='lat' dir='ltr'><strong>in</strong></span> <span class='ocrx_word' id='word_1_266' title='bbox 525 3068 615 3145; x_wconf 89' lang='lat' dir='ltr'><strong>pedes</strong></span> <span class='ocrx_word' id='word_1_267' title='bbox 634 3069 797 3145; x_wconf 87' lang='lat' dir='ltr'><strong>praevalet,</strong></span> <span class='ocrx_word' id='word_1_268' title='bbox 815 3071 851 3126; x_wconf 90' lang='lat' dir='ltr'><strong>ut</strong></span> <span class='ocrx_word' id='word_1_269' title='bbox 869 3067 942 3126; x_wconf 90' lang='lat' dir='ltr'><strong>fines</strong></span> <span class='ocrx_word' id='word_1_270' title='bbox 960 3069 1160 3128; x_wconf 89' lang='lat' dir='ltr'><strong>membrorum</strong></span> <span class='ocrx_word' id='word_1_271' title='bbox 1174 3061 1348 3149; x_wconf 81' lang='grc' dir='ltr'>(κώλων)</span> <span class='ocrx_word' id='word_1_272' title='bbox 1320 3088 1368 3126; x_wconf 82' lang='lat' dir='ltr'><strong>vir</strong></span> <span class='ocrx_word' id='word_1_273' title='bbox 1384 3067 1499 3127; x_wconf 90' lang='lat' dir='ltr'><strong>definiri</strong></span> <span class='ocrx_word' id='word_1_274' title='bbox 1518 3067 1618 3144; x_wconf 80' lang='lat' dir='ltr'><strong>possint</strong></span> 
     </span>
     <span class='ocr_line' id='line_1_30' title="bbox 355 3157 1620 3235; baseline -0.004 -18"><span class='ocrx_word' id='word_1_275' title='bbox 355 3179 451 3235; x_wconf 91' lang='lat' dir='ltr'><strong>neque</strong></span> <span class='ocrx_word' id='word_1_276' title='bbox 470 3159 502 3216; x_wconf 91' lang='grc' dir='ltr'><strong>ιιι</strong></span> <span class='ocrx_word' id='word_1_277' title='bbox 521 3158 737 3235; x_wconf 81' lang='lat' dir='ltr'><strong>diagrammate</strong></span> <span class='ocrx_word' id='word_1_278' title='bbox 757 3177 775 3216; x_wconf 89' lang='lat' dir='ltr'><strong>a</strong></span> <span class='ocrx_word' id='word_1_279' title='bbox 793 3178 840 3216; x_wconf 92' lang='lat' dir='ltr'><strong>me</strong></span> <span class='ocrx_word' id='word_1_280' title='bbox 860 3157 957 3216; x_wconf 90' lang='lat' dir='ltr'><strong>notati</strong></span> <span class='ocrx_word' id='word_1_281' title='bbox 977 3158 1099 3218; x_wconf 86' lang='grc' dir='ltr'>ιιιιι.-</span> <span class='ocrx_word' id='word_1_282' title='bbox 1119 3157 1196 3216; x_wconf 81' lang='lat' dir='ltr'><strong>Ctan</strong></span> <span class='ocrx_word' id='word_1_283' title='bbox 1183 3160 1280 3216; x_wconf 91' lang='lat' dir='ltr'><strong>tatum</strong></span> <span class='ocrx_word' id='word_1_284' title='bbox 1300 3162 1346 3216; x_wconf 90' lang='lat' dir='ltr'><strong>est</strong></span> <span class='ocrx_word' id='word_1_285' title='bbox 1363 3177 1482 3217; x_wconf 89' lang='lat' dir='ltr'><strong>carmen</strong></span> <span class='ocrx_word' id='word_1_286' title='bbox 1501 3159 1620 3234; x_wconf 69' lang='lat' dir='ltr'><strong>Cyrenas</strong></span> 
     </span>
     <span class='ocr_line' id='line_1_31' title="bbox 356 3245 1620 3326; baseline -0.005 -19"><span class='ocrx_word' id='word_1_287' title='bbox 356 3248 448 3308; x_wconf 84' lang='lat' dir='ltr'><strong>sacris</strong></span> <span class='ocrx_word' id='word_1_288' title='bbox 466 3247 615 3323; x_wconf 89' lang='lat' dir='ltr'><strong>Apollinis</strong></span> <span class='ocrx_word' id='word_1_289' title='bbox 635 3247 765 3325; x_wconf 77' lang='lat' dir='ltr'><strong>CameiS,</strong></span> <span class='ocrx_word' id='word_1_290' title='bbox 789 3266 865 3324; x_wconf 91' lang='lat' dir='ltr'><strong>quae</strong></span> <span class='ocrx_word' id='word_1_291' title='bbox 886 3267 953 3306; x_wconf 90' lang='lat' dir='ltr'><strong>cum</strong></span> <span class='ocrx_word' id='word_1_292' title='bbox 973 3266 1032 3324; x_wconf 90' lang='lat' dir='ltr'><strong>que</strong></span> <span class='ocrx_word' id='word_1_293' title='bbox 1053 3251 1185 3323; x_wconf 89' lang='lat' dir='ltr'><strong>tempere</strong></span> <span class='ocrx_word' id='word_1_294' title='bbox 1205 3246 1367 3306; x_wconf 78' lang='lat' dir='ltr'><strong>Carrhetus</strong></span> <span class='ocrx_word' id='word_1_295' title='bbox 1386 3249 1492 3326; x_wconf 89' lang='lat' dir='ltr'><strong>auriga</strong></span> <span class='ocrx_word' id='word_1_296' title='bbox 1510 3245 1620 3322; x_wconf 87' lang='lat' dir='ltr'><strong>Delphis</strong></span> 
     </span>
     <span class='ocr_line' id='line_1_32' title="bbox 355 3335 1620 3415; baseline -0.005 -18"><span class='ocrx_word' id='word_1_297' title='bbox 355 3337 485 3397; x_wconf 88' lang='lat' dir='ltr'><strong>redierat</strong></span> <span class='ocrx_word' id='word_1_298' title='bbox 504 3339 672 3415; x_wconf 83' lang='lat' dir='ltr'><strong>agerentur,</strong></span> <span class='ocrx_word' id='word_1_299' title='bbox 687 3337 857 3396; x_wconf 85' lang='lat' dir='ltr'><strong>Arcesilaus</strong></span> <span class='ocrx_word' id='word_1_300' title='bbox 875 3357 926 3396; x_wconf 82' lang='lat' dir='ltr'><strong>rex</strong></span> <span class='ocrx_word' id='word_1_301' title='bbox 946 3337 1002 3396; x_wconf 92' lang='lat' dir='ltr'><strong>hac</strong></span> <span class='ocrx_word' id='word_1_302' title='bbox 1021 3336 1247 3413; x_wconf 85' lang='lat' dir='ltr'><strong>opportunitate</strong></span> <span class='ocrx_word' id='word_1_303' title='bbox 1266 3356 1340 3396; x_wconf 91' lang='lat' dir='ltr'><strong>usus</strong></span> <span class='ocrx_word' id='word_1_304' title='bbox 1359 3335 1620 3414; x_wconf 86' lang='lat' dir='ltr'><strong>est,utvicteria1n</strong></span> 
     </span>
     <span class='ocr_line' id='line_1_33' title="bbox 355 3419 1619 3507; baseline -0.004 -21"><span class='ocrx_word' id='word_1_305' title='bbox 355 3446 442 3486; x_wconf 89' lang='lat' dir='ltr'><strong>suam</strong></span> <span class='ocrx_word' id='word_1_306' title='bbox 464 3426 623 3504; x_wconf 89' lang='lat' dir='ltr'><strong>Pythicam</strong></span> <span class='ocrx_word' id='word_1_307' title='bbox 641 3426 750 3484; x_wconf 89' lang='lat' dir='ltr'><strong>iterum</strong></span> <span class='ocrx_word' id='word_1_308' title='bbox 768 3425 999 3502; x_wconf 88' lang='lat' dir='ltr'><strong>praedicandam</strong></span> <span class='ocrx_word' id='word_1_309' title='bbox 1018 3429 1138 3486; x_wconf 88' lang='lat' dir='ltr'><strong>curaret</strong></span> <span class='ocrx_word' id='word_1_310' title='bbox 1161 3419 1353 3507; x_wconf 76' lang='lat' dir='ltr'><strong>(ef.0.111l..</strong></span> <span class='ocrx_word' id='word_1_311' title='bbox 1386 3426 1509 3485; x_wconf 88' lang='lat' dir='ltr'><strong>Pectam</strong></span> <span class='ocrx_word' id='word_1_312' title='bbox 1530 3429 1619 3484; x_wconf 84' lang='lat' dir='ltr'><strong>aulem</strong></span> 
     </span>
     <span class='ocr_line' id='line_1_34' title="bbox 355 3515 1618 3594; baseline -0.005 -18"><span class='ocrx_word' id='word_1_313' title='bbox 355 3519 542 3594; x_wconf 83' lang='lat' dir='ltr'><strong>praesentem</strong></span> <span class='ocrx_word' id='word_1_314' title='bbox 568 3535 687 3574; x_wconf 89' lang='lat' dir='ltr'><strong>carmen</strong></span> <span class='ocrx_word' id='word_1_315' title='bbox 711 3515 860 3593; x_wconf 84' lang='lat' dir='ltr'><strong>agendum</strong></span> <span class='ocrx_word' id='word_1_316' title='bbox 883 3535 1001 3576; x_wconf 90' lang='lat' dir='ltr'><strong>curasse</strong></span> <span class='ocrx_word' id='word_1_317' title='bbox 1026 3519 1116 3592; x_wconf 91' lang='lat' dir='ltr'><strong>atque</strong></span> <span class='ocrx_word' id='word_1_318' title='bbox 1139 3515 1221 3574; x_wconf 92' lang='lat' dir='ltr'><strong>cheri</strong></span> <span class='ocrx_word' id='word_1_319' title='bbox 1244 3515 1382 3593; x_wconf 88' lang='lat' dir='ltr'><strong>magistri</strong></span> <span class='ocrx_word' id='word_1_320' title='bbox 1405 3534 1525 3574; x_wconf 90' lang='lat' dir='ltr'><strong>munere</strong></span> <span class='ocrx_word' id='word_1_321' title='bbox 1547 3515 1618 3572; x_wconf 83' lang='lat' dir='ltr'><strong>lunc-</strong></span> 
     </span>
     <span class='ocr_line' id='line_1_35' title="bbox 355 3604 1618 3683; baseline -0.006 -18"><span class='ocrx_word' id='word_1_322' title='bbox 355 3610 420 3665; x_wconf 90' lang='lat' dir='ltr'><strong>tum</strong></span> <span class='ocrx_word' id='word_1_323' title='bbox 444 3624 506 3664; x_wconf 91' lang='lat' dir='ltr'><strong>esse</strong></span> <span class='ocrx_word' id='word_1_324' title='bbox 530 3624 565 3663; x_wconf 87' lang='lat' dir='ltr'><strong>ex</strong></span> <span class='ocrx_word' id='word_1_325' title='bbox 588 3625 622 3664; x_wconf 91' lang='lat' dir='ltr'><strong>ee</strong></span> <span class='ocrx_word' id='word_1_326' title='bbox 646 3605 765 3683; x_wconf 86' lang='lat' dir='ltr'><strong>collige,</strong></span> <span class='ocrx_word' id='word_1_327' title='bbox 789 3605 869 3682; x_wconf 95' lang='lat' dir='ltr'><strong>qued</strong></span> <span class='ocrx_word' id='word_1_328' title='bbox 889 3625 914 3664; x_wconf 88' lang='lat' dir='ltr'><strong>v.</strong></span> <span class='ocrx_word' id='word_1_329' title='bbox 936 3616 969 3664; x_wconf 78' lang='lat'><strong>75</strong></span> <span class='ocrx_word' id='word_1_330' title='bbox 989 3605 1119 3683; x_wconf 88' lang='lat' dir='ltr'><strong>Aegidas</strong></span> <span class='ocrx_word' id='word_1_331' title='bbox 1138 3624 1207 3665; x_wconf 91' lang='lat' dir='ltr'><strong>sues</strong></span> <span class='ocrx_word' id='word_1_332' title='bbox 1227 3605 1353 3664; x_wconf 87' lang='lat' dir='ltr'><strong>maiores</strong></span> <span class='ocrx_word' id='word_1_333' title='bbox 1372 3604 1456 3662; x_wconf 85' lang='lat' dir='ltr'><strong>dixit.</strong></span> <span class='ocrx_word' id='word_1_334' title='bbox 1495 3605 1618 3678; x_wconf 86' lang='lat' dir='ltr'><strong>Namque</strong></span> 
     </span>
     <span class='ocr_line' id='line_1_36' title="bbox 356 3691 1618 3773; baseline -0.002 -20"><span class='ocrx_word' id='word_1_335' title='bbox 356 3695 437 3772; x_wconf 87' lang='lat' dir='ltr'><strong>qued</strong></span> <span class='ocrx_word' id='word_1_336' title='bbox 456 3694 648 3773; x_wconf 84' lang='lat' dir='ltr'><strong>Studniezha,</strong></span> <span class='ocrx_word' id='word_1_337' title='bbox 671 3695 789 3772; x_wconf 89' lang='lat' dir='ltr'><strong>Kyrene</strong></span> <span class='ocrx_word' id='word_1_338' title='bbox 808 3717 836 3772; x_wconf 87' lang='lat' dir='ltr'><strong>p.</strong></span> <span class='ocrx_word' id='word_1_339' title='bbox 858 3707 899 3773; x_wconf 78' lang='lat'><strong>74,</strong></span> <span class='ocrx_word' id='word_1_340' title='bbox 920 3695 1011 3754; x_wconf 85' lang='lat' dir='ltr'><strong>verba</strong></span> <span class='ocrx_word' id='word_1_341' title='bbox 1029 3691 1094 3771; x_wconf 81' lang='grc' dir='ltr'>ἐμοι</span> <span class='ocrx_word' id='word_1_342' title='bbox 1112 3691 1231 3770; x_wconf 78' lang='grc' dir='ltr'><strong><em>πατέρες</em></strong></span> <span class='ocrx_word' id='word_1_343' title='bbox 1251 3694 1286 3753; x_wconf 88' lang='lat' dir='ltr'><strong>de</strong></span> <span class='ocrx_word' id='word_1_344' title='bbox 1306 3695 1394 3754; x_wconf 91' lang='lat' dir='ltr'><strong>chero</strong></span> <span class='ocrx_word' id='word_1_345' title='bbox 1414 3693 1618 3770; x_wconf 82' lang='lat' dir='ltr'><strong>Cyrenaeorum</strong></span> 
     </span>
     <span class='ocr_line' id='line_1_37' title="bbox 354 3782 1616 3861; baseline -0.003 -19"><span class='ocrx_word' id='word_1_346' title='bbox 354 3782 527 3861; x_wconf 87' lang='lat' dir='ltr'><strong>accipienda</strong></span> <span class='ocrx_word' id='word_1_347' title='bbox 557 3804 620 3845; x_wconf 91' lang='lat' dir='ltr'><strong>esse</strong></span> <span class='ocrx_word' id='word_1_348' title='bbox 650 3789 754 3861; x_wconf 87' lang='lat' dir='ltr'><strong>putat,</strong></span> <span class='ocrx_word' id='word_1_349' title='bbox 785 3785 815 3843; x_wconf 91' lang='lat' dir='ltr'><strong>id</strong></span> <span class='ocrx_word' id='word_1_350' title='bbox 845 3787 950 3844; x_wconf 90' lang='lat' dir='ltr'><strong>contra</strong></span> <span class='ocrx_word' id='word_1_351' title='bbox 977 3787 1164 3844; x_wconf 87' lang='lat' dir='ltr'><strong>constantem</strong></span> <span class='ocrx_word' id='word_1_352' title='bbox 1191 3803 1280 3842; x_wconf 88' lang='lat' dir='ltr'><strong>usum</strong></span> <span class='ocrx_word' id='word_1_353' title='bbox 1310 3783 1432 3842; x_wconf 91' lang='lat' dir='ltr'><strong>Pindari</strong></span> <span class='ocrx_word' id='word_1_354' title='bbox 1462 3787 1571 3860; x_wconf 73' lang='lat' dir='ltr'><strong>peccat,</strong></span> <span class='ocrx_word' id='word_1_355' title='bbox 1595 3799 1616 3838; x_wconf 86' lang='lat' dir='ltr'><strong>v.</strong></span> 
     </span>
     <span class='ocr_line' id='line_1_38' title="bbox 355 3873 545 3934; baseline 0.005 -2"><span class='ocrx_word' id='word_1_356' title='bbox 355 3873 434 3934; x_wconf 91' lang='lat' dir='ltr'><strong>Prol.</strong></span> <span class='ocrx_word' id='word_1_357' title='bbox 454 3892 545 3933; x_wconf 82' lang='lat' dir='ltr'><strong>xevn.</strong></span> 
     </span>
    </p>
   </div>
   <div class='ocr_carea' id='block_1_7' title="bbox 565 4043 1420 4454">
    <p class='ocr_par' dir='ltr' id='par_1_8' title="bbox 565 4043 1420 4347">
     <span class='ocr_line' id='line_1_39' title="bbox 565 4043 1420 4131; baseline -0.001 -20"><span class='ocrx_word' id='word_1_358' title='bbox 565 4043 600 4111; x_wconf 87' lang='lat'><strong>‘0</strong></span> <span class='ocrx_word' id='word_1_359' title='bbox 622 4051 766 4123; x_wconf 76' lang='grc' dir='ltr'><strong>πλοῦτος</strong></span> <span class='ocrx_word' id='word_1_360' title='bbox 788 4046 1008 4131; x_wconf 80' lang='grc' dir='ltr'><strong>εὐρυσθενής,</strong></span> <span class='ocrx_word' id='word_1_361' title='bbox 1273 4051 1352 4131; x_wconf 88' lang='grc' dir='ltr'><strong><em>Στρ.</em></strong></span> <span class='ocrx_word' id='word_1_362' title='bbox 1377 4045 1420 4110; x_wconf 90' lang='grc' dir='ltr'><strong>α’.</strong></span> 
     </span>
     <span class='ocr_line' id='line_1_40' title="bbox 569 4153 1227 4241; baseline 0.003 -24"><span class='ocrx_word' id='word_1_363' title='bbox 569 4153 649 4218; x_wconf 83' lang='grc' dir='ltr'><strong><em>ὅταν</em></strong></span> <span class='ocrx_word' id='word_1_364' title='bbox 672 4178 723 4230; x_wconf 80' lang='grc' dir='ltr'><strong>τις</strong></span> <span class='ocrx_word' id='word_1_365' title='bbox 745 4153 846 4241; x_wconf 82' lang='grc' dir='ltr'><strong><em>ἀρετᾷ</em></strong></span> <span class='ocrx_word' id='word_1_366' title='bbox 870 4153 1070 4239; x_wconf 78' lang='grc' dir='ltr'><strong>κεκραμένον</strong></span> <span class='ocrx_word' id='word_1_367' title='bbox 1093 4161 1227 4240; x_wconf 79' lang='grc' dir='ltr'><strong><em>καθαρᾷ</em></strong></span> 
     </span>
     <span class='ocr_line' id='line_1_41' title="bbox 569 4260 1004 4347; baseline 0 -22"><span class='ocrx_word' id='word_1_368' title='bbox 569 4264 745 4346; x_wconf 80' lang='grc' dir='ltr'>βροτήσιος</span> <span class='ocrx_word' id='word_1_369' title='bbox 768 4260 853 4347; x_wconf 75' lang='grc' dir='ltr'><strong><em>ἀνὴρ</em></strong></span> <span class='ocrx_word' id='word_1_370' title='bbox 876 4265 1004 4345; x_wconf 76' lang='grc' dir='ltr'>πότμου</span> 
     </span>
    </p>

    <p class='ocr_par' dir='ltr' id='par_1_9' title="bbox 613 4368 1094 4454">
     <span class='ocr_line' id='line_1_42' title="bbox 613 4368 1094 4454; baseline 0.002 -21"><span class='ocrx_word' id='word_1_371' title='bbox 613 4369 822 4453; x_wconf 76' lang='grc' dir='ltr'><strong><em>παραδόντος</em></strong></span> <span class='ocrx_word' id='word_1_372' title='bbox 844 4369 948 4434; x_wconf 82' lang='grc' dir='ltr'><strong><em>αὐτὸν</em></strong></span> <span class='ocrx_word' id='word_1_373' title='bbox 971 4368 1094 4454; x_wconf 76' lang='grc' dir='ltr'><strong>ἀνοίγῃ,</strong></span> 
     </span>
    </p>
   </div>
   <div class='ocr_carea' id='block_1_8' title="bbox 357 4537 1614 4762">
    <p class='ocr_par' dir='ltr' id='par_1_10' title="bbox 357 4537 1614 4757">
     <span class='ocr_line' id='line_1_43' title="bbox 427 4537 1614 4636; baseline -0.001 -38"><span class='ocrx_word' id='word_1_374' title='bbox 427 4562 509 4598; x_wconf 75' lang='lat' dir='ltr'><strong>raam</strong></span> <span class='ocrx_word' id='word_1_375' title='bbox 526 4563 632 4599; x_wconf 80' lang='lat' dir='ltr'><strong>anemo.</strong></span> <span class='ocrx_word' id='word_1_376' title='bbox 668 4545 752 4598; x_wconf 85' lang='lat' dir='ltr'><strong>Inscr.</strong></span> <span class='ocrx_word' id='word_1_377' title='bbox 773 4561 826 4598; x_wconf 91' lang='lat' dir='ltr'><strong>em.</strong></span> <span class='ocrx_word' id='word_1_378' title='bbox 843 4545 880 4612; x_wconf 89' lang='lat' dir='ltr'><strong>B,</strong></span> <span class='ocrx_word' id='word_1_379' title='bbox 898 4549 936 4616; x_wconf 83' lang='grc' dir='ltr'><strong>τῷ</strong></span> <span class='ocrx_word' id='word_1_380' title='bbox 955 4544 1030 4616; x_wconf 80' lang='grc' dir='ltr'><strong><em>αὐτῳ</em></strong></span> <span class='ocrx_word' id='word_1_381' title='bbox 1051 4544 1078 4612; x_wconf 84' lang='lat'><strong>0,</strong></span> <span class='ocrx_word' id='word_1_382' title='bbox 1099 4549 1137 4616; x_wconf 86' lang='grc' dir='ltr'><strong>τῷ</strong></span> <span class='ocrx_word' id='word_1_383' title='bbox 1157 4545 1232 4616; x_wconf 75' lang='grc' dir='ltr'><strong><em>αὐτῷ</em></strong></span> <span class='ocrx_word' id='word_1_384' title='bbox 1242 4543 1410 4636; x_wconf 75' lang='grc' dir='ltr'>Ἀρκεσιλάῳ</span> <span class='ocrx_word' id='word_1_385' title='bbox 1428 4543 1507 4598; x_wconf 91' lang='lat' dir='ltr'><strong>D-</strong></span> <span class='ocrx_word' id='word_1_386' title='bbox 1527 4537 1614 4594; x_wconf 73' lang='lat' dir='ltr'><strong>SchOl·</strong></span> 
     </span>
     <span class='ocr_line' id='line_1_44' title="bbox 357 4599 1614 4698; baseline -0.007 -28"><span class='ocrx_word' id='word_1_387' title='bbox 357 4614 511 4686; x_wconf 78' lang='grc' dir='ltr'>γέγραπται</span> <span class='ocrx_word' id='word_1_388' title='bbox 529 4617 578 4671; x_wconf 78' lang='grc' dir='ltr'><strong>καὶ</strong></span> <span class='ocrx_word' id='word_1_389' title='bbox 596 4614 666 4685; x_wconf 73' lang='grc' dir='ltr'><strong><em>αὕτη</em></strong></span> <span class='ocrx_word' id='word_1_390' title='bbox 687 4616 779 4684; x_wconf 64' lang='lat' dir='ltr'><strong>bridi]</strong></span> <span class='ocrx_word' id='word_1_391' title='bbox 794 4615 941 4684; x_wconf 76' lang='grc' dir='ltr'>νικήσαντι</span> <span class='ocrx_word' id='word_1_392' title='bbox 960 4621 998 4688; x_wconf 81' lang='grc' dir='ltr'><strong>τῷ</strong></span> <span class='ocrx_word' id='word_1_393' title='bbox 1021 4617 1096 4689; x_wconf 80' lang='grc' dir='ltr'><strong><em>αυτῷ</em></strong></span> <span class='ocrx_word' id='word_1_394' title='bbox 1112 4599 1305 4698; x_wconf 59' lang='lat' dir='ltr'><strong>Messeniae*</strong></span> <span class='ocrx_word' id='word_1_395' title='bbox 1287 4635 1390 4685; x_wconf 83' lang='grc' dir='ltr'>αρματι</span> <span class='ocrx_word' id='word_1_396' title='bbox 1404 4616 1456 4684; x_wconf 81' lang='grc' dir='ltr'><strong>τὴν</strong></span> <span class='ocrx_word' id='word_1_397' title='bbox 1469 4609 1614 4683; x_wconf 71' lang='grc' dir='ltr'>τριακοστὴν</span> 
     </span>
     <span class='ocr_line' id='line_1_45' title="bbox 358 4670 1474 4762; baseline 0 -22"><span class='ocrx_word' id='word_1_398' title='bbox 358 4688 471 4755; x_wconf 78' lang='grc' dir='ltr'><strong><em>πρώτην</em></strong></span> <span class='ocrx_word' id='word_1_399' title='bbox 490 4685 678 4742; x_wconf 77' lang='grc' dir='ltr'><strong><em>Παθιάδα-</em></strong></span> <span class='ocrx_word' id='word_1_400' title='bbox 692 4693 717 4741; x_wconf 74' lang='lat' dir='ltr'><strong>a.</strong></span> <span class='ocrx_word' id='word_1_401' title='bbox 737 4689 824 4762; x_wconf 77' lang='grc' dir='ltr'><strong><em>ἀρετᾷ</em></strong></span> <span class='ocrx_word' id='word_1_402' title='bbox 846 4687 926 4742; x_wconf 91' lang='lat' dir='ltr'><strong>cedd.</strong></span> <span class='ocrx_word' id='word_1_403' title='bbox 942 4689 971 4742; x_wconf 89' lang='lat' dir='ltr'><strong>et</strong></span> <span class='ocrx_word' id='word_1_404' title='bbox 982 4670 1089 4742; x_wconf 58' lang='lat' dir='ltr'><strong>&#39;Aschel</strong></span> <span class='ocrx_word' id='word_1_405' title='bbox 1109 4687 1178 4761; x_wconf 78' lang='lat' dir='ltr'><strong>dpye&#39;r</strong></span> <span class='ocrx_word' id='word_1_406' title='bbox 1198 4671 1269 4741; x_wconf 89' lang='lat' dir='ltr'><strong>coni.</strong></span> <span class='ocrx_word' id='word_1_407' title='bbox 1284 4687 1427 4741; x_wconf 89' lang='lat' dir='ltr'><strong>Hermann</strong></span> <span class='ocrx_word' id='word_1_408' title='bbox 1442 4719 1474 4726; x_wconf 91' lang='lat'><strong>—-</strong></span> 
     </span>
    </p>
   </div>
   <div class='ocr_carea' id='block_1_9' title="bbox 429 4827 1609 4885">
    <p class='ocr_par' dir='ltr' id='par_1_11' title="bbox 429 4827 1609 4885">
     <span class='ocr_line' id='line_1_46' title="bbox 429 4827 1609 4885; baseline -0.001 -3"><span class='ocrx_word' id='word_1_409' title='bbox 429 4848 618 4883; x_wconf 68' lang='lat' dir='ltr'><strong>cormarrino.</strong></span> <span class='ocrx_word' id='word_1_410' title='bbox 654 4849 679 4885; x_wconf 88' lang='lat' dir='ltr'><strong>v.</strong></span> <span class='ocrx_word' id='word_1_411' title='bbox 696 4837 719 4884; x_wconf 91' lang='lat'><strong>1.</strong></span> <span class='ocrx_word' id='word_1_412' title='bbox 740 4828 856 4883; x_wconf 84' lang='lat' dir='ltr'><strong>divitias</strong></span> <span class='ocrx_word' id='word_1_413' title='bbox 875 4847 938 4884; x_wconf 90' lang='lat' dir='ltr'><strong>cum</strong></span> <span class='ocrx_word' id='word_1_414' title='bbox 957 4830 1060 4884; x_wconf 82' lang='lat' dir='ltr'><strong>virtute</strong></span> <span class='ocrx_word' id='word_1_415' title='bbox 1080 4830 1241 4885; x_wconf 85' lang='lat' dir='ltr'><strong>coniunctae</strong></span> <span class='ocrx_word' id='word_1_416' title='bbox 1261 4828 1392 4884; x_wconf 84' lang='lat' dir='ltr'><strong>similiter</strong></span> <span class='ocrx_word' id='word_1_417' title='bbox 1410 4829 1508 4884; x_wconf 90' lang='lat' dir='ltr'><strong>laudat</strong></span> <span class='ocrx_word' id='word_1_418' title='bbox 1524 4827 1551 4881; x_wconf 86' lang='grc'>0</span> <span class='ocrx_word' id='word_1_419' title='bbox 1564 4837 1609 4876; x_wconf 70' lang='grc' dir='ltr'><strong>ιιι</strong></span> 
     </span>
    </p>
   </div>
   <div class='ocr_carea' id='block_1_10' title="bbox 0 0 1714 5434">
    <p class='ocr_par' dir='ltr' id='par_1_12' title="bbox 0 0 1714 5434">
     <span class='ocr_line' id='line_1_47' title="bbox 0 0 1714 5434; baseline 0 1"><span class='ocrx_word' id='word_1_420' title='bbox 0 0 1714 5434; x_wconf 95' lang='lat' dir='ltr'><strong> </strong></span> 
     </span>
    </p>
   </div>
  </div>
 </body>
</html>
