3417 5434
326 309 412 366 LXIV
828 311 1107 366 Psonacousus.

323 476 477 542 Pontium
500 481 666 561 venerunt,
689 475 782 541 ludos
805 477 984 563 gymnicos,
1006 482 1044 542 ut
1063 475 1125 542 diis
1145 474 1262 541 salutis
1281 473 1422 562 gratiam
1440 477 1613 559 referrent,

323 581 578 671 instituerunt.¹)

413 691 475 768 Qui
494 692 660 776 hucusque
679 715 699 756 a
718 715 769 756 me
788 692 940 758 recensiti
960 695 1037 757 sunt
1054 690 1122 755 ludi
1143 691 1228 776 apud
1245 691 1409 756 Romanos
1424 691 1611 776 concaptivi

325 800 500 864 audiebant
507 797 541 884 2),
566 799 652 884 quod
674 798 821 884 plerique
840 821 953 864 eorum
972 800 1013 864 ab
1032 798 1231 882 hominibus,
1254 821 1328 863 cum
1346 799 1444 864 rebus
1463 798 1611 862 adversis

325 906 471 992 oppressi
500 928 519 970 a
546 905 595 970 dis
625 905 781 971 auxilium
808 911 972 991 peterent,
999 906 1165 991 conceptis
1189 907 1297 971 verbis
1319 905 1390 969 voti
1413 910 1516 970 erant.
1558 905 1611 968 Ex

324 1014 376 1079 his
399 1014 468 1078 nati
493 1017 569 1077 sunt
592 1013 724 1078 annales
748 1017 782 1079 et
806 1013 885 1077 stati
909 1013 1145 1097 sollemnesque
1169 1010 1394 1100 (περιοδικοί).
1434 1011 1611 1078 Crescente

325 1121 410 1186 enim
434 1121 648 1186 certaminum
672 1119 780 1185 studio
800 1124 834 1185 et
850 1120 1018 1185 hominnm
1040 1121 1258 1185 aemulatione
1277 1120 1380 1204 ludos,
1403 1141 1486 1204 quos
1508 1119 1611 1184 semel
1694 1140 1695 1153 ¹

326 1232 490 1312 voverant,
513 1233 570 1292 aut
593 1249 658 1292 uno
682 1248 811 1311 quoque
831 1250 916 1292 anno
935 1233 992 1292 aut
1010 1228 1159 1312 pluribus
1177 1227 1357 1293 interiectis
1377 1227 1470 1292 annis
1489 1227 1610 1290 iterare

325 1339 507 1420 coeperunt.
551 1334 681 1421 Insigne
703 1335 800 1402 huius
823 1335 983 1400 transitus
1007 1334 1190 1420 exemplum
1212 1334 1324 1418 Pythii
1347 1335 1415 1399 ludi
1442 1334 1612 1419 praebent,

325 1444 381 1529 qui
404 1442 641 1528 cumprimum
664 1443 808 1508 inbello
832 1441 964 1508 Crisaeo
989 1443 1067 1507 urbe
1091 1442 1236 1507 hostium
1264 1445 1449 1527 expugnata
1476 1442 1547 1506 voti
1578 1447 1611 1504 et

324 1551 389 1616 acti
421 1554 543 1633 essent,
575 1555 689 1634 postea
722 1550 762 1613 ad
791 1549 955 1634 exemplar
982 1548 1226 1634 Olympioorum
1258 1549 1430 1614 sollemnes
1462 1548 1542 1612 facti
1577 1555 1611 1612 et

325 1658 439 1742 quinto
468 1678 595 1742 quoque
624 1679 709 1720 anno
737 1657 848 1722 iterati
876 1660 961 1720 sunt.
1004 1655 1167 1721 Paulatim
1194 1656 1294 1720 etiam
1322 1679 1396 1720 cum
1425 1656 1611 1740 concaptivi

324 1765 391 1829 ludi
415 1786 480 1829 non
496 1769 760 1848 praecesserant,
783 1763 877 1828 ludos
901 1768 1006 1829 statos
1034 1763 1205 1828 inst'tuere
1233 1767 1417 1847 coeperunt.
1458 1762 1610 1846 Namque

325 1871 508 1936 sacerdotes
537 1875 570 1934 et
597 1870 779 1936 civitatium
807 1877 964 1956 rectores,
997 1894 1071 1936 oum
1100 1870 1249 1935 homines
1280 1870 1435 1935 feriantes
1467 1870 1610 1934 maxime

323 1979 408 2043 ludis
432 1977 586 2042 delectari
610 1982 642 2042 et
666 1977 820 2043 feriarum
843 1979 1048 2063 splendorem
1070 1977 1257 2042 hominibus
1284 1977 1426 2062 undique
1449 1977 1491 2042 ad
1512 1977 1611 2040 ludos

325 2091 381 2149 aut
396 2086 589 2170 spectandos
605 2091 660 2149 aut
676 2086 841 2150 obeundos
858 2085 1097 2151 confluentibus
1110 2105 1307 2170 magnopere
1319 2084 1431 2171 augeri
1440 2085 1612 2169 vidissent,

325 2193 424 2258 sacris
453 2193 586 2256 deorum
615 2196 648 2255 et
675 2191 815 2256 maxime
843 2193 978 2258 heroum
1005 2193 1098 2256 ludos
1127 2192 1335 2274 addiderunt,
1362 2196 1399 2256 ut
1426 2196 1459 2255 et
1487 2191 1532 2255 dii
1554 2192 1609 2276 pie

325 2305 498 2384 sancteque
523 2299 706 2364 colerentur
729 2304 761 2364 et
780 2299 928 2365 homines
947 2300 1051 2384 epulis
1070 2299 1211 2384 publicis
1226 2299 1503 2383 certaminumque
1518 2298 1609 2362 omni
1694 2304 1695 2353 ἒ

325 2429 442 2494 genere
467 2405 711 2472 delectarentur.
752 2407 863 2492 Atque
891 2408 976 2491 quod
1004 2407 1140 2472 heroum
1166 2407 1375 2492 potissimum
1403 2428 1477 2470 cum
1506 2407 1610 2470 sacris

323 2513 416 2580 ludos
440 2514 686 2596 coniunxerunt,
708 2514 782 2579 inde
805 2515 930 2579 factum
953 2520 1013 2598 est,
1037 2514 1123 2598 quod
1146 2513 1198 2578 dei
1215 2536 1281 2578 non
1301 2514 1485 2578 moriuntur
1502 2535 1609 2596 neque

324 2621 473 2706 sepulcra
497 2643 609 2685 eorum
632 2625 771 2706 exstant,
794 2621 889 2687 ludos
913 2626 1031 2704 autem,
1055 2643 1129 2684 cum
1152 2621 1397 2705 antiquissimos
1420 2625 1454 2685 et
1472 2621 1611 2686 sanctis-

324 2729 424 2794 simos
452 2727 604 2792 funebres
632 2727 732 2792 fuisse
761 2728 823 2792 sibi
851 2728 1103 2813 persuasissent,
1136 2751 1236 2813 prope
1267 2728 1411 2793 tumulos
1440 2731 1473 2791 et
1500 2726 1610 2812 sepul·
1694 2752 1695 2759 ¹

324 2834 424 2899 oralia
438 2837 649 2898 monumenta
664 2855 758 2920 agere
774 2835 931 2900 solebant.
965 2835 1119 2920 Inprimis
1138 2857 1214 2900 vero
1234 2839 1326 2900 sexto
1345 2834 1474 2900 saeculo
1490 2856 1517 2898 a.
1532 2831 1609 2899 Chr.

324 2941 454 3025 tyranni
478 2938 662 3006 Clisthenes
687 2939 859 3026 Sicyonius
887 2947 920 3006 et
942 2941 1118 3007 Periander
1141 2941 1330 3008 Corinthius
1358 2947 1390 3007 et
1413 2941 1610 3006 Pisistratus

324 3046 533 3111 Atheniensis
552 3047 702 3112 ludorum
715 3048 779 3112 hoc
793 3048 938 3113 studium
952 3049 1073 3114 fovisse
1093 3054 1126 3114 et
1143 3072 1311 3115 sacrorum
1330 3049 1609 3132 certaminumque

323 3154 493 3239 splendore
522 3154 641 3219 civium
670 3155 794 3220 animos
824 3155 888 3221 sibi
911 3156 1093 3221 devinxisse
1116 3155 1308 3243 videntur.⁸)
1358 3156 1397 3220 In
1419 3155 1609 3220 adornando
1694 3228 1695 3233 η

324 3266 433 3326 autem
452 3261 514 3328 hoc
531 3283 617 3326 novo
637 3283 753 3347 genere
772 3261 924 3328 ludorum
942 3264 1082 3349 vestigia
1100 3268 1245 3329 veterum
1264 3263 1426 3349 legebant.
1447 3263 1609 3346 'Namque

324 3368 411 3452 quod
437 3369 551 3454 primis
582 3368 695 3433 diebus
730 3391 821 3434 sacra
853 3370 916 3434 diis
948 3370 1112 3436 faciebant
1144 3375 1177 3434 et
1208 3369 1311 3434 finitis
1343 3370 1473 3434 demum
1506 3370 1610 3434 sacris

324 3475 451 3540 animos
473 3475 643 3540 hominum
670 3475 755 3541 ludis
784 3476 1023 3560 exhilarabant,
1051 3477 1114 3542 hoc
1143 3500 1182 3542 ex
1208 3476 1370 3541 institutis
1398 3480 1547 3540 veterum
1574 3481 1610 3539 et

324 3583 586 3666 concaptivorum
611 3583 761 3648 ludorum
784 3589 961 3650 traxerunt.
1004 3585 1167 3650 Nimirum
1190 3585 1226 3648 in
1248 3583 1300 3649 his
1324 3604 1454 3669 quoque
1482 3582 1609 3667 pietate

323 3688 493 3754 hominum
516 3695 549 3755 et
572 3690 706 3774 antiquo
730 3713 792 3756 usu
815 3691 977 3756 sancitum
1000 3695 1083 3775 erat,
1113 3695 1151 3754 ut
1173 3689 1362 3776 prinsquam
1386 3688 1427 3753 ad
1454 3688 1609 3752 ludorum

323 3795 525 3862 hilaritatem
552 3797 796 3883 descenderent,
827 3802 924 3863 antea
951 3799 1028 3864 deos
1057 3802 1090 3862 et
1118 3819 1228 3862 manes
1256 3801 1460 3861 mortuorum
1487 3795 1610 3860 hostiis

324 3903 461 3989 aliisque
481 3904 648 3970 sacrificiis
667 3904 841 3990 placarent.
880 3903 1123 3989 Olympicarum
1142 3904 1271 3988 quidem
1290 3903 1445 3967 feriarum
1464 3903 1610 3987 quinque
1694 3972 1695 3985 ,

324 4011 392 4076 dies
416 4012 578 4095 quomodo
601 4012 687 4076 inter
711 4034 803 4077 sacra
826 4012 867 4077 ad
890 4035 963 4076 aras
986 4013 1120 4077 deornm
1143 4011 1291 4082 facienda
1315 4015 1347 4074 et
1370 4009 1461 4075 varia
1487 4032 1611 4095 genera

324 4117 538 4182 certaminum
561 4117 729 4183 distributi
752 4118 877 4184 fuerint
899 4141 1096 4203 quamquam
1118 4141 1185 4182 non
1209 4117 1298 4182 omni
1321 4121 1476 4201 exparte
1500 4118 1611 4202 explo-
1694 4136 1695 4139 ’

223 4237 230 4246 ’
323 4229 431 4290 ratum
454 4229 516 4309 est,
540 4226 602 4291 hoc
626 4231 736 4290 tamen
758 4231 901 4309 constat,
932 4248 1024 4290 sacra
1046 4225 1197 4290 ludorum
1226 4247 1300 4291 cum
1327 4224 1478 4288 ludorum
1506 4229 1611 4289 certa-

416 4420 442 4484 1)
460 4435 486 4470 r.
497 4417 621 4489 Xenoph.
637 4418 721 4473 anab.
735 4439 764 4472 1v
774 4425 798 4482 8,
809 4424 857 4486 253
877 4418 912 4474 cf.
923 4418 1032 4473 Arrian.
1048 4419 1130 4474 anab.
1141 4438 1181 4472 vn
1192 4424 1233 4487 14,
1244 4423 1268 4472 1.
1301 4418 1342 4472 De
1357 4417 1473 4472 Soteriis
1487 4417 1609 4488 Delphis
1694 4442 1695 4495 3

324 4487 612 4558 postGallosvictos
631 4494 660 4545 et
679 4490 806 4544 deludis
825 4489 950 4544 Achaeis
972 4493 1036 4560 post
1058 4491 1206 4545 victoriam
1229 4490 1305 4559 apud
1328 4489 1442 4543 Actium
1464 4489 1608 4543 institutis
1694 4524 1695 4531 κ

326 4559 420 4613 omnia
437 4562 515 4614 nota.

414 4635 440 4701 2)
460 4631 548 4686 Varro
568 4631 593 4686 d.
613 4631 681 4714 ling.
701 4632 751 4687 lat.
771 4651 800 4686 ur
815 4639 858 4688 26.

415 4707 441 4773 8)
461 4721 485 4758 v.
496 4703 572 4772 Bury
581 4703 611 4757 in
621 4704 744 4758 editione
754 4704 870 4759 Pindari
880 4703 1057 4774 Nemeorum,
1071 4705 1275 4773 Lond0n1sao,
1290 4703 1444 4775 appendD
1458 4723 1485 4774 p.
1495 4708 1548 4758 248
1557 4723 1610 4760 ss:

325 4773 424 4845 Origin
443 4774 475 4830 of
490 4774 539 4829 the
557 4778 639 4846 great
656 4792 762 4847 gamas.
1029 4797 1033 4804 ·
