3417 5434
626 379 751 431 nuum
769 379 818 430 ΙΙΙ.

133 546 250 631 πέμπω
273 540 473 629 μεμιγμένον
496 539 569 626 με’λι
592 545 698 628 λευκῷ

134 656 200 718 σὺν
221 652 373 734 γάλακτι,
396 647 577 734 κιρναμένα
601 645 633 712 d’
659 644 745 732 ἔερσ’
762 642 942 730 -ἀμφέπει,

132 757 212 845 πόμ’
239 757 394 842 ἀοίδιμον
416 759 580 841 Αἰολῇσιν
604 754 641 820 έν
663 765 820 820 πνοαῖσιν
842 753 966 836 αὐλῶν,

82 993 115 1038 80
134 973 201 1051 ὀψέ
220 996 290 1058 περ.
328 969 450 1037 ἔστιδ’
476 971 584 1048 αἰετὸς
606 969 694 1045 ὠκὺς
717 968 753 1034 έν
775 979 942 1048 ποτανοῖς,
1172 965 1237 1031 'Ero
1261 966 1306 1032 δ’.

134 1082 173 1157 ὃς
196 1083 314 1164 ἔλαβεν
337 1074 429 1162 αἶψα,
452 1079 574 1161 τηλόθε
597 1078 865 1161 μεταμαιόμενος,
1311 1092 1361 1138 140

181 1187 347 1272 δαφοινὸν
370 1187 492 1271 όγ-ραν
514 1188 626 1249 ποσίν·

134 1293 292 1380 κραγέται
316 1289 353 1358 δὲ
375 1289 518 1357 κολοι-ολ
540 1291 678 1356 ταπεινὰ
700 1288 865 1374 νέμονται.

134 1406 190 1468 τίν
213 1425 250 1484 γε
272 1398 344 1485 μέν,
367 1400 535 1485 εὐθρόνου
558 1401 687 1474 Κλεοῦς
710 1396 835 1462 ἐθελοί-

181 1526 258 1591 σας,
280 1506 493 1591 ἀεθλοφόρου
509 1507 679 1589 -λήματος
701 1502 812 1569 ἕνεκεν

137 1615 269 1701 Νεμέας
288 1612 532 1696 Ἐπιδαυρόθεν
555 1610 585 1676 τ’

181 1723 247 1787 ἄπο
269 1720 325 1786 καὶ
349 1721 517 1806 Μεγάρων
540 1719 713 1805 ὃέόορ-ιιεν
736 1719 830 1804 φάος.

85 1915 190 1986 Bergk:
211 1914 311 1968 ἄπεστι
324 1914 404 1968 codd.
420 1915 449 1967 et
462 1912 548 1968 schol.
563 1945 598 1952 -
611 1911 643 1966 τό
657 1909 690 1966 δέ
703 1932 730 1966 τι
743 1912 773 1967 D
787 1944 820 1952 —
836 1918 878 1968 77,
893 1913 983 1984 suppl.
999 1913 1028 1966 in
1042 1930 1130 1984 marg.
1145 1914 1175 1967 D
1191 1945 1223 1953 -
1240 1921 1281 1968 79.
1297 1911 1359 1968 λλο-

85 1992 162 2058 λῇοιν
185 1985 313 2041 Boeckh:
338 1983 457 2040 αλολέτιν
479 1985 542 2039 BD
569 2016 604 2024 -
630 1992 764 2038 πνοαῖσιν
791 1985 828 2039 V:
853 1993 955 2047 πνοαῖς
973 1985 1035 2039 BD
1064 2016 1096 2026 —
1126 1990 1168 2040 80.
1192 2004 1251 2040 πετ.
1271 1985 1301 2039 D
1328 2016 1360 2026 —

85 2063 125 2113 83.
145 2062 246 2120 πλεους
263 2057 306 2111 D:
325 2061 434 2120 ιιλειοῦς
452 2057 493 2126 Β,
512 2055 591 2118 πλοὸς
615 2056 651 2122 V3
670 2055 742 2109 conf.
762 2054 841 2109 Pind.
862 2055 895 2111 fr.
911 2071 957 2110 σοι.

87 2207 126 2256 77.
145 2200 231 2255 suavi
248 2201 278 2254 ot
295 2200 367 2254 beno
385 2200 542 2269 temperato
561 2198 641 2268 potui
661 2215 742 2252 ouum
764 2214 877 2253 carmen
901 2201 1046 2269 comparat
1063 2199 1143 2254 tibiis
1162 2199 1275 2255 Aeolioc
1292 2203 1364 2254 tcm-

85 2272 191 2342 pcratis
211 2271 377 2338 canendum,
391 2270 421 2324 id
436 2271 511 2352 quod
526 2287 590 2324 cum
603 2269 696 2339 ipsum
709 2286 759 2338 per
773 2286 803 2324 oo
817 2268 922 2324 bonam
936 2271 1104 2325 sententiam
1118 2271 1262 2353 praebeat,
1277 2271 1363 2326 ctiam

87 2344 180 2413 aptius
200 2343 266 2396 huic
283 2341 346 2397 loco
364 2341 409 2411 fit,
428 2360 452 2395 ει
470 2358 583 2396 carmon
601 2340 632 2394 in
650 2340 778 2396 convivio
797 2343 944 2395 contutum
963 2359 1022 2396 osse
1042 2345 1205 2412 rtctucmuu
1225 2346 1257 2397 ut
1275 2343 1305 2398 Ο.
1326 2362 1364 2396 vn

88 2448 118 2455 -
137 2411 322 2486 μεμιγνέμον·
346 2413 382 2468 do
404 2415 474 2483 potu
496 2412 586 2466 mixto
609 2411 681 2467 conf.
701 2411 803 2466 Δολίου
821 2412 856 2466 de
876 2429 919 2467 an.
941 2428 974 2483 ιι,
989 2430 1013 2469 r:
1037 2413 1187 2506 ἀμέλγουσι
1209 2414 1263 2484 γὰρ
1279 2413 1364 2468 Ἰνδοὶ

85 2486 298 2554 περιγλόκιστοτ
316 2483 387 2555 γάλα
406 2485 455 2539 παλ
473 2485 506 2538 οὗ
526 2484 639 2537 δέονται
657 2484 791 2553 ἀναμῖξαι
810 2484 886 2553 αὐτῷ
905 2484 973 2554 μέλι,
993 2482 1061 2552 ὅπερ
1081 2505 1132 2539 ουν
1151 2487 1253 2555 δρῶσιν
1266 2483 1364 2554 Ἕλλη-

85 2577 131 2620 νες
154 2589 188 2597 -
215 2563 257 2612 78.
276 2556 431 2626 κιρναμένα
453 2554 482 2610 δ’
503 2554 585 2624 ἔεροα
607 2573 664 2609 non
687 2555 784 2608 vinum
801 2554 880 2609 melli
904 2558 932 2609 et
950 2555 1019 2610 lacti
1038 2556 1195 2610 admixtum
1214 2556 1363 2626 significat,

87 2629 116 2681 id
135 2628 213 2697 quod
232 2645 250 2681 a
267 2645 359 2682 rorum
380 2629 483 2681 notura
501 2628 530 2682 ot
548 2626 693 2681 hominum
713 2643 765 2680 usu
787 2627 927 2693 abhorret,
948 2627 999 2682 sed
1017 2627 1154 2696 liquorem
1172 2627 1254 2682 illum
1272 2627 1364 2698 iprum

87 2717 118 2752 cx
137 2699 337 2754 commixtione
355 2699 448 2752 mellis
463 2701 492 2753 ct
508 2697 592 2752 luctis
611 2701 710 2751 nutum
725 2729 757 2738 —
775 2703 815 2752 79.
830 2696 899 2768 πόμ’
917 2697 1056 2769 ἀοίδιμον,
1074 2699 1258 2770 appositionis
1274 2699 1365 2753 instar

87 2771 122 2824 od
136 2770 202 2826 τόδε
217 2773 252 2840 (v.
268 2774 304 2839 ro)
320 2771 450 2824 additum
467 2772 512 2824 ost
529 2802 563 2810 -
582 2775 660 2824 80⁸⁸.
680 2786 741 2824 soro
760 2768 875 2838 quidem
893 2786 1006 2824 carmon
1024 2770 1155 2838 mittitur,
1175 2771 1223 2824 ned
1239 2787 1256 2824 o
1270 2773 1362 2840 poeta,

87 2842 134 2910 qui
152 2845 262 2897 cotoroo
281 2841 364 2913 longe
383 2845 496 2911 superet
514 2844 543 2897 et
561 2839 673 2896 etiamsi
691 2839 776 2911 longo
795 2840 945 2896 intcrvullo
964 2844 1028 2912 post
1046 2842 1245 2912 proficiscatur,
1269 2849 1365 2896 tamen

88 2917 196 2968 cetoros
214 2913 298 2996 facilc
317 2917 513 2996 consequatur.
546 2913 702 2982 Superbum
718 2910 793 2995 nanc
811 2930 879 2968 onoc
900 2911 1171 2995 artiuioctotionem
1188 2914 1235 2968 hic
1254 2916 1283 2968 et
1298 2913 1329 2969 O.
1343 2931 1365 2966 11

88 2983 1365 3126 ttrudaturttfflsdtttrttruditdtttttudu

88 3128 208 3195 nomini,
228 3127 273 3182 cui
291 3127 483 3198 postponitur,
501 3127 610 3196 pondus
629 3127 730 3194 addat3
756 3126 860 3195 duplex
879 3131 974 3182 autom
991 3128 1034 3182 vis
1053 3127 1136 3182 huius
1154 3127 1311 3198 particulae
1330 3144 1364 3181 ex

89 3199 212 3253 confusio
230 3199 318 3281 longo
335 3205 365 3254 et
382 3199 462 3254 brevi
479 3197 626 3254 vocalibus
645 3200 746 3267 (MEN
758 3225 791 3242 =
807 3197 858 3268 μέν
877 3201 906 3253 et
923 3198 989 3268 μήν)
1008 3201 1070 3254 orta
1088 3202 1140 3268 est,
1159 3202 1191 3253 ut
1209 3200 1365 3270 particulae

90 3273 118 3322 N
121 3274 174 3324 TN
201 3269 307 3326 voculis
331 3274 361 3325 et
382 3271 467 3342 longa
490 3273 519 3324 ot
540 3270 634 3324 bruvio
657 3269 734 3339 apud
756 3269 910 3323 Pindarum
933 3272 976 3324 est
1002 3303 1037 3311 —
1064 3277 1107 3325 84.
1126 3268 1260 3338 δέδορκεν
1283 3269 1365 3340 φάος,

90 3342 170 3414 longe
191 3341 372 3412 conspicuum
390 3346 434 3396 eut
451 3341 545 3395 lumen
560 3343 672 3394 tuorum
684 3339 878 3407 victoriarum
898 3341 932 3396 cf.
949 3341 1056 3409 O.1or;
1076 3341 1256 3412 conspicuum
1271 3345 1366 3396 autom

91 3413 118 3466 id
136 3415 244 3468 factum
267 3430 327 3468 cono
351 3413 493 3496 significat
511 3429 561 3466 ouo
580 3411 703 3466 carmine
730 3429 787 3467 non
814 3411 905 3467 invito
923 3413 1005 3468 Musa
1028 3413 1111 3469 sacto.
1149 3413 1282 3484 Speciosa
1299 3431 1365 3468 vcro

91 3485 251 3540 coniectura
272 3485 395 3540 Dioscuri
419 3488 463 3540 cot
480 3501 515 3539 cx
535 3482 639 3538 collato
657 3499 740 3537 versu
758 3499 784 3537 τι
802 3485 942 3553 profecto,
967 3485 1137 3540 Nemeaeum
1162 3484 1310 3540 victoriam
1328 3485 1365 3538 ob

90 3555 258 3612 Aristoclido
279 3556 453 3626 provectiore
477 3558 585 3623 aetate,
610 3553 791 3624 Epidaurium
815 3555 906 3624 virili,
932 3555 1125 3626 Megarenscm
1148 3556 1249 3627 puerili
1273 3573 1365 3627 repor-

91 3630 179 3681 tatum
197 3645 267 3682 csse.

145 4943 278 5002 Prrnnur,
292 4947 327 4987 od,
342 4945 445 4987 cuntot.
