3417 5434
347 300 413 364 304
818 304 966 355 PINDARI
984 304 1148 358 amuleta,

400 462 564 554 πατρῴων
586 470 687 530 οίκων
711 464 774 530 ἀπό
798 463 827 530 τ’
844 466 996 552 Ἄργεος·
1019 464 1115 552 ἀρχοὶ
1138 464 1170 530 δ’
1192 466 1318 533 οὐκέτ’
1339 472 1418 535 ἔσαν
1442 471 1569 535 Ταλαοῦ

1038 573 1168 657 παῖδες,
1190 574 1387 659 βιασθέντες
1410 578 1482 663 λύᾳ.

349 697 381 745 15
400 679 550 765 κρέσσων
572 677 609 744 δὲ
631 683 794 746 καππαύει
818 682 916 747 δίκαν
939 682 1000 746 τάν
1022 684 1172 766 πρόσθεν
1195 682 1288 766 ἀνήρ.
1585 702 1613 747 35

402 894 616 981 άνδροδάμαν
640 892 672 960 δ’
696 893 891 981 Ἐριφύλαν,
915 896 1030 980 ὅρκιον
1052 897 1097 973 ὡς
1120 896 1173 961 ὅτε
1195 900 1328 981 πιστόν,
1428 903 1508 984 Στρ.
1526 897 1567 963 δ’.

401 1002 516 1079 δόντες
540 1002 696 1089 Οἰκλείδᾳ
718 1014 876 1086 γυναῖκα,
900 1002 1112 1087 ξανθοκομᾶν
1130 1009 1277 1069 Δαναῶν
1299 1007 1401 1070 ἔσσαν
1424 1004 1568 1090 μέγιστοι
1584 1026 1613 1070 ιο

1039 1108 1214 1194 λαγίται,

400 1218 458 1280 καί
479 1214 551 1281 ποτ’
574 1214 607 1292 ές
630 1213 837 1293 ἑπταπύλους
857 1218 969 1301 Θήβας
992 1219 1118 1300 ἄγαγον
1141 1219 1283 1302 στρατὸν
1306 1217 1442 1304 ἀνδρῶν
1461 1222 1570 1284 αἰσιᾶν

401 1323 442 1389 οὐ
473 1320 544 1388 κατ’
578 1322 722 1409 ὀρνίχων
758 1322 852 1387 ὁδόν·
890 1320 969 1388 οὐδὲ
1006 1326 1162 1409 Κρονίων
1193 1324 1380 1412 ἀστεροπὰν
1415 1325 1570 1404 ἐλελίξαις
1585 1347 1614 1391 ss

1038 1436 1175 1497 οίκοθεν
1197 1432 1450 1518 μαργουμένους

349 1555 383 1603 20
403 1540 543 1621 στείχειν
566 1533 742 1621 ἐπώτρυν’,
766 1535 848 1601 ἀλλά
872 1540 1055 1620 φείσασθαι
1077 1540 1250 1603 κελεύθου.

399 1749 605 1835 φαινομέναν
628 1748 662 1815 δ’
688 1748 741 1837 ἄρ’
767 1750 801 1827 ές
823 1752 907 1815 ἄταν
929 1752 1071 1817 σπεῦδεν
1094 1752 1208 1836 ὅμιλος
1231 1751 1363 1819 ίκέσθαι
1431 1758 1512 1840 Στρ.
1530 1753 1567 1819 ε’.
1585 1773 1615 1820 οι

345 1980 438 2051 Bergk
449 2012 481 2021 —-
493 1985 534 2034 14.
544 1979 609 2053 λύᾳι
624 1978 688 2033 fort.
699 1978 798 2052 δύᾳ-
810 1984 850 2034 15.
861 1978 1006 2033 καττπάνει
1015 1979 1045 2033 D
1056 2012 1087 2021 -
1101 1986 1141 2036 16.
1151 1981 1337 2050 ἀνδροδάμαν
1349 1979 1377 2034 δ’
1390 1982 1461 2036 coni.
1472 1983 1616 2039 Schneide-

346 2052 415 2107 win:
434 2048 643 2121 ἀνδροδάμαντ’
662 2052 779 2120 (μαδαν
796 2049 823 2105 τ’
843 2049 883 2121 1))
902 2052 930 2105 Β
937 2050 979 2118 D;
999 2051 1185 2121 άνδροδάμαν
1202 2050 1229 2104 τ’
1246 2052 1273 2105 Β
1293 2069 1316 2107 ι.
1337 2084 1368 2092 -
1390 2058 1432 2107 17,
1451 2054 1574 2110 ίοιιλεὶδα
1592 2058 1616 2109 Β

347 2156 380 2165 —
400 2123 484 2178 ἔσσαν
502 2122 626 2177 Boeckh:
650 2116 722 2191 ἦσαν
745 2121 773 2175 Β
783 2122 813 2176 D
832 2153 865 2161 —
885 2121 998 2191 λαχίται
1017 2122 1081 2177 add.
1100 2122 1194 2193 Bergk
1212 2127 1274 2193 (pos
1305 2140 1323 2177 a
1341 2124 1463 2178 coniecit
1479 2126 1514 2181 τὰ
1532 2126 1613 2193 πρῶτ’

346 2192 435 2266 ἔχοντ’
454 2192 646 2263 Ἀδραοτίδαι),
662 2192 777 2247 τουτάκι
790 2192 1012 2259 Rauchenstein3
1030 2193 1187 2264 τούμπαλιν
1200 2192 1294 2248 Christ
1309 2227 1342 2234 —
1357 2200 1399 2251 18.
1415 2198 1510 2252 αἰσιᾶν
1524 2198 1616 2253 Trici:

346 2266 445 2321 αἰτιῶν
463 2265 499 2333 Β,
519 2282 564 2319 om
585 2266 613 2320 D
632 2296 664 2303 -

346 2410 425 2479 spico
441 2406 613 2478 Ἀμφιαράου
632 2404 762 2472 ἐξέλασις,
780 2406 815 2460 de
853 2423 889 2461 no
908 2425 934 2461 v.
948 2406 1045 2475 Baths,
1064 2406 1259 2462 Thebanisohc
1273 2408 1473 2464 Heldenlieder
1486 2429 1512 2465 ss
1526 2411 1566 2478 ff.;
1585 2413 1617 2465 cf.
1676 2405 1677 2450 i

346 2480 418 2535 Prol.
434 2498 524 2535 carm.
562 2479 712 2545 Adrastus,
734 2476 810 2531 filius
833 2425 916 2532 iaici
938 2481 974 2548 (v.
990 2483 1038 2549 ιι),
1062 2478 1099 2532 ab
1122 2478 1303 2549 Amphiarao,
1323 2479 1381 2534 filio
1401 2480 1617 2552 Oicleis(v.1s),

347 2569 433 2623 regno
455 2551 551 2623 pulsus
576 2548 723 2619 Sicyonem
746 2549 783 2602 ad
807 2565 933 2602 socerum
955 2548 1094 2619 Polybnm
1112 2551 1179 2604 conf
1219 2550 1240 2604 't
1257 2552 1302 2622 (cf.
1322 2552 1425 2609 Herod.
1444 2572 1462 2607 v
1480 2556 1529 2623 ει),
1549 2554 1618 2608 unde

347 2626 446 2693 postea
470 2622 568 2689 redux,
593 2638 656 2674 oum
679 2620 708 2674 in
728 2620 891 2690 Amphiarai
914 2620 1050 2690 gratiam,
1074 2638 1168 2676 sorore
1210 2621 1322 2693 riphyla
1340 2624 1487 2692 tammam
1505 2626 1618 2695 pignore

347 2696 376 2748 in
390 2694 599 2748 matrimonium
614 2692 691 2761 data,
700 2691 839 2760 rediisset,
850 2709 959 2746 summa
971 2693 1100 2762 potentia
1114 2693 1187 2747 inter
1196 2692 1310 2748 Danaos
1324 2694 1420 2748 floruit
1430 2727 1461 2735 -
1474 2701 1516 2750 13.
1528 2705 1618 2765 φεῦγε,
1676 2709 1677 2766 ι

346 2764 489 2834 exulabat,
509 2782 572 2818 cum
590 2763 688 2852 urbem
706 2762 781 2816 ludis
799 2762 962 2817 illustrandi
981 2763 1129 2818 consilium
1143 2764 1218 2835 cepit
1233 2796 1265 2803 -
1282 2770 1322 2819 14.
1343 2764 1428 2819 νίκων
1447 2765 1505 2820 ἀπό
1524 2765 1551 2820 τ’
1565 2767 1618 2833 Ἀρ·
1676 2777 1677 2840 Τ

347 2833 869 2975 tterfttttttsttttt
883 2834 1619 2978 tetat‘tttttttttttttts

347 2982 399 3045 ναξ
418 2978 469 3049 μὲν
488 2978 503 3033 δ
524 2982 636 3033 Ταλαοῦ
655 2978 703 3031 καλ
721 2975 882 3046 Λυσιμάχης
899 2984 948 3045 τῆς
966 2978 1097 3049 Πολύβου
1120 2978 1274 3050 βασιλεύων
1293 2976 1420 3048 Ἀργείων
1445 2982 1617 3049 ἀποθνήσκει

347 3050 600 3112 καταστασιασθείς
619 3048 673 3101 ὑπὸ
689 3046 861 3117 Ἀμφιαράου
875 3049 993 3103 καὶτῶν
1007 3050 1234 3119 Μελαμποδιδῶν
1250 3050 1299 3103 καλ
1316 3059 1372 3104 τῶν
1387 3049 1618 3121 Ἀναξαγοριδῶν·

343 3122 490 3189 Ἀδραοτος
508 3119 539 3174 δὲ
555 3120 569 3173 δ
584 3119 706 3188 ἀδελφὸς
724 3127 773 3173 τοῦ
787 3120 958 3186 Πρώνακτος
975 3121 1073 3189 φυγὼν
1090 3114 1180 3189 ἦλθεν
1199 3121 1238 3183 εἰς
1257 3122 1397 3177 Σικυῶνα.
1424 3122 1523 3177 Plures
1543 3123 1619 3178 Talai

349 3192 420 3247 tilios
439 3194 639 3246 commemorat
656 3190 843 3260 Apollodorus
863 3210 873 3243 1
889 3208 912 3256 s,
931 3208 969 3245 lu:
991 3195 1103 3245 Ταλαοῦ
1122 3193 1168 3245 καλ
1184 3192 1345 3262 Λυσιμάχης
1363 3201 1412 3261 τῆς
1425 3191 1558 3266 ’Ἄβαντος
1574 3204 1620 3249 τοῦ

348 3263 537 3333 Μελάμποδος
555 3260 701 3331 Ἀδραστος
719 3265 939 3343 Παρθενοπαῖος
957 3264 1078 3330 Πρῶναξ
1101 3264 1261 3344 Μηκιριεύς
1281 3262 1473 3334 Ἀριστόμαχος
1487 3264 1620 3335 Ἐριφύλη

348 3342 389 3391 15.
414 3335 535 3401 κρέσσων
551 3378 556 3387 .
574 3378 579 3390 .
596 3378 601 3386 .
616 3332 701 3401 ἀνήρ·
725 3332 851 3403 generals
872 3334 1012 3387 sententia
1028 3336 1114 3403 poeta
1132 3334 1241 3387 ethscns
1259 3334 1382 3404 priorem
1399 3340 1511 3404 partem
1530 3355 1620 3391 narra·

347 3406 433 3460 tionis
457 3405 617 3459 claudit-
637 3410 669 3457 16
684 3421 720 3459 ss.
745 3421 817 3473 quae
841 3405 877 3458 de
895 3404 964 3474 fuga
982 3404 1097 3459 Adrasti
1119 3408 1204 3475 poeta
1223 3406 1506 3472 vv.11-1nrettulit,
1530 3426 1565 3463 ea
1586 3410 1620 3462 sd

348 3477 429 3531 ludos
449 3476 592 3546 Sicyonios
612 3478 641 3529 et
659 3478 854 3545 argumentum
873 3475 987 3546 epinicii
1001 3475 1106 3547 optimc
1121 3476 1275 3545 quadrant3
1293 3493 1367 3545 quae
1381 3482 1478 3532 autem
1492 3480 1620 3549 deinceps
1676 3489 1677 3508 ¹

347 3567 390 3603 vv.
406 3565 484 3602 ‘rs—er
509 3548 544 3602 de
569 3546 747 3616 expeditione
771 3546 807 3601 ah
831 3548 953 3601 Adrasto
979 3550 1077 3602 contra
1101 3547 1212 3601 Thebas
1238 3548 1335 3603 invitis
1360 3548 1416 3603 diis
1442 3556 1573 3621 succepto
1595 3556 1621 3604 ct

348 3618 513 3689 Amphiarai
532 3618 648 3672 interitu
667 3619 764 3671 narrat
778 3634 841 3671 cum
856 3619 891 3671 ad
907 3618 988 3672 ludos
1003 3618 1148 3687 Sicyonios
1163 3636 1341 3688 nequaquam
1355 3622 1526 3690 pertineant,
1540 3640 1619 3691 quse·

347 3692 418 3744 ritur
440 3689 623 3744 fabulandine
648 3705 742 3743 amore
764 3692 849 3758 poeta
873 3690 910 3742 ad
932 3706 976 3743 res
1002 3708 1064 3744 cnm
1083 3692 1152 3759 fuga
1170 3691 1283 3745 Adrasti
1303 3692 1486 3747 cohaerentes
1505 3694 1619 3751 delatos.

348 3780 383 3816 un
407 3765 484 3816 certo
509 3762 630 3831 quodam
654 3759 771 3815 oonsilio
795 3760 932 3814 deductus
955 3762 1001 3815 sit.
1038 3764 1131 3831 Atque
1150 3761 1307 3815 Boeckhius
1331 3762 1445 3831 quidem
1465 3764 1620 3819 Chromium

309 3888 311 3893 ,
349 3834 376 3887 in
395 3833 589 3901 Thrasydaeo‚
613 3832 671 3885 filio
690 3830 839 3900 Theronis,
864 3832 1036 3886 devincendo
1062 3831 1175 3887 Hieroni
1198 3850 1311 3905 operam
1336 3834 1514 3903 praestitisse
1540 3839 1619 3905 atquc

348 3906 419 3959 hauc
439 3904 473 3959 de
492 3903 673 3971 Thrasydaeo
692 3902 839 3957 victoriam
858 3920 876 3956 a
894 3906 979 3973 poeta
997 3905 1049 3957 hoc
1068 3904 1129 3957 loco
1148 3904 1300 3975 significari
1319 3905 1480 3987 suspicatus
1499 3912 1551 3962 est
1587 3909 1619 3959 Ac

348 3978 408 4046 ipse
428 3976 514 4029 ctiam
533 3975 573 4028 sic
592 3974 781 4029 narrationem
801 3974 836 4029 de
854 3974 1025 4044 Amphiarao
1044 3979 1073 4028 et
1091 3976 1213 4030 Adrasto
1233 3992 1251 4029 a
1268 3976 1352 4030 rebus
1370 3994 1401 4029 ιιι
1419 3976 1518 4031 Sicilia
1536 3979 1618 4049 gestis

347 4046 476 4102 nonnihil
496 4047 654 4117 discrepare
673 4044 815 4113 concedit3
834 4063 968 4113 quocum
986 4047 1111 4115 accedat,
1130 4046 1206 4115 quod
1221 4048 1343 4115 quaeda
1358 4047 1618 4117 ChromioThrasy·

347 4118 449 4173 daeum
481 4116 646 4172 devincente
674 4116 716 4170 vir
743 4115 985 4185 ingeniosissimus
1013 4121 1123 4184 narrat,
1155 4117 1316 4173 testimonio
1344 4119 1514 4189 scriptorum
1541 4121 1618 4191 plene
1676 4131 1677 4154 ³

348 4193 453 4257 carent,
472 4189 509 4243 ad
527 4187 676 4242 fabulandi
695 4204 754 4270 ego¹
766 4203 890 4270 amorem
908 4190 1058 4271 confugere
1072 4188 1156 4271 malo,
1175 4188 1217 4271 ita
1231 4192 1327 4245 tamen
1343 4192 1511 4273 utpoetsm,
1526 4208 1616 4261 quam·
1676 4193 1677 4206 ¹

347 4258 1617 4401 ut{sesttetsttttttttututttt?{tussestzittrstttettt

348 4437 380 4443 —
393 4408 425 4457 18
441 4422 480 4473 sq.
501 4404 597 4457 αἰσιᾶν
615 4404 648 4456 ού
668 4401 730 4457 κατ’
748 4400 867 4472 ὀρνίχων
884 4401 964 4457 ὁδόν·
983 4406 1045 4456 fuse
1059 4403 1129 4456 haec
1142 4406 1241 4456 narrat
1253 4403 1361 4457 Statius
1376 4404 1464 4460 Theb.
1479 4424 1511 4459 m
1524 4424 1563 4460 sss
1577 4424 1615 4461 ss.

347 4474 470 4530 breviter
493 4474 644 4529 adumbrat
662 4473 849 4543 Apollodorus
868 4493 899 4526 111
917 4491 956 4540 ss3
981 4474 1102 4542 denique
1125 4474 1285 4544 interpretis
1310 4474 1401 4529 instar
1426 4481 1470 4531 est
1492 4476 1615 4544 Aeschyli
1676 4507 1677 4554 χ

349 4546 568 4617 Agamemnonis
581 4546 713 4616 periodus,
727 4562 800 4614 quae
820 4547 848 4599 et
867 4546 930 4615 ipsa
946 4562 979 4598 ex
994 4545 1117 4599 carmine
1131 4549 1225 4599 vetere
1238 4546 1373 4600 Thebano
1386 4562 1520 4617 expressa
1534 4553 1574 4602 est
1586 4578 1615 4585 -
1676 4559 1677 4618 ζ

349 4624 389 4672 19.
409 4616 472 4672 οὐδ’
489 4616 663 4685 ἀστεροπάν·
682 4633 772 4686 neque
787 4616 905 4671 fulmine
920 4617 1043 4671 secunda
1057 4619 1185 4739 exparte
1204 4617 1289 4670 misso
1307 4617 1414 4687 Iupiter
1433 4619 1555 4675 faustum
1572 4636 1614 4671 au·
1676 4621 1677 4626 ’

348 4690 459 4759 gurium
473 4689 602 4743 ediderat
618 4720 649 4728 -
665 4695 706 4743 21.
727 4686 960 4758 φαινομέναν...
977 4688 1060 4741 άταν·
1082 4688 1234 4742 c.Archil.
1250 4689 1283 4742 fr.
1297 4706 1324 4743 as
1343 4688 1517 4760 φαινόμενον
1536 4690 1615 4744 ruris

350 4760 442 4815 οἴκαδ’
464 4760 594 4830 ἄγεσθαι,
613 4760 714 4813 Herod.
729 4778 749 4811 11
764 4776 800 4814 ror
822 4758 1037 4829 ἀποπέμψαιές
1056 4756 1230 4828 φαινόμενον
1248 4758 1337 4819 κακόν
1356 4793 1389 4801 -
1676 4761 1677 4770 ’
