3417 5434
352 296 393 359 16
820 298 969 348 PINDARI
987 297 1153 350 EPINIOIA.

344 466 451 540 poetae
483 463 678 524 admisemnt.
729 463 796 534 Qua
825 464 861 522 de
891 483 983 523 causa
1011 464 1042 522 in
1073 465 1214 540 strophae
1246 465 1367 540 quidem
1388 484 1479 524 versu
1501 466 1617 541 septimo

345 553 483 612 bacchios
507 553 639 629 recipere
663 573 722 612 non
746 553 898 630 dubitavi,
921 557 1025 613 contra
1047 553 1078 611 in
1102 553 1236 612 versibus
1259 555 1311 612 str.
1334 565 1360 612 3.
1384 565 1410 612 o.
1433 574 1479 630 ep.
1500 568 1524 612 1.
1542 566 1567 631 4,
1588 576 1617 613 ne

345 642 557 719 antibacchioS,
576 661 706 718 quorum
724 642 821 717 prima
839 643 930 719 longa
949 644 1050 702 soluta
1068 645 1154 719 esset,
1174 643 1331 701 admittere
1350 661 1481 720 cogerer,
1500 643 1617 718 primam

345 749 449 791 versus
477 731 634 808 syllabam.
654 732 775 808 longam
807 732 959 790 anacrusis
982 732 1045 790 rim
1072 731 1205 790 obtinere
1235 735 1266 790 et
1297 731 1448 807 paeonicis
1476 733 1617 791 ordinibus

346 839 485 896 versuum
508 823 560 879 str.
575 832 599 878 2.
616 832 631 879 6
650 820 809 880 iambicam
833 820 1004 880 anacrusim
1026 820 1221 896 praemissam
1243 840 1307 880 esse
1330 819 1506 898 significavi.
1539 822 1616 881 Prae

346 911 429 968 terea
447 909 479 967 in
497 910 587 969 tertio
608 928 705 986 versu,
724 929 791 968 cum
815 912 869 968 aut
891 911 999 988 longae
1021 908 1106 968 finali
1128 910 1236 986 prioris
1259 910 1385 969 membri
1407 929 1512 970 versus
1534 911 1616 970 ambi-

346 1001 395 1056 tus
424 999 556 1076 quinque
586 1001 760 1078 temporum¹
784 999 959 1058 tribuendus
987 1001 1043 1057 aut
1070 999 1216 1058 transitus
1239 1017 1257 1057 a
1280 998 1397 1058 creticis
1425 1000 1464 1058 ad
1490 1000 1616 1060 bacchica

348 1088 525 1147 statuendus
548 1088 648 1164 inerit,
672 1088 801 1163 priorem
824 1088 1005 1147 sententiam
1028 1088 1168 1164 amplecti
1191 1088 1295 1166 malui,
1318 1088 1457 1164 quamuis
1480 1089 1615 1148 Aristides

346 1177 382 1235 de
401 1195 476 1236 mus.
492 1181 552 1236 133
572 1176 775 1253 rhythmicum
798 1179 917 1253 tempus
941 1177 1075 1253 quinque
1098 1195 1251 1237 morarum
1274 1195 1336 1237 asse
1359 1180 1458 1254 neget
1490 1179 1615 1254 Denique

346 1265 536 1325 ditrochaeus
559 1267 589 1325 in
613 1267 713 1325 locum
736 1266 837 1325 cretici
861 1267 945 1342 pedis
968 1266 1027 1324 nisi
1045 1265 1101 1324 sub
1119 1265 1208 1325 finem
1226 1267 1366 1342 strophae
1385 1261 1428 1346 (r.
1442 1265 1472 1339 8)
1491 1270 1522 1326 et
1539 1269 1615 1342 epodi

347 1347 389 1436 (v.
407 1348 436 1434 6)
452 1375 510 1415 non
530 1355 680 1414 successit.
717 1355 843 1432 Magnas
861 1375 932 1415 vero
952 1354 1145 1414 difficultates
1164 1357 1273 1431 parant
1291 1355 1440 1431 tripediae
1459 1356 1615 1416 trochaicae

346 1444 538 1504 catalecticae
566 1443 731 1521 paeonibus
759 1444 790 1502 in
818 1445 905 1520 epodi
933 1444 1069 1503 versibus
1098 1444 1227 1515 secundo
1255 1447 1286 1503 et
1308 1445 1399 1504 tertio
1422 1445 1614 1522 interpositae

347 1534 448 1609 Atque
472 1533 504 1591 in
527 1534 655 1593 secundo
678 1552 766 1593 versu
789 1532 910 1593 facilius
933 1552 985 1592 eae
1004 1532 1076 1592 ferri
1098 1536 1232 1611 possunt,
1257 1534 1337 1610 quod
1358 1536 1442 1593 totus
1465 1553 1566 1595 uersus
1585 1555 1614 1593 er

350 1622 489 1698 tripodiis
508 1625 639 1700 constat3
663 1623 714 1681 sed
737 1622 766 1680 iu
791 1623 881 1682 tertio
900 1642 989 1682 versu
1007 1642 1076 1681 cum
1093 1641 1186 1682 unam
1205 1623 1367 1698 tripodium
1389 1623 1488 1682 tribus
1510 1625 1615 1683 creticis

348 1711 510 1771 admiscere
530 1712 699 1770 dubitarem
723 1730 819 1787 neque
838 1711 1001 1770 transitum
1019 1731 1038 1770 a
1056 1711 1173 1771 creticis
1192 1711 1317 1787 pedibus
1340 1712 1379 1770 ad
1401 1712 1539 1773 bacchios
1556 1734 1613 1789 pro·

346 1800 461 1878 barem,
492 1801 530 1860 ad
553 1801 719 1860 remedium
748 1801 927 1876 quintuplae
957 1802 1065 1879 longae
1094 1801 1329 1878 confugiendum
1359 1801 1440 1859 duxi.
1486 1802 1614 1861 Ceterum

347 1889 521 1949 audaciores
536 1889 676 1966 rationes,
691 1907 766 1965 quas
781 1890 812 1947 in
826 1890 975 1965 rhythmis
993 1890 1084 1948 huius
1103 1890 1242 1948 carminis
1261 1890 1441 1950 adornandis
1459 1891 1613 1967 Schmidtii,

345 1977 492 2038 Henricus
515 1982 546 2038 et
568 1979 732 2037 Mauricius
761 1974 901 2059 (Pindars
930 1979 1113 2056 olympische
1144 1979 1377 2058 Siegesgeaange
1403 2000 1431 2056 p.
1456 1999 1511 2038 sm
1533 2000 1567 2040 ss.
1588 1985 1614 2038 et
1669 1998 1670 2065 ρ

347 2067 423 2126 Stnb.
448 2068 475 2127 d.
496 2068 524 2126 b.
544 2068 599 2128 Ah.
620 2088 646 2127 a.
668 2071 752 2126 1872
776 2088 805 2143 p.
823 2079 876 2126 420
895 2060 947 2148 ss.)
970 2068 1115 2145 inierunt,
1142 2068 1278 2127 refellere
1301 2068 1340 2126 ab
1363 2069 1512 2146 auguratiis
1534 2070 1613 2128 buius
1669 2076 1670 2113 ³

346 2157 584 2216 commentarioli
608 2157 740 2216 alienum
762 2157 827 2215 fuit
865 2156 913 2215 Ad
935 2160 1120 2232 postremum
1142 2177 1248 2216 moneo
1271 2177 1374 2217 versus
1398 2159 1537 2234 strophae
1559 2178 1613 2217 ser·

347 2248 413 2304 tum
437 2249 468 2306 et
491 2246 652 2322 septimum
675 2246 706 2304 in
730 2265 824 2304 unum
847 2265 967 2306 versum
992 2265 1011 2304 a
1031 2246 1182 2305 Boeckhio
1206 2247 1343 2306 secundis
1366 2247 1447 2307 curis
1470 2249 1614 2324 copulatos

346 2354 417 2413 esse,
432 2336 506 2394 mihi
520 2335 650 2411 priorem
663 2335 811 2394 rationem
825 2335 923 2414 magis
937 2336 1096 2412 placuisse,
1109 2335 1154 2393 ita
1173 2337 1282 2413 tamen,
1296 2339 1333 2394 ut
1345 2336 1472 2396 alterius
1485 2337 1613 2397 editionis

345 2443 484 2484 numeros
503 2425 619 2484 uncinis
638 2425 769 2483 inclusos
788 2425 819 2482 in
838 2425 960 2484 sinistra
979 2424 1113 2502 margine
1133 2424 1280 2485 adderem.
1304 2425 1469 2485 Cantatum
1486 2427 1613 2486 essehoc

346 2532 464 2574 carmen
494 2517 568 2590 puto
600 2514 679 2573 inter
707 2513 878 2572 convivium
906 2505 948 2594 (v.
972 2506 1021 2592 52)
1049 2533 1068 2572 a
1091 2513 1180 2572 choro
1208 2514 1394 2589 tripudiante
1417 2514 1524 2574 fidibus
1546 2515 1612 2574 acci-
1669 2502 1670 2565 1

343 2603 483 2662 nantibus
503 2597 544 2684 (v.
561 2615 584 2662 1.
602 2594 658 2684 52).
690 2603 821 2662 Saltasse
841 2607 944 2662 autem
962 2603 1086 2662 chorum
1104 2603 1173 2660 inde
1191 2603 1310 2681 colligo,
1329 2603 1410 2681 quod
1433 2607 1465 2663 et
1487 2623 1612 2681 paeana,

347 2711 476 2767 quorum
498 2693 678 2769 praecipuus
700 2693 859 2768 rhythmus
881 2711 977 2768 paeon
996 2694 1044 2751 rel
1067 2692 1195 2751 creticus
1217 2692 1284 2770 fuit,
1303 2693 1409 2752 saltari
1428 2693 1569 2770 solebant,
1587 2699 1612 2752 et

343 2781 554 2856 rhythmorum
576 2785 663 2840 tanta
686 2781 854 2857 aequalitas
878 2781 910 2840 iu
933 2782 989 2840 hac
1012 2781 1069 2840 oda
1088 2784 1208 2840 serrata
1226 2783 1279 2859 est,
1296 2784 1333 2840 ut
1350 2782 1443 2841 etiam
1460 2802 1612 2858 pausarum

343 2869 505 2930 intervalla
536 2870 624 2929 facile
657 2869 772 2930 definiri
806 2871 923 2946 possint
964 2862 1055 2950 (conl.
1078 2870 1156 2929 Prol.
1180 2891 1209 2946 p.
1232 2862 1307 2952 nri).
1360 2870 1492 2931 Perbene
1521 2875 1613 2931 autem

345 2959 472 3034 speciem
494 2960 618 3035 paeanis
641 2960 697 3019 hoc
726 2959 890 3035 epinioium
917 2959 1029 3036 induit,
1058 2979 1118 3035 quo
1141 2958 1269 3019 victoria
1293 2958 1451 3036 Olympica
1472 2961 1517 3020 ita
1538 2981 1612 3038 prae·
1669 2998 1670 3047 y

344 3048 474 3124 dicatur,
502 3050 539 3106 ut
566 3049 656 3107 simul
685 3048 753 3124 piae
782 3067 885 3124 preces
917 3068 971 3124 pro
1004 3050 1101 3108 salute
1130 3049 1231 3126 regiae
1261 3049 1368 3108 domus
1396 3050 1561 3110 fundantur
1587 3054 1613 3109 et
1669 3060 1670 3125 ξ

344 3137 553 3213 mysteriorum
579 3141 682 3196 sancta
705 3138 848 3216 dogmata
871 3138 1004 3198 revelent
1042 3186 1049 3199 .
1669 3140 1670 3177 ῑ

501 3361 792 3450 Ἀναξιφόρμιγγες
814 3363 931 3449 ὕμνοι,
1340 3369 1420 3450 Στρ.
1445 3363 1490 3430 α’.

504 3476 579 3536 τίνα
601 3475 699 3554 θεόν,
722 3469 787 3536 τίν’
812 3473 920 3559 ἥρωα,
944 3475 1019 3536 τίνα
1042 3468 1075 3535 d'
1100 3472 1208 3554 ἄνδρα
1230 3473 1468 3557 κελαδήσομεν;

416 3771 497 3806 vaura
516 3772 621 3809 ancrro.
659 3754 742 3808 Inscr.
771 3754 884 3822 Θήρωνι
900 3752 1101 3845 Ἀκραραπίνῳ
1124 3753 1228 3825 ἅρματι
1245 3755 1273 3809 Β
1295 3787 1331 3794 -
1354 3754 1446 3818 Sahal.
1466 3755 1503 3809 ad
1525 3756 1612 3809 inser:

345 3821 500 3914 γέγραπται
520 3825 534 3878 ὁ
554 3822 677 3888 ἐπίνικος
699 3825 811 3894 Θήρωνι
826 3825 1027 3896 ’Λκραγανηνω
1046 3825 1149 3897 ἅρματι
1166 3826 1313 3894 νικήσαντι
1331 3826 1500 3896 (νενικηκότι
1514 3829 1550 3896 Β)
1567 3827 1613 3894 τήν

345 3901 376 3964 og
407 3897 445 3950 61.
471 3899 626 3964 (numerum
646 3896 822 3968 Olympiadis
842 3915 895 3952 om.
915 3899 961 3967 A),
981 3883 1018 3951 ad
1036 3916 1063 3954 v.
1084 3914 1134 3952 roo:
1160 3898 1261 3966 Θήρων
1280 3897 1327 3952 ις’
1348 3895 1366 3966 ἢ
1385 3898 1427 3964 ιζ’
1448 3897 1563 3968 ἐνίκησε,
1580 3897 1612 3950 ad

347 3985 371 4024 v.
393 3985 430 4024 ιιι
449 3966 528 4022 ἐνίκα
548 3964 599 4022 οὖν
618 3968 674 4024 ις’.
696 3999 728 4008 -
748 3975 772 4022 2.
792 3966 857 4023 τίνα
875 3967 903 4023 d'
924 3969 960 4038 ήρ
978 3972 1006 4023 Α
1026 4001 1059 4010 -
1078 3966 1134 4023 τ1ν’
1156 3968 1249 4037 ἄνδρα
1270 3969 1324 4024 OD
1345 4001 1375 4009 -

415 4129 603 4165 oomrranu.
637 4128 662 4165 v.
679 4116 703 4167 1.
718 4111 969 4182 ἀναξιφόρμιγγες·
994 4111 1155 4182 phormingi
1173 4111 1309 4181 hymnum
1326 4110 1465 4181 imperare
1484 4110 1612 4166 Pindarus

342 4181 441 4250 voluit,
468 4182 537 4236 artis
563 4182 697 4252 antiquae
722 4181 799 4252 leges
827 4188 954 4250 secutus3
980 4186 1080 4254 postea
1098 4182 1195 4237 ordine
1213 4181 1324 4237 inverso
1343 4182 1429 4236 tibias
1448 4183 1550 4252 hymno
1566 4181 1611 4234 im·

343 4269 440 4323 parare
464 4253 643 4322 conqueritur
666 4253 798 4307 Pratinas
822 4271 839 4307 a
861 4300 867 4310 .
886 4255 986 4308 Athen.
1006 4274 1052 4310 xrs
1071 4271 1110 4310 arr
1139 4286 1172 4294 —
1201 4259 1225 4308 2.
1249 4253 1378 4307 imitatus
1402 4257 1445 4308 est
1470 4255 1613 4308 Pindarum

343 4325 440 4378 ordine
458 4324 532 4379 male
551 4325 661 4379 inverso
680 4325 813 4380 Horatius
833 4273 861 4381 d
876 4342 939 4380 118:
959 4344 1036 4396 ρκικι
1049 4328 1139 4381 cirum
1153 4333 1203 4380 cat
1216 4327 1299 4380 heroa
1317 4327 1381 4396 lyra
1397 4328 1440 4380 vel
1458 4329 1519 4381 arat
1532 4330 1537 4392 1
1551 4326 1613 4380 abio

342 4398 427 4451 samu
452 4398 584 4452 celebrare
611 4396 680 4463 0110,
696 4399 700 4466 1
717 4415 794 4468 pum
819 4397 920 4452 deum?
955 4397 1033 4451 Adeo
1059 4399 1155 4450 autem
1179 4395 1313 4450 Horatius
1338 4395 1456 4451 Pindari
1480 4395 1614 4466 exemplar

342 4467 493 4536 expressit,
512 4469 544 4521 ut
562 4485 632 4536 quas
650 4467 700 4522 ille
719 4468 842 4538 quinque
861 4468 1008 4538 pericopas
1026 4468 1145 4537 fecerat,
1164 4485 1213 4522 eas
1231 4467 1292 4537 ipse
1310 4466 1472 4536 quindecim
1483 4466 1612 4540 strophis,

343 4556 461 4607 quarum
480 4538 572 4593 trinae
591 4539 620 4592 in
638 4539 788 4594 triadicam
806 4539 954 4610 periodum
972 4543 1145 4610 cogerentur,
1164 4539 1302 4594 redderet.
1338 4539 1415 4594 inter
1433 4540 1552 4594 Graecos
1568 4537 1613 4591 tri-

341 4608 446 4679 plicem
463 4609 549 4664 istam
567 4609 778 4666 distinctionem
791 4611 897 4665 imitati
912 4613 978 4665 sunt
991 4611 1108 4682 Antiph.
1122 4631 1133 4663 1
1148 4628 1173 4667 ar
1188 4610 1252 4664 οὔτε
1266 4611 1354 4672 θεοὺς
1368 4609 1437 4665 οὗθ’
1452 4609 1544 4680 ἥρωας
1556 4606 1611 4663 εἰτ’

342 4682 514 4749 ἀνθρώπους
532 4681 730 4752 αἰσχυνθεῖσα,
758 4683 872 4738 Isocrat.
892 4700 913 4752 a,
932 4699 959 4738 ss
982 4684 1075 4746 οὐδεὶς
1098 4683 1161 4737 οὔτε
1189 4682 1296 4751 θνητὸς
1319 4680 1386 4737 οὔθ’
1412 4681 1530 4754 ἡμίθεος
1555 4679 1610 4734 οὔτ’

344 4751 491 4815 ἀθάνατος
510 4752 694 4821 εὑρεθήσεται
713 4752 825 4810 κάλλιον
844 4757 937 4827 λαβὼν
957 4753 1065 4810 ἐκείνου
1083 4754 1134 4825 τὴν
1153 4755 1298 4829 βασιλείαν
1317 4785 1350 4794 -
