3417 5434
1973 60 2147 90 ⁷7st
2155 47 2205 58 '⁸'
2219 43 2223 46 Α

635 280 859 335 CXVIII
1638 281 2198 334 PROLEGOMENA.

808 441 1051 510 Neleus
1097 443 1376 528 Tyronis
1424 447 1490 508 et
1535 441 1829 528 Neptuni
1876 442 1946 527 f.‚
1993 443 2182 508 Aeoli
2226 466 2522 529 pronep.,
2567 467 2681 508 rex
2727 443 3089 529 Pyliorum
3147 482 3225 490 -

629 551 820 616 Nelei
867 551 987 615 filii
1024 550 1270 616 Nestor
1306 548 1791 636 Periclymenus
1840 547 1935 637 (P.
1976 569 2050 615 IV
2090 551 2238 617 175.
2303 550 2383 616 N.
2424 570 2497 615 1x
2535 550 2652 639 26)
2691 550 3058 618 Chromius
3113 553 3228 617 alii

631 657 736 745 (Il.
773 676 848 722 xl
887 659 1035 724 692.
1112 656 1226 722 Od.
1265 675 1339 721 xl
1378 656 1538 745 286)
1589 695 1670 704 —
1721 657 2021 723 Nestoris
2079 658 2253 723 filius
2298 657 2691 724 Antilochus
2745 661 2923 745 patri
2973 665 3230 726 contra

636 765 990 832 Hectorem
1036 787 1458 853 propugnans
1506 764 1603 853 (P.
1642 783 1717 830 VI
1755 764 1888 853 28).

808 873 963 939 Bias
1021 873 1454 959 Amythaonis
1510 872 1553 936 f.
1610 895 1759 938 cum
1823 872 2024 938 fratre
2081 872 2487 958 Melampode
2543 894 2819 959 regnum
2876 873 3228 961 Argivum

629 980 912 1066 partitur
958 978 1176 1067 (Diod.
1216 999 1288 1044 IV
1328 978 1461 1067 68),
1508 981 1676 1045 unde
1725 980 1922 1065 stirps
1970 980 2425 1045 Biantidarum
2470 980 2767 1065 profecta
2811 986 2914 1046 est
2968 1019 3058 1029 —
3117 982 3226 1047 Bi-

631 1088 803 1154 antis
876 1088 1051 1153 filius
1115 1087 1354 1152 Talaus
1420 1085 1532 1174 (N.
1579 1109 1622 1151 x
1674 1088 1773 1152 12.
1856 1086 2070 1172 Apoll.
2117 1086 2273 1173 Arg.
2323 1105 2348 1150 1
2400 1089 2543 1154 118.
2626 1087 2927 1173 Apollod.
2978 1108 3010 1154 1
3072 1091 3224 1155 103.

629 1194 818 1262 Paus.
855 1213 928 1259 IV
966 1197 1072 1282 34,
1107 1196 1168 1260 4.
1237 1194 1436 1260 schol.
1475 1193 1588 1259 Od.
1628 1212 1702 1258 xl
1740 1192 1901 1281 289)
1938 1232 2028 1243 —
2063 1193 2247 1259 Talai
2283 1193 2405 1257 filii
2443 1192 2715 1278 Pronax,
2764 1195 2877 1279 qui
2913 1196 2988 1261 in
3032 1197 3221 1262 bello

633 1307 860 1368 contra
897 1301 1370 1387 Amphiaraum
1411 1302 1661 1368 occisus
1700 1306 1801 1367 est
1838 1299 2068 1388 (schol.
2095 1300 2176 1366 N.
2207 1319 2280 1364 1x
2309 1298 2443 1387 30),
2485 1300 2807 1366 Adrastus
2847 1301 2960 1390 (N.
2991 1321 3083 1367 lx
3119 1305 3220 1370 14.

629 1427 677 1475 x
709 1407 839 1495 12),
888 1410 999 1494 qui
1036 1409 1235 1495 Argis
1274 1409 1357 1474 ab
1395 1407 1797 1494 Amphiarao
1835 1409 2078 1474 eiectus
2118 1409 2198 1474 ad
2236 1431 2430 1474 avum
2467 1413 2834 1474 maternum
2870 1409 3220 1496 Polybum

630 1517 927 1602 confugit
991 1516 1257 1601 eiusque
1311 1537 1512 1601 regno
1572 1514 1877 1601 Sicyonio
1933 1515 2183 1602 potitus
2241 1513 2346 1601 (Il.
2393 1532 2445 1578 11
2490 1516 2639 1581 572.
2711 1515 2954 1581 Herod.
2995 1536 3052 1581 v
3097 1516 3217 1603 67)

633 1623 973 1710 Sicyonios
1027 1624 1217 1689 ludos
1272 1623 1562 1688 instituit
1608 1621 1721 1712 (N.
1759 1640 1833 1687 lx
1872 1622 1972 1711 9),
2023 1627 2253 1708 postea
2308 1627 2526 1687 autem
2579 1622 2650 1686 in
2706 1624 2992 1709 gratiam
3058 1647 3216 1690 cum

628 1730 1027 1817 Amphiarao
1075 1729 1269 1795 rediit
1314 1727 1423 1817 (N.
1461 1747 1535 1794 IX
1579 1729 1719 1818 17),
1772 1730 2300 1816 Parthenopaeus
2349 1727 2677 1816 (Apollod.
2717 1749 2742 1794 1
2786 1733 2930 1798 103.
3006 1730 3211 1797 Faus,

624 1856 698 1903 lx
740 1838 840 1924 18,
877 1835 966 1926 6),
1013 1838 1128 1924 qui
1165 1859 1331 1901 unus
1371 1859 1448 1901 ex
1486 1841 1736 1923 septem
1774 1836 2042 1902 ducibus
2083 1837 2389 1901 adversus
2427 1835 2684 1902 Thebas
2721 1837 2869 1924 fuit,
2911 1839 3209 1924 denique

625 1945 975 2012 Mecisteus
1039 1945 1536 2010 Aristomachus
1593 1941 1923 2032 (Apollod.
1971 1962 1996 2007 Ι
2050 1942 2203 2031 103)
2268 1943 2587 2028 Eriphyla
2650 1940 2757 2031 (N.
2807 1962 2881 2010 lx
2932 1943 3055 2033 16)
3118 1983 3205 1993 -

630 2051 898 2117 Adrasti
941 2051 1117 2117 filius
1163 2050 1513 2137 Aegialeus
1562 2048 1658 2137 (P.
1698 2066 1824 2114 vm
1862 2046 1993 2137 53).

808 2158 907 2224 De
962 2158 1214 2243 origine
1261 2157 1446 2222 Talai
1492 2162 1557 2223 et
1603 2156 2077 2242 Parthenopaei
2122 2179 2256 2222 non
2303 2180 2528 2224 omnes
2575 2159 3024 2224 consentiunt:
3086 2160 3209 2225 Ta-

628 2266 806 2332 laum
869 2263 1077 2329 filium
1140 2264 1420 2329 Abantis
1481 2263 1725 2349 Lyncei
1790 2263 1832 2328 f.
1899 2264 2063 2329 dixit
2118 2264 2316 2331 schol.
2373 2264 2441 2331 P.
2489 2282 2615 2331 VIII
2663 2267 2775 2352 73,
2837 2264 3207 2332 Partheno-

628 2394 862 2459 paeum
918 2370 1266 2436 Atalantae
1320 2370 1635 2436 Schoenei
1690 2371 1733 2436 f.
1781 2370 1936 2436 Eur.
1977 2370 2199 2458 Suppl.
2238 2373 2366 2439 888
2415 2377 2481 2437 et
2526 2371 2714 2439 Diod.
2754 2391 2828 2437 Ν
2866 2374 2977 2458 65,
3038 2373 3203 2438 Ata-

629 2480 847 2546 lantae
894 2484 960 2544 et
1004 2477 1392 2544 Melanionis
1439 2478 1648 2543 filium
1696 2478 1896 2543 fuisse
1944 2478 2244 2564 Apollod.
2282 2496 2360 2544 111
2398 2479 2499 2544 63.
2542 2480 2668 2545 109
2715 2480 3004 2548 tradunt.

808 2587 1173 2671 Melampus
1218 2585 1409 2652 Aeoli
1454 2608 1618 2671 nep.,
1663 2590 1846 2651 vates
1884 2586 2219 2672 Pyliorum
2257 2584 2401 2675 (od.
2438 2604 2536 2651 xv
2573 2586 2723 2654 225.
2797 2586 2865 2652 Ρ.
2904 2606 2977 2653 rv
3023 2587 3203 2675 126),

633 2697 743 2783 qui
790 2718 940 2760 cum
985 2694 1416 2780 lymphaticas
1463 2693 1768 2758 mulieres
1812 2691 2094 2780 Argivas
2144 2698 2458 2779 sanasset,
2502 2715 2650 2760 cum
2690 2692 2929 2762 Proeto
2977 2702 3200 2762 vetere

631 2825 783 2890 rege
840 2807 906 2869 et
961 2801 1160 2866 fratre
1205 2800 1441 2866 Biante
1496 2821 1773 2885 regnum
1818 2798 2141 2886 Argivum
2186 2800 2471 2885 partitus
2518 2806 2619 2866 est
2666 2798 2937 2888 (Herod.
2974 2822 3056 2868 lx
3096 2805 3198 2869 34.

631 2910 931 2976 Diod.1v
979 2906 1122 2995 68),
1186 2909 1353 2973 unde
1419 2906 1775 2973 Pausanias
1830 2924 1882 2971 11
1931 2908 2041 2991 18,
2087 2909 2130 2972 4
2195 2911 2328 2973 tres
2394 2906 2674 2973 familias
2740 2907 3197 2976 Proetidarum

634 3015 1256 3101 Melampodidarum
1311 3010 1764 3080 Bian‘tidarum
1822 3015 1894 3079 in
1946 3013 2260 3100 Argolide
2316 3014 2473 3080 olim
2528 3037 2836 3102 regnasse
2891 3018 3056 3085 dicit
3114 3057 3193 3066 -

639 3122 1059 3204 Mvhsnqmlia
1107 3120 1227 3185 filii
1271 3119 1666 3205 Antiphates
1715 3124 1780 3187 et
1824 3121 2112 3187 Mantius
2152 3121 2294 3210 (Od.
2332 3140 2430 3187 xv
2467 3121 2629 3211 242)
2674 3161 2763 3171 -
2808 3120 3195 3211 Antiphatis

643 3235 803 3296 lilim-2
867 3232 1075 3294 {iu-hrs
1132 3226 1278 3315 (Od.
1324 3245 1420 3291 xv
1467 3226 1626 3315 243)
1688 3265 1764 3275 -
1827 3228 2025 3294 Oiclis
2090 3228 2265 3295 filius
2323 3230 2758 3315 Amphiaraus
2816 3229 2919 3319 (O.
2967 3252 3044 3298 vl
3096 3236 3190 3300 13.

639 3340 699 3400 Γ.
747 3356 859 3400 rm
907 3340 1019 3400 Ξ-Ἡη
1072 3374 1145 3384 —-
1197 3335 1578 3421 Amphiarai
1625 3341 1691 3401 et
1730 3336 2083 3422 Eriphylae
2120 3337 2240 3401 filii
2278 3337 2636 3403 Alcmaeon
2672 3336 2771 3425 (P.
2809 3355 2935 3404 vm
2973 3339 3094 3429 46)
3132 3346 3196 3407 et

639 3444 1108 3528 A»1121-1'11221211113
1166 3441 1310 3530 (Od.
1349 3460 1443 3507 xv
1484 3440 1642 3530 248)
1695 3481 1775 3490 —
1833 3443 2068 3508 Mantii
2124 3443 2243 3510 filii
2296 3443 2688 3530 Polyphides
2744 3445 3192 3535 (Polyvides?)

639 3556 687 3608 .-·ι
751 3552 985 3620 [stitus.
1039 3550 1408 3636 Polyphidis
1453 3550 1627 3616 filius
1675 3547 2190 3635 Theoclymenus
2239 3549 2385 3638 (Od.
2423 3569 2519 3617 xv
2555 3549 2734 3640 256).

819 3656 1236 3740 l'·,slj·p]1idem
1280 3679 1363 3722 ne
1412 3679 1559 3722 cum
1595 3656 1864 3742 Polyide
1901 3662 2049 3723 vate
2088 3658 2504 3725 celeberrimo
2542 3659 3040 3749 confundamus,
3087 3663 3193 3727 ob-

635 3769 810 3831 stare
865 3763 1119 3829 videtur
1173 3785 1306 3827 non
1361 3769 1496 3830 tam
1549 3765 1723 3849 quod
1768 3764 2057 3850 Polyidis
2104 3766 2276 3831 filius
2323 3767 2405 3832 ab
2452 3766 2739 3833 Homero
2783 3768 2857 3833 Π.
2896 3786 3029 3835 xm
3067 3771 3194 3836 663

634 3871 980 3938 Euchenor
1042 3870 1242 3935 fuisse
1309 3871 1569 3955 dicitur,
1635 3895 1831 3958 quam
1886 3873 2059 3957 quod
2111 3872 2252 3957 ipse
2308 3896 2348 3938 a
2401 3873 2682 3940 Pindaro
2738 3874 2811 3941 Ο.
2849 3893 2979 3942 XIII
3021 3879 3106 3943 75
3158 3900 3193 3941 a

635 3976 928 4045 Coerano
977 3977 1297 4065 originem
1343 3978 1602 4045 duxisse
1649 3979 1873 4046 fertur.

810 4084 958 4152 Elei
1005 4106 1189 4171 reges
1230 4083 1597 4152 Oenomaus
1646 4092 1714 4153 et
1750 4086 2031 4174 Augeas,
2066 4087 2350 4154 Arcades
2389 4088 2728 4176 Lycurgus
2769 4087 2872 4177 (Il.
2902 4109 3004 4156 v11
3039 4089 3190 4179 142)

635 4197 702 4258 et
748 4197 882 4257 eius
930 4191 1103 4256 filius
1149 4191 1360 4259 Iasius
1404 4193 1752 4259 Atalantae
1797 4199 1984 4279 pater
2029 4216 2214 4281 reges
2260 4196 2565 4280 inquilini
2610 4216 2816 4281 neque
2861 4197 3001 4264 ulla
3048 4222 3188 4266 cum

635 4297 949 4382 stirpibus
997 4298 1301 4366 Achaicis
1345 4301 1821 4367 necessitudine
1869 4302 2197 4369 coniuncti
2242 4303 2444 4370 fuisse
2491 4304 2806 4371 videntur.

803 4404 1123 4471 Achaicas
1163 4413 1408 4494 genteS,
1446 4432 1605 4493 quas
1645 4432 1724 4476 ex
1755 4409 2092 4476 Thessalia
2126 4410 2197 4475 in
2224 4410 2744 4498 Peloponnesum
2779 4413 3186 4501 immigrasse

636 4535 832 4598 supra
876 4513 1009 4577 iam
1055 4515 1297 4600 monui,
1343 4537 1487 4581 cum
1527 4518 1846 4604 cognatiS,
1892 4517 2003 4604 qui
2039 4516 2109 4582 in
2144 4518 2481 4584 Thessalia
2515 4519 2725 4585 relicti
2764 4525 2967 4607 erant,
3012 4526 3189 4589 arcta

634 4619 1109 4687 necessitudine
1174 4621 1552 4689 coniunctos
1616 4625 1933 4690 mansisse
1988 4625 2306 4690 Pindarus
2360 4626 2730 4693 narratione
2785 4629 2863 4694 de
2918 4628 3185 4695 ducibus

638 4726 1120 4813 Argonauticae
1176 4729 1600 4813 expeditionis
1654 4731 1898 4817 optime
1948 4732 2281 4809 expressit.
2374 4731 2688 4803 Similiter
2733 4734 2991 4801 fabulae
3039 4735 3186 4801 belli
