3417 5434
609 344 766 394 OLYMPIA
785 343 819 396 ΙΙ.

238 507 351 581 ποινάς
374 507 500 586 ἔτισαν,
525 505 563 567 rol
587 502 617 567 δ’
645 503 681 568 ἐν
704 504 782 590 τᾷδε
805 505 889 578 Διὸς
913 503 998 590 ἀρχᾷ
1105 572 1108 576 ,

166 631 198 678 ac
240 613 352 696 άλιτρά
375 611 457 676 κατὰ
480 620 541 693 γᾶς
564 610 686 689 δικάζει
710 634 759 688 τις
782 609 908 695 ἐχθρᾷ·

153 731 206 790 <ool
238 723 336 802 λόγον
360 718 505 802 φράσαις
527 716 662 804 ἀνάγκᾳ.

238 860 278 926 ίσ’
306 861 342 926 έν
366 857 402 925 δὲ
425 861 601 924 νύκτεσσιν
625 861 703 943 αιέί,
1036 865 1117 945 Στρ.
1142 858 1184 940 δ’.

237 975 290 1033 ίσα
314 966 344 1032 δ’
372 965 409 1032 έν
432 965 568 1051 ἁμέραις
592 965 705 1054 ἀέλιον
729 970 858 1050 ἔχοντες
881 965 1102 1052 ἀπονέστερον
1215 983 1265 1030 110

236 1072 322 1139 έσλολ
347 1071 499 1138 δέκονται
523 1076 652 1156 βίοτον,
676 1073 716 1138 οὐ
740 1077 848 1157 χθόνα
872 1074 992 1159 ταράσ-

286 1199 401 1256 σοντες
424 1179 460 1244 έν
483 1180 577 1264 χερὸς
601 1177 688 1267 ἀκμᾷ
1213 1257 1219 1264 Δ

166 1307 195 1352 70
236 1284 312 1352 οὐδὲ
336 1281 475 1352 πόντιον
497 1286 589 1371 ὕδωρ
1215 1304 1265 1350 115

153 1405 203 1472 (65)
236 1396 349 1460 κεινὰν
371 1394 460 1478 παρὰ
489 1395 634 1458 δίαιταν·
659 1393 742 1458 ἀλλά
764 1394 853 1478 παρά
876 1390 937 1478 μὲν
960 1396 1080 1477 τιμίοις

233 1509 322 1568 θεῶν
347 1503 468 1578 οἵτινες
491 1503 624 1587 ἔχαιρον
647 1501 813 1587 εὐορκίαις

234 1609 385 1693 ἀδακρνν
407 1607 562 1692 νέμονται
1215 1624 1266 1670 1⁶20

234 1718 351 1780 αἰῶνα·
376 1713 428 1779 rol
452 1713 481 1778 δ’
509 1713 739 1799 ἀπροσόρατον
762 1713 911 1797 ὀκχέοντι
933 1717 1048 1779 πόνον.

154 1880 189 1926 td.
205 1878 237 1927 τά
255 1872 316 1935 διὸς
334 1872 358 1926 O
374 1904 405 1912 —
424 1877 466 1926 66.
485 1871 498 1924 ἐ
516 1869 575 1939 θρὰ
592 1872 651 1927 ΑΜ
669 1903 701 1911 -
719 1870 832 1941 ἀνάγκα
850 1873 876 1926 A
894 1874 923 1927 et
939 1871 1025 1926 schol.
1043 1903 1076 1911 —
1094 1876 1136 1926 67,
1152 1869 1224 1932 ἴσαις
1235 1867 1266 1922 δὲ
1277 1867 1354 1924 νάκτ.

93 1943 165 2006 ’ἴσαις
182 1943 209 1997 δὲ
224 1928 259 1998 ιέν
278 1964 347 1998 νοιιτ
375 1944 412 1999 Bl
487 1892 560 2005 ίάαις
578 1940 607 1995 δ’
629 1941 658 1996 ἐν
677 1942 722 2010 ἀμ.
743 1943 823 1998 codd.
840 1947 909 1999 vett.
930 1947 958 1997 et
977 1942 1072 2011 schol,
1092 1942 1153 1996 ἴσον
1168 1940 1199 1995 δὲ
1218 1961 1287 1995 ννκτ
1303 1982 1309 1992 .
1326 1984 1354 1995 ..

91 2015 131 2066 ἵνα
145 2013 170 2068 δ’
185 2015 212 2068 ἐν
229 2013 322 2084 Trici,
342 2013 380 2068 λα’
399 2013 429 2068 ἐν
448 2011 479 2067 a
500 2059 505 2068 .
523 2057 549 2068 ..
570 2013 617 2067 λ’σα
636 2012 663 2067 δ’
686 2013 716 2068 ἐν
735 2014 773 2084 ἀμ
801 2015 872 2069 coni.
893 2014 1072 2081 Schwiclrert,
1092 2013 1154 2067 ἴσον
1172 2011 1204 2066 a
1225 2012 1356 2067 ...ἴσον

92 2085 117 2138 έν
138 2086 178 2155 ἀμ.
201 2086 324 2154 Boeckh‚
349 2085 422 2148 ἴσαις
445 2083 476 2138 δὲ
567 2083 640 2148 toute
663 2083 692 2138 δ’
714 2085 759 2154 ἀμ.
784 2091 948 2140 Mommsen.
975 2117 1006 2126 —-
1032 2090 1073 2140 68.
1103 2084 1183 2138 ἅλιον
1211 2083 1291 2137 codd.
1320 2115 1356 2123 -

91 2162 128 2210 69.
146 2158 267 2212 δέκονται
282 2158 321 2211 A:
338 2156 486 2225 δέρκονται
504 2156 601 2224 BOD,
622 2155 753 2226 νέμονται
768 2158 847 2227 Epa,
862 2156 1013 2226 δρέπονται
1028 2156 1099 2210 coni.
1111 2154 1188 2210 Geel.
1204 2187 1236 2195 -
1252 2153 1355 2225 χαράσ-

91 2245 173 2291 σοντες
191 2229 259 2283 οοοί.
276 2228 374 2282 Naber
395 2260 428 2267 -
453 2227 483 2281 έν
504 2227 583 2296 χερὸς
604 2227 680 2301 ἀκμᾷ
699 2228 788 2282 Aer)
807 2232 836 2283 et
855 2227 954 2284 schol:
976 2229 1005 2282 ἐν
1024 2228 1104 2298 χερὸς
1127 2228 1199 2300 ἀλκᾷ
1223 2229 1258 2292 Β,
1282 2227 1354 2299 ἀλκᾷ

91 2308 168 2368 χερῶν
184 2299 286 2354 tlosch.
309 2332 341 2339 -
363 2305 404 2354 71.
425 2297 523 2352 κεινάν
541 2297 660 2353 Mosen:
680 2297 782 2353 κενεὰν
801 2299 936 2367 Aaou,
955 2298 1053 2354 κείναν
1071 2297 1188 2367 Madvig
1202 2297 1273 2351 Adv.
1293 2295 1353 2352 crit.

91 2389 98 2420 1
111 2387 145 2424 ιεε
158 2403 198 2496 -b
200 2369 309 2496 ταμίιχιχ
323 2371 358 2438 Β,
364 2368 460 2504 χάρμαι
475 2369 547 2494 effi
561 2369 707 2492 Thieretih3
727 2369 805 2494 παρὰ
819 2368 962 2496 τιρίαόρχοις
979 2371 1111 2441 Hartung
1130 2401 1161 2409 —
1184 2375 1225 2422 72.
1246 2366 1354 2437 εὐορκί-

90 2459 155 2496 αισιν
217 2475 247 2482 -
305 2461 362 2497 ,το
458 2457 487 2494 sc
509 2457 524 2494 o
549 2457 647 2494 acum
678 2457 879 2496 emmaoco.
946 2474 978 2481 —

90 2591 112 2636 et
121 2585 318 2654 pertine-citatis
327 2583 438 2638 levibus
449 2582 526 2637 vitiis
537 2582 694 2636 maculatas
709 2583 908 2654 intellegamus
923 2583 1083 2654 (Luebbert,
1098 2583 1133 2636 de
1146 2582 1269 2638 Pindaro
1284 2583 1354 2652 dog-

89 2656 160 2709 matis
174 2655 390 2726 demigratione
405 2654 562 2708 animarum
579 2653 685 2709 cultore
699 2674 726 2724 p.
740 2659 803 2715 xlxi.
828 2656 905 2709 Haec
919 2655 1007 2725 igitur
1021 2654 1076 2708 duo
1091 2653 1133 2707 ait
1147 2655 1233 2722 poeta
1247 2653 1355 2708 homini

89 2728 195 2797 sapienti
207 2745 375 2798 persuasum
393 2742 462 2793 esse,
477 2729 507 2780 et
521 2725 635 2793 scelera,
655 2741 727 2793 quae
747 2727 800 2780 hac
819 2727 848 2780 in
868 2729 942 2781 terra
961 2726 1105 2793 latuerint,
1119 2724 1194 2779 infra
1213 2742 1230 2779 a
1249 2726 1353 2779 severis

90 2803 113 2850 et
130 2817 192 2868 quos
208 2817 291 2854 nemo
310 2797 394 2852 fallat
410 2797 551 2851 iudicibus
566 2797 710 2878 castigari,
726 2801 755 2852 et
769 2798 879 2852 animas
893 2801 1066 2852 mortuorum
1080 2793 1253 2865 (θανόντων)
1266 2798 1353 2851 male-

89 2869 147 2923 ficiis
164 2870 286 2941 pollutas
305 2871 397 2924 denuo
416 2868 446 2922 in
465 2871 569 2922 terram
583 2869 698 2937 remitti,
713 2873 745 2922 ut
758 2869 835 2939 turpi
849 2869 973 2939 corporis
987 2869 1094 2923 formae
1108 2868 1234 2922 inclusae
1248 2885 1354 2938 poenae

89 2939 227 3012 impietatis
245 2939 470 3012 malignitatisve
489 2937 571 2993 luant
593 2972 626 2980 -
652 2939 758 2996 ἔτισαν·
789 2957 846 2994 aor.
875 2959 982 3022 gnom,
1010 2940 1045 2994 de
1072 2957 1128 3008 quo
1155 2939 1235 2993 iuxta
1262 2955 1353 3009 praes.

89 3020 207 3084 οεοτριιλο
231 3013 266 3067 of.
281 3012 315 3066 N.
330 3031 362 3065 111
376 3027 403 3066 ιο
423 3041 456 3051 -
476 3017 509 3064 67
584 3016 616 3065 74
642 3027 696 3079 quo
722 3012 806 3066 modo
829 3012 935 3066 iudicia
954 3012 1030 3082 apud
1048 3011 1153 3065 interos
1172 3014 1355 3066 exerceantur

90 3090 111 3135 el
136 3085 254 3139 debitam
279 3083 398 3152 quiaque
423 3083 527 3137 sortem
552 3082 732 3136 nanciscatur
759 3087 843 3153 poeta
871 3084 998 3154 exponit,
1027 3083 1147 3137 alteram
1174 3083 1354 3151 sententiam,

90 3156 269 3222 praecedentis
293 3155 439 3225 strophae,
462 3153 497 3207 τά
521 3152 549 3207 δ’
571 3153 600 3208 ἐν
619 3155 687 3208 τᾶδε
707 3197 734 3209 ..
752 3198 757 3208 .
777 3155 901 3224 ἀνάγκα,
925 3155 1036 3225 longius
1060 3171 1238 3225 persequens.
1276 3155 1354 3210 Haec

90 3226 151 3280 erim
176 3231 259 3296 poeta
288 3227 419 3293 obscura,
448 3227 546 3295 utpote
574 3209 709 3293 mystica,
738 3213 880 3297 dogmata'
897 3225 1081 3309 Orphiccrum
1111 3228 1223 3279 secutus
1254 3225 1353 3280 docere

90 3297 197 3353 voluisse
215 3299 341 3353 videtur:
361 3297 483 3367 primum
501 3299 673 3350 mortuorum
692 3297 726 3352 de
746 3297 829 3352 saetis
850 3315 868 3351 a
887 3297 1027 3352 iudicibus
1047 3297 1111 3351 Orci
1130 3296 1267 3350 iudicium
1285 3297 1353 3367 fieri,

90 3367 177 3424 deinde
213 3370 298 3424 robos
316 3369 346 3422 in
365 3368 461 3422 sedem
478 3368 596 3437 piorum,
615 3367 757 3438 improbos
776 3369 806 3422 in
825 3370 921 3424 sedem
939 3369 1089 3440 impiorum
1102 3367 1186 3435 mitti,
1202 3371 1261 3422 tum
1276 3372 1354 3438 post-

90 3457 160 3506 quam
178 3389 233 3495 illis
251 3441 281 3494 in
300 3439 414 3495 sedibus
433 3455 483 3509 per
502 3438 611 3507 aliquot
629 3456 717 3493 annos
737 3441 847 3494 animae
863 3443 1052 3496 commoratae
1067 3439 1180 3507 suerint,
1194 3457 1289 3493 rursus
1304 3457 1353 3513 eas

90 3509 111 3563 in
129 3520 224 3566 terram
243 3511 350 3566 remitti
369 3514 399 3565 et
417 3510 525 3580 corpori
544 3510 631 3580 iungi,
652 3513 684 3564 ut
703 3511 777 3565 aliae
795 3529 875 3582 reges
895 3515 924 3566 et
942 3513 1039 3566 heroes
1058 3513 1136 3580 fiant,
1157 3509 1231 3564 aliae
1246 3528 1309 3565 sues
1324 3514 1354 3566 et

91 3581 154 3638 ferae
171 3584 212 3650 (fr.
228 3587 290 3652 raa),
319 3598 401 3653 porro
421 3581 485 3636 illos
504 3583 629 3636 mortuos
648 3580 750 3636 iterum
769 3600 868 3638 severa
886 3583 993 3637 iudicia
1012 3583 1120 3650 subire,
1149 3599 1205 3652 quo
1224 3582 1291 3637 orbe
1310 3586 1354 3637 ter

89 3669 202 3720 percurso
212 3655 328 3709 tandem
338 3653 387 3723 qui
397 3653 471 3707 infra
481 3655 510 3706 et
519 3670 603 3723 supra
614 3657 657 3707 ter
667 3653 780 3723 probati
790 3655 896 3709 fuerint
909 3656 947 3708 ad
958 3654 1066 3709 insulas
1080 3655 1180 3708 beatas
1190 3653 1281 3723 Elysii
1291 3672 1353 3725 per-

90 3725 170 3780 venire
183 3759 214 3767 -
229 3732 271 3782 67.
288 3725 334 3780 ἴσα
345 3769 350 3780 ,
363 3769 369 3779 .
380 3768 386 3780 .
398 3725 453 3793 ίσα,
464 3724 570 3796 pariter
581 3728 665 3778 noctu
676 3729 761 3794 atque
771 3725 903 3796 interdiu,
918 3730 950 3780 ut
963 3729 1101 3798 perpetua
1115 3725 1252 3780 serenitas
1267 3726 1353 3796 signi-

89 3797 183 3854 ficetur:
211 3799 245 3852 ολ.
266 3797 353 3867 epigr.
374 3796 435 3851 coll.
460 3795 573 3850 Kaibeli
598 3815 623 3850 n.
643 3813 709 3853 casu:
735 3796 904 3866 Λητογενές,
930 3800 963 3852 σὺ
990 3798 1020 3852 a
1046 3800 1152 3860 παῖδας
1178 3796 1209 3851 έν
1235 3798 1353 3864 ἡρώεσσι

89 3868 232 3936 οολάσσοις,
252 3866 389 3941 εὐσεβέων
404 3867 460 3922 αἰεὶ
474 3877 563 3938 χῶρον
584 3865 774 3938 ἐπερχόμενος.
806 3869 910 3924 Contra
928 3869 1027 3925 schol:
1048 3869 1109 3924 ίοον
1127 3870 1193 3937 ἡμῖν
1212 3877 1270 3932 τοῖς
1288 3872 1353 3934 ζῶσι

90 3939 177 4005 χρόνον
187 3939 329 4014 ἐπιβάλλει
339 3938 354 3992 ό
364 3937 441 4008 ἥλιος
450 3940 499 3992 καλ
509 3947 566 4001 τοῖς
577 3938 606 3992 ἐν
617 3937 689 4013 ᾅδου
705 3943 834 4009 δικαίοις,
849 3959 922 4010 quae
936 3939 1133 4012 interpretatio
1147 3957 1246 4010 parurn
1261 3941 1352 4010 splen-

90 4010 154 4063 doris
169 4013 242 4066 ritae
257 4013 404 4065 beatorum
419 4010 531 4064 alienet
550 4039 582 4050 -
603 4016 644 4065 68.
665 4011 862 4080 ἀπονέστερον,
880 4013 973 4066 minus
991 4011 1140 4066 molestam
1159 4011 1246 4065 vitam
1266 4029 1352 4080 quam

90 4099 150 4147 quae
163 4082 203 4154 iis,
218 4084 285 4137 dum
299 4081 330 4136 in
344 4081 398 4135 hac
410 4085 484 4135 terra
495 4082 608 4150 degunt,
618 4081 731 4153 obtigit.
751 4083 948 4152 Agriculturae
958 4087 988 4137 et
997 4082 1187 4154 navigationis
1198 4082 1351 4151 laboribus,

90 4170 147 4219 quos
157 4153 204 4208 alii
217 4155 254 4208 ob
263 4170 357 4208 rerum
370 4152 516 4223 penuriam
527 4152 634 4222 (κεινὰν
648 4153 726 4222 παρὰ
737 4153 850 4208 δίαιταν
861 4174 886 4210 v.
898 4159 933 4225 ιι)
949 4155 1089 4225 suscipere
1103 4156 1247 4221 cogantur,
1263 4154 1352 4208 iustos

91 4222 112 4276 iu
126 4225 189 4280 Orco
207 4241 308 4280 vacare
325 4222 463 4278 Pindarus
479 4223 516 4278 ad
530 4223 688 4294 exemplum
702 4225 819 4279 Hesiodi
838 4243 901 4296 opp.
917 4244 956 4280 aa
971 4226 1093 4297 exponit.
1126 4225 1241 4278 Pindari
1255 4243 1351 4280 versus

89 4299 143 4349 aule
161 4297 251 4350 oeulos
268 4294 371 4349 habuit
384 4295 534 4365 Gregorius
548 4295 626 4364 Nau,
646 4296 680 4349 de
700 4296 847 4366 spiritibus
867 4298 1035 4352 coelestibus
1054 4301 1075 4352 t.
1090 4316 1110 4349 11
1128 4315 1155 4366 p.
1169 4313 1196 4349 ιο
1211 4313 1228 4349 a
1242 4297 1351 4352 Tafelic

90 4365 216 4422 laudatus:
237 4369 270 4423 οὐ
290 4370 409 4430 πλοῦτος
432 4364 565 4421 κείνοισιν
590 4367 718 4436 ἐράσμιος
742 4367 804 4422 οὐδ’
827 4367 878 4423 ὅσα
902 4373 1038 4438 θνητοῖς(
1058 4372 1129 4422 Γαῖα
1153 4366 1234 4437 φέρει
1253 4367 1352 4437 κακίης

89 4439 261 4509 μελεδήματα·
287 4439 339 4492 οὐκ
363 4435 503 4505 ἀρόονσιν,
526 4442 529 4507 Ι
551 4439 583 4492 οὐ
607 4437 712 4506 πελάγη
737 4441 877 4494 πλώουσιν
900 4439 1024 4507 ἀτειρέος
1047 4437 1150 4494 οὕνεκα
1173 4437 1298 4509 γαστρός.
1318 4473 1351 4480 -

90 4513 123 4561 il.
144 4509 238 4580 τιμίοις
256 4513 347 4564 θεῶν·
374 4509 473 4565 schol:
499 4515 536 4580 τῷ
556 4509 699 4564 Πλούτωνι
720 4511 766 4564 καλ
786 4520 818 4581 τᾷ
838 4510 1013 4584 Περσεφόνῃ.
1051 4509 1134 4580 τίμιοι
1154 4509 1272 4565 illinon
1292 4514 1352 4564 tam

90 4582 152 4646 quod
169 4580 299 4637 honorati
319 4579 393 4633 inter
412 4579 477 4634 deos
496 4583 562 4634 suut
580 4580 767 4651 appellantur,
784 4583 832 4636 sed
847 4583 984 4653 peculiari
997 4600 1049 4636 usu
1064 4583 1139 4650 quod
1153 4582 1234 4651 τιμάς
1249 4582 1352 4636 ἀπονέ-

89 4671 157 4716 μουσι
169 4663 224 4717 τοῖς
237 4657 382 4707 θανοῦσιν
392 4683 425 4690 -
437 4657 478 4706 7⁴2.
489 4651 589 4716 οἵτινες
604 4653 717 4722 ἔχαιρον
732 4651 873 4722 εὐορκίαις
887 4655 976 4709 vicem
991 4653 1112 4708 subiecti
1126 4653 1205 4707 verbi
1220 4652 1352 4723 νέμονται

90 4721 208 4780 obtinent.
247 4721 402 4788 Quominus
426 4739 460 4777 ea
483 4741 546 4776 oum
565 4724 801 4778 Raucheusteinio
821 4727 857 4779 ad
876 4723 976 4796 τιμίοις
994 4730 1072 4780 θεῶν
1091 4725 1207 4795 referas,
1227 4725 1290 4796 ipsa
1308 4726 1351 4779 vis

90 4795 245 4860 pronominis
265 4792 369 4856 οἵτινες
388 4793 483 4848 ctat-at
502 4827 534 4834 -—
555 4801 596 4850 74.
617 4795 766 4865 impiorum
785 4795 814 4849 in
834 4798 905 4852 Orco
924 4797 1013 4852 vitam
1033 4798 1108 4867 quod
1127 4815 1182 4852 uno
1200 4813 1282 4852 versu
1301 4798 1350 4851 ab·
