3417 5434
909 1196 1052 1250 ΟΛΤΜΠ.
1070 1194 1106 1250 Ι’.
1184 1200 1185 1203 ’

398 1356 843 1443 ΑΓΗΣΙΔΑΜΩι
879 1357 1131 1444 ΛΟΚΡΩι
1168 1356 1609 1442 ΕΠΙΖΕΦΥΡΙΩι

875 1554 976 1603 ΠΑΙΔΙ
997 1553 1144 1604 ΠΤΚΤΗι.

891 3591 1132 3674 Argumentum.

463 3720 661 3798 Agesidamns
690 3720 877 3781 Archestrati
907 3720 987 3780 filius
1017 3722 1130 3781 Locrus
1161 3721 1377 3798 Epizephyrius
1407 3722 1547 3800 pugilatu
1573 3737 1635 3797 puer

375 3807 421 3867 01.
438 3812 479 3867 74
494 3835 536 3856 =
551 3812 616 3870 484
635 3830 661 3869 a.
678 3809 744 3868 cur.
763 3810 795 3868 in
814 3811 934 3871 scholiis
948 3810 1112 3887 Vaticanis,
1132 3809 1178 3870 01.
1196 3815 1235 3872 76
1256 3837 1298 3859 =
1318 3814 1382 3871 476
1403 3830 1429 3870 a.
1445 3811 1512 3871 Chr.
1531 3813 1561 3869 in
1577 3809 1634 3867 Am·

372 3898 520 3957 brosianis
544 3891 600 3981 (A)
623 3899 729 3959 vicisse
752 3900 933 3976 perhibetur.
980 3900 1056 3959 Utra
1078 3900 1203 3961 traditio
1225 3920 1297 3960 vera
1324 3901 1365 3960 sit
1391 3902 1471 3961 certe
1495 3893 1633 3959 diiudicari

373 4008 433 4047 non
456 3991 564 4066 potest,
588 3988 677 4047 alteri
699 3992 802 4048 antem
825 3991 857 4048 et
879 3989 975 4048 maior
997 3986 1075 4048 fides'
1092 3988 1201 4049 codicis
1219 3989 1410 4050 Ambrosiani
1429 3990 1514 4050 favet
1537 3994 1565 4050 et
1582 3988 1633 4044 lau·
1672 4012 1673 4077 p

373 4078 456 4138 datio
479 4078 603 4137 bellicae
626 4078 751 4138 virtutis
773 4078 937 4138 Locrorum
955 4098 982 4139 v.
999 4088 1032 4137 15
1051 4078 1141 4156 facta,
1161 4098 1238 4155 quae
1262 4079 1288 4137 si
1311 4080 1350 4139 ad
1369 4080 1511 4139 Anaxilai
1532 4072 1633 4157 tyranni
1672 4078 1673 4163 l

374 4187 458 4226 arma
472 4186 491 4226 a
505 4166 608 4227 Locris
625 4167 736 4227 reiecta
751 4158 803 4248 (cf.
818 4167 851 4227 P.
866 4186 888 4224 11
904 4158 952 4248 19)
967 4170 1091 4247 spectat,
1110 4169 1167 4229 hoc
1190 4188 1309 4229 carmen
1332 4172 1400 4246 post
1423 4189 1537 4229 annum
1555 4160 1632 4240 lllfb
1672 4164 1673 4241 l

376 4257 522 4332 scriptum
549 4256 590 4314 sit
616 4276 734 4317 necesse
762 4259 815 4315 ost.
863 4256 1052 4333 Quamquam
1080 4258 1159 4317 enim
1189 4258 1268 4318 inter
1294 4259 1451 4319 victoriam
1480 4251 1634 4339 Agesidami

374 4348 405 4403 et
423 4345 615 4422 praeconium
634 4346 697 4404 eius
716 4345 772 4405 hoc
791 4346 921 4405 carmine
940 4346 1056 4406 factum
1075 4347 1267 4423 aliquantum
1289 4348 1432 4423 temporis
1455 4349 1634 4423 interlapsum
1672 4388 1673 4395 κ

375 4452 438 4493 esse
461 4454 497 4493 ex
519 4434 607 4493 initio
631 4434 770 4493 carminis
795 4436 901 4513 elucet,
924 4438 1024 4496 tamen
1048 4437 1177 4495 immane
1201 4440 1247 4495 est
1270 4440 1402 4496 statuere
1421 4438 1502 4496 ludis
1521 4429 1633 4511 olympi·

375 4523 416 4582 cis
439 4524 562 4583 tertium
585 4524 791 4603 redeuntibuS‚
822 4525 840 4583 i.
866 4546 890 4583 e.
914 4528 981 4585 octo
1009 4526 1095 4584 annis
1118 4528 1280 4603 postquam
1302 4530 1390 4603 parta
1413 4527 1466 4605 sit,
1496 4523 1633 4587 victoriam

375 4613 578 4688 praedicatam
606 4632 677 4674 esse.
724 4613 835 4685 Quodsi
860 4634 887 4673 a.
907 4616 970 4673 476
994 4614 1050 4674 hoc
1073 4634 1192 4675 carmen
1215 4615 1330 4675 factum
1353 4619 1412 4695 est,
1439 4638 1500 4677 non
1522 4616 1632 4690 longer

375 4706 508 4778 tempore
527 4703 692 4761 carminum
712 4701 746 4762 Ο.
761 4722 796 4760 111
810 4706 841 4761 et
856 4701 890 4764 Ο.
905 4722 924 4781 r,
945 4722 1021 4779 quae
1045 4705 1076 4762 in
1100 4704 1191 4765 simili
1215 4706 1338 4764 materie
1361 4710 1528 4785 vorsantur,
1550 4700 1632 4761 distat·

375 4791 439 4850 Hoc
467 4796 569 4850 autem
595 4792 669 4852 bcne
697 4793 728 4850 in
756 4796 851 4850 artem
884 4792 1007 4851 Pindari
1040 4794 1183 4873 quadrat,
1212 4814 1301 4871 quom
1329 4795 1360 4852 in
1387 4796 1564 4854 carminibus
1588 4785 1631 4847 sub
