3417 5434
659 283 858 354 [summ
1328 284 1392 347 311

99 462 142 509 10
168 444 229 511 καλ
252 444 404 529 γυναιξὶν
426 448 675 530 καλλικόμοισιν
698 445 863 530 ἀριστεύει
886 446 1000 512 πάλαι·

171 555 260 631 Ζεύς
278 552 328 618 ἐπ’
350 552 536 637 Ἀλκμήναν
555 552 695 618 Δανάαν
714 576 748 618 τε
766 554 878 637 μολὼν
901 562 1021 619 τοῦτον
1042 552 1205 639 κατέφανε
1226 557 1393 641 λόγον’,εο

168 658 272 746 πατρὶ
297 658 328 725 δ’
351 658 543 747 Ἀδράστοιο
568 663 695 743 Λυγκεῖ
714 684 748 725 τε
772 671 906 745 φρενῶν

217 770 345 852 καρπὸν
368 767 484 855 εὐθείᾳ
507 766 712 854 συνάρμοξεν
735 768 824 855 δίκᾳ·

168 1000 278 1085 θρέψε
302 998 333 1064 δ’
358 1000 480 1084 αἰχμὰν
500 997 755 1085 Ἀμφιτρύωνος.
793 996 867 1064 ὁδ’
893 1000 981 1087 όλβςο
1004 998 1166 1086 φέρτατος
1212 999 1276 1066 'Ere
1296 1000 1340 1066 α’.

169 1105 251 1171 ἵκετ’
278 1105 310 1184 ές
333 1092 446 1173 κείνου
469 1105 600 1190 γενεάν,
623 1104 692 1171 ἐπεὶ
715 1104 751 1170 έν
774 1105 924 1194 χαλκέοις
946 1105 1061 1184 ὅπλοις
1359 1127 1392 1174 ιο

103 1232 144 1278 15
178 1216 343 1298 Τηλεβόας
366 1216 495 1299 ἔναρεν·
519 1223 565 1301 τῷ
589 1211 667 1297 <δ’>
691 1214 770 1291 όύιν
793 1212 978 1299 ἐειδόμενος

170 1320 353 1386 ἀθανάτων
375 1323 530 1405 βασιλεὺς
553 1320 659 1386 αὐλάν
682 1320 823 1405 ἐσῆλθεν

171 1425 290 1513 σπέρμ’
316 1428 515 1513 ἀδείμαντον
538 1427 650 1513 φέρον
669 1425 861 1513 Ἡρακλέος·
885 1425 925 1494 οὗ
947 1426 1019 1493 κατ’
1037 1426 1207 1513 Ὄλυμπον
1358 1448 1392 1495 ευ

169 1537 291 1619 άλοχος
305 1532 409 1619 Ἥ-βα
432 1537 531 1601 τελεί-

217 1643 348 1729 απαρδ
371 1640 486 1727 ματέρι
509 1640 652 1726 βαίνοισ’
679 1644 762 1725 έστι,
785 1644 943 1709 καλλίστα
965 1649 1066 1708 θεῶν.

1198 1790 1247 1851 Στ
1271 1838 1277 1851 .
1323 1787 1340 1851 ’.

170 1893 279 1979 βραχύ
297 1916 353 1978 μοι
373 1894 475 1977 στόμα
495 1889 592 1957 πάντ’
614 1889 834 1975 ἀναγήσασθ’,
854 1892 942 1958 ὅσον
959 1890 1106 1978 Ἀργεῖον
1125 1895 1189 1977 ἔχει
1207 1791 1341 1978 selenis
1359 1911 1393 1959 35

189 2146 231 2195 10.
251 2140 379 2209 γυναιξὶν
399 2138 524 2193 Schmid:
544 2140 654 2209 γυναιξὶ
677 2138 744 2193 BD
762 2171 795 2179 -
817 2145 857 2194 11.
882 2148 983 2194 τοῦτον
1005 2156 1039 2194 ex
1059 2139 1173 2195 scholiis
1192 2140 1319 2197 Schmid:
1342 2140 1393 2196 τδν

104 2212 187 2277 BD,
207 2210 306 2265 πιστὸν
324 2210 369 2264 vel
389 2209 451 2265 ἐτὸν
470 2208 540 2264 coni.
556 2210 648 2282 Bergk
667 2241 700 2250 -
721 2216 762 2264 12.
781 2212 867 2278 πατρὶ
886 2210 914 2264 δ’
935 2210 1038 2265 lemma
1056 2212 1086 2265 in
1104 2212 1147 2267 D:
1165 2209 1251 2279 πατρί
1268 2211 1294 2266 τ’
1311 2213 1391 2266 codd.

106 2316 143 2323 —-
167 2284 234 2338 fort.
255 2283 305 2337 σύν
329 2280 393 2353 άρμ.
412 2314 447 2321 -
467 2286 508 2337 14,
529 2280 556 2345 ἐς
580 2280 618 2336 ἐκ.
638 2281 665 2336 Β
683 2314 718 2321 -
737 2280 799 2336 fort.
820 2282 944 2352 γαμετάν
963 2314 996 2322 -
1017 2289 1057 2337 15.
1081 2281 1192 2350 ἔναρεν·
1211 2288 1249 2337 τῶ
1273 2282 1301 2338 δ’
1323 2282 1392 2352 tuso

106 2354 188 2409 coni.
212 2354 367 2408 Hermann:
398 2351 479 2420 ἔναρε
502 2350 606 2423 (ἔναιρε
632 2354 669 2422 Β)
692 2374 718 2407 τι
742 2352 769 2406 οἱ
792 2353 819 2408 Β
833 2354 875 2419 D,
899 2351 1029 2420 έναρόντι
1052 2353 1079 2408 οἱ
1102 2371 1135 2408 ex
1159 2338 1244 2409 schol.
1269 2354 1392 2421 Schmin,

106 2423 266 2551 ἐναρβντος
293 2423 375 2550 Buff·
389 2424 558 2493 Mommsen,
588 2423 699 2494 ἔναρεν,
727 2425 778 2480 θοι
805 2422 833 2478 δ’
861 2423 930 2493 ὄψιν
956 2424 1070 2479 Heimer
1097 2425 1175 2480 Stnd.
1200 2425 1280 2481 Pind.
1303 2444 1330 2483 se
1357 2459 1391 2468 -

109 2504 156 2552 le.
200 2494 299 2567 ργεέων
366 2528 400 2535 -

106 2678 199 2746 poeta
217 2674 270 2729 Am
291 2674 419 2729 hiareum
439 2674 518 2742 dixit,
537 2675 630 2729 locum
651 2674 765 2729 Homeri
785 2678 859 2729 ens
878 2674 938 2728 ἐπεὶ
956 2673 1089 2745 πολέμοιο
1107 2672 1194 2744 νέφος
1212 2676 1277 2743 περὶ
1294 2671 1390 2730 πάντα

107 2746 250 2801 καλύπτει
303 2766 374 2815 κτωρ
397 2746 549 2816 respiciens
567 2750 597 2801 et
615 2764 678 2799 cum
697 2749 778 2816 perte
797 2744 966 2800 scholiorum
986 2749 1021 2815 (v.
1039 2744 1125 2801 schol.
1139 2746 1174 2809 B)
1193 2745 1235 2800 ita
1252 2744 1390 2816 interpre-

106 2822 192 2885 tans,
211 2821 243 2872 ut
262 2816 348 2888 νέφος
366 2816 573 2888 appositionem
590 2816 711 2872 nominis
730 2816 858 2872 Hectoris
877 2834 938 2871 esse
956 2820 1070 2887 putaret
1089 2850 1122 2857 —
1142 2823 1183 2871 ta.
1208 2816 1389 2888 συνάρμοξεν,

107 2886 365 2958 εοί1.Ἆργος,οου
396 2889 476 2956 Ζεύς,
500 2892 531 2943 ut
553 2889 623 2943 bene
647 2886 750 2943 statuit
776 2887 964 2956 Friederichs,
992 2888 1072 2942 Pind.
1093 2888 1171 2943 Stud.
1211 2905 1276 2955 ,εις
1303 2890 1391 2944 verba

108 2960 296 3024 εοὶοιΖεύς.
313 3004 318 3015 .
335 2958 439 3030 ,λόγον
457 2960 486 3014 in
524 2960 666 3015 arenthesi
685 2959 780 3014 media
797 2958 946 3013 interiecta
963 2962 1029 3014 sunt
1048 2993 1081 3000 -
1101 2958 1178 3014 δέκα·
1222 2959 1295 3028 aleo,
1314 2960 1389 3030 patri

109 3030 244 3102 Adrasti,
267 3034 297 3086 et
318 3031 441 3100 Lynceo,
465 2980 588 3102 Aplrarei
610 3031 682 3099 filio,
706 3030 808 3085 mentis
829 3030 999 3100 sapientiam
1020 3014 1200 3101 (φρενῶν’κα
1218 3029 1285 3100 κόν,
1304 3032 1339 3087 cf.
1359 3032 1388 3086 P.

108 3124 130 3156 11
146 3107 187 3173 rr)
201 3120 263 3157 cnm
278 3102 389 3158 iustitie
402 3102 527 3157 iunctam
541 3102 653 3173 tribuit;
673 3103 706 3158 cf.
722 3103 755 3157 N.
771 3121 799 3155 εκ
812 3118 846 3156 ιι.
867 3102 896 3157 Ρ.
906 3121 924 3155 v
940 3119 977 3168 τις
994 3103 1066 3157 hene
1080 3105 1175 3158 autem
1214 3102 1308 3157 elaum
1327 3120 1390 3157 cum

108 3176 225 3244 Lynceo
247 3177 333 3245 poete
355 3174 511 3244 copulavit,
534 3174 647 3243 quando
666 3191 761 3229 eornm
780 3172 908 3243 sepulcra
926 3173 1006 3227 iuxta
1023 3174 1118 3244 posits.
1135 3179 1229 3243 erant,
1253 3178 1285 3229 ut
1308 3175 1391 3230 docet

109 3247 197 3301 Faus.
211 3265 232 3299 11
247 3262 281 3311 ss,
296 3263 308 3300 a
323 3278 356 3286 -
373 3252 413 3301 13.
433 3243 537 3315 θρέψε·
557 3245 668 3316 proprie
683 3245 717 3299 de
732 3244 826 3315 petria
840 3261 905 3298 suos
919 3245 994 3300 cives
1010 3244 1152 3299 nutriente
1165 3245 1284 3314 dicitur3
1304 3246 1339 3300 cf.
1353 3246 1388 3299 N.

108 3338 130 3371 n
147 3334 188 3385 ιτς
202 3316 368 3386 Amphitryo
378 3316 453 3371 enim
466 3334 529 3369 cum
539 3316 621 3387 Argis
635 3320 718 3371 nctus
733 3319 762 3371 et
775 3316 911 3371 educatus
926 3319 1007 3385 esset,
1021 3319 1121 3387 postes
1130 3316 1242 3372 Thebas
1255 3316 1390 3387 migravit

110 3422 145 3431 -
159 3395 193 3443 13
204 3407 239 3443 ss.
259 3387 386 3443 fabulam
400 3389 436 3442 de
450 3388 523 3456 Iove,
538 3392 570 3442 ut
583 3388 745 3443 Alcmenam
761 3391 957 3458 corrumperet,
971 3388 1090 3442 formam
1104 3387 1315 3458 Amphitryonis
1330 3406 1388 3443 ma·

109 3460 171 3527 riti,
190 3459 239 3529 qui
258 3462 355 3514 contra
369 3458 506 3514 Teleboas
520 3459 660 3529 profectus
680 3462 749 3528 erat,
768 3458 901 3514 induente
920 3458 1002 3513 multi
1020 3460 1196 3528 rettulerunt,
1215 3458 1389 3530 lepidissime

108 3532 232 3586 Plautus
251 3530 279 3585 in
294 3530 497 3601 Amphitruone
512 3562 545 3571 -
561 3536 602 3587 13.
623 3530 637 3584 δ
657 3529 684 3585 δ’
702 3530 773 3604 ὄλβῳ
787 3528 936 3600 φέρτατος·
958 3530 1038 3594 Ζεύς’
1059 3531 1093 3587 cf.
1108 3531 1128 3585 I.
1143 3550 1182 3584 vn
1195 3530 1272 3586 στὸν
1285 3529 1388 3612 φέρτα-

108 3624 162 3659 τον
182 3607 259 3658 θεῶν
276 3633 313 3643 ·-
332 3608 374 3659 14.
394 3600 463 3657 ἵκετ’
481 3602 509 3665 ἐς
527 3600 621 3657 κεένου
640 3601 749 3671 γενεάν,
767 3601 798 3656 in
812 3602 1024 3673 Amphitryonis
1042 3604 1155 3672 gentem
1173 3604 1203 3656 et
1220 3603 1389 3657 affimtatem

110 3672 220 3745 Iupiter
245 3691 260 3728 o
282 3673 367 3727 timus
386 3673 524 3727 mersimus
543 3673 621 3728 venit
639 3674 788 3729 concubitu
807 3690 871 3727 cum
889 3673 949 3727 eius
968 3690 1053 3728 uxore
1071 3672 1155 3741 inito,
1181 3674 1215 3727 cf.
1235 3672 1389 3728 Hesiodum

109 3748 183 3800 scut.
198 3761 224 3801 ss
270 3744 390 3800 erculem
410 3747 439 3799 et
456 3744 591 3815 Iphiclem
610 3744 749 3801 dicentem
770 3744 937 3815 κεκριμένην
954 3744 1056 3814 γενεήν
1079 3776 1113 3785 -
1135 3744 1261 3816 χαλκέοις
1281 3743 1387 3808 ὅπλοιςΙ

110 3834 203 3873 aenea
228 3833 306 3871 mma
332 3815 395 3871 aevi
420 3816 526 3871 heroici
549 3833 566 3871 a
588 3816 685 3872 ferreis
712 3816 796 3869 ermis
822 3815 1008 3870 recentiorum
1033 3819 1190 3887 temporum
1216 3814 1388 3887 distinguere

109 3887 251 3943 Pindems
270 3887 415 3942 consuerit
436 3920 467 3928 -
488 3893 529 3943 15.¹
554 3887 665 3957 ἔναρεν·
690 3887 749 3942 scil.
769 3896 861 3949 selvae
881 3886 940 3941 sive
959 3887 1138 3957 Amphitryo;
1163 3886 1202 3956 δ’,
1226 3887 1302 3956 quod
1324 3889 1389 3957 post

110 3965 149 4033 τῷ
169 3960 346 4014 Hermsnnns
364 3958 525 4027 inculcavit,
544 3959 638 4014 nescio
657 3976 694 4013 eu
713 3975 806 4013 cerere
824 3957 1012 4028 possimus-
1029 3964 1069 4013 18.
1089 3958 1189 4013 schol:
1205 3955 1388 4025 Ἡρακλέοςη

110 4027 768 4173 {tettnlzltttttttl0335th
779 4027 1389 4171 tttftttttesttenete

110 4171 203 4228 τελεία
224 4172 313 4242 Ζηνός
331 4170 433 4228 εύναία
451 4175 553 4243 δάμαρ.
573 4172 629 4229 ἔστι
647 4172 701 4243 γάρ
719 4170 790 4241 αὕτη
811 4169 934 4242 γαμηλία
952 4173 1001 4226 καλ
1024 4170 1115 4243 goyla,
1139 4170 1196 4227 ἔστι
1215 4170 1247 4226 δὲ
1266 4172 1281 4225 ό
1300 4170 1389 4242 γάμος

111 4244 216 4309 τέλειος
238 4243 287 4299 διὰ
310 4244 341 4299 τὸ
364 4242 521 4314 τελειότητα
545 4242 607 4317 βίον
629 4242 853 4309 κατασκευάζειν.
892 4243 1020 4298 Ceterum
1046 4243 1093 4298 hic
1116 4259 1227 4313 quoque
1249 4242 1388 4297 Pindarus

111 4318 274 4372 accuratam
296 4316 428 4370 notitiem
446 4315 614 4386 Argivorum
636 4318 879 4370 monumentorum
901 4332 969 4400 prae
992 4332 1022 4369 se
1041 4315 1107 4382 fert;
1135 4314 1290 4369 Pausanias
1313 4314 1389 4369 enim

111 4389 198 4443 refert
215 4406 237 4440 11
256 4404 289 4455 ιλ,
308 4402 320 4442 5
339 4385 447 4457 λέγεται
465 4386 496 4441 δὲ
515 4385 720 4457 παρεστηκέναι
738 4395 771 4458 τῇ
784 4384 858 4460 Ἥρᾳ
876 4406 959 4459 τεγνη
979 4386 1149 4450 Ναυκύδους
1168 4385 1279 4456 ἄγαλμα
1292 4383 1388 4458 Ἥβης,

113 4459 265 4528 ἐλέφαντος
281 4460 330 4513 καλ
347 4467 429 4513 τοῦτο
449 4460 494 4513 καλ
515 4467 626 4529 χρυσοῦ.

184 4536 227 4585 19.
245 4528 413 4600 Argivorum
431 4530 562 4585 decorum
580 4529 817 4585 enumerationem
837 4528 923 4582 simili
941 4529 1024 4583 modo
1048 4532 1133 4598 etque
1155 4529 1175 4583 1.
1190 4547 1218 4582 τι
1232 4544 1258 4584 se
1272 4529 1386 4583 abrum-

112 4603 162 4671 pit,
182 4604 214 4655 ut
232 4602 269 4655 ed
287 4600 420 4656 victorias
434 4600 538 4658 Thesei
554 4603 680 4657 transeut
695 4634 727 4641 -
743 4602 831 4673 βραχὺ
847 4644 852 4654 .
870 4645 875 4653 .
892 4643 897 4653 .
913 4600 1124 4670 ἀναγήοατθαι·
1144 4617 1175 4654 os
1189 4599 1260 4653 mihi
1274 4599 1386 4654 brevius

113 4677 155 4728 cst
173 4690 259 4743 quam
278 4672 353 4742 quod
371 4672 466 4727 omnia
485 4674 586 4728 decore
605 4690 735 4728 enarrare
749 4672 851 4743 possit,
870 4673 900 4725 et
913 4675 1059 4741 praeterea
1073 4672 1143 4742 (καὶ)
1157 4671 1283 4726 taedium
1297 4671 1388 4726 homi·

113 4764 179 4800 num
197 4742 267 4799 mihi
286 4743 450 4814 fugiendum
469 4746 513 4799 ost
532 4776 565 4786 -
585 4751 701 4815 Αργεϊον
719 4742 843 4815 τέμενος,
868 4743 942 4811 quod
965 4746 1026 4798 tota
1049 4746 1125 4798 terra
1143 4742 1249 4812 Argiva
1274 4743 1387 4797 Iunonis
