3417 5434
371 327 394 380 1.
422 328 472 378 Da
491 325 684 378 CODIGIBUS
703 325 955 389 SUBSIDIISQUE
974 327 1136 379 CRITICIS.
1362 325 1401 379 IX

112 489 146 554 V
200 520 245 542 =
265 487 436 554 Parisinus
456 489 542 554 2403
572 509 654 553 saec.
678 485 758 552 XIII
777 510 838 574 en,
868 488 1013 553 continet
1041 486 1192 574 Olympia
1221 493 1255 553 et
1281 488 1402 574 Pythia

203 601 238 662 et
262 594 356 661 Nem.
375 613 470 660 1-1v
489 597 532 661 68
557 599 590 660 et
611 613 648 659 vr
667 597 800 662 33-44
828 618 902 661 cum
925 595 1059 662 scholiis
1082 595 1251 662 Vaticanis
1275 596 1400 681 mintis3

203 727 244 768 ex
263 703 299 769 E
318 701 553 788 interpolatum
577 725 651 767 eum
674 724 744 768 csse
768 702 863 768 docet
880 702 916 769 P.
929 721 968 766 lx
983 704 1025 769 10
1031 754 1041 789 ,
1064 708 1223 790 cognatus
1248 709 1298 769 est
1316 703 1400 768 ccdi-

203 811 298 876 cibus
321 809 508 876 Thomanis.

113 919 150 986 X
203 950 248 972 =
269 917 436 983 Parisinus
460 919 547 983 2709
581 939 662 982 saec.
685 916 757 1000 XV,
789 916 936 982 continet
968 916 1121 1003 Olympia
1152 924 1185 983 et
1215 915 1335 1003 Pythia
1367 923 1401 983 et

204 1023 299 1090 Nem.
314 1043 408 1089 1-1v
423 1026 479 1110 683
500 1047 539 1089 ex
558 1025 626 1091 cod.
642 1024 674 1090 V
687 1025 878 1091 descendere
897 1025 1037 1109 videtur,
1056 1026 1112 1090 sed
1131 1027 1289 1110 quaedam
1306 1049 1400 1111 pecu-

204 1132 301 1198 liaria
319 1132 426 1198 habet.
458 1131 615 1196 Eiusdem
627 1131 771 1198 familiae
785 1137 837 1196 est
857 1132 935 1196 Y=
946 1133 1014 1198 cod.
1029 1132 1129 1197 Paris.
1141 1134 1226 1198 2709
1242 1155 1323 1198 saec.
1337 1132 1399 1198 XV

206 1245 241 1306 et
264 1239 297 1306 Z
307 1271 348 1292 =
363 1239 502 1303 Vindob.
518 1239 560 1304 58
585 1261 666 1305 saec.
682 1238 753 1324 XV,
776 1238 832 1324 qui
853 1239 922 1304 iam
944 1245 1013 1304 tam
1036 1262 1132 1325 saepe
1156 1246 1319 1307 correctus
1341 1245 1401 1325 est,

206 1354 244 1413 ut
272 1345 479 1432 interpolatis
502 1346 636 1431 propior
658 1346 702 1412 sit
725 1369 823 1431 qnam
845 1347 1018 1412 veteribus.

653 1509 866 1517 ...μη-..ᾑ-

118 1619 194 1702 Byr.
209 1647 253 1669 -=
269 1613 429 1680 Thomani
449 1619 482 1678 et
495 1613 720 1698 Moschopulei
735 1619 768 1679 et
780 1613 970 1680 'lhicliniani
985 1614 1126 1699 codices,
1145 1636 1164 1677 a
1179 1614 1401 1700 grammaticis

206 1723 281 1787 istis
315 1720 504 1806 Byzantinis
536 1721 727 1805 interpolati
759 1743 936 1805 eorumque
968 1721 1102 1786 scholiis
1133 1720 1302 1804 instructi,
1334 1742 1402 1784 cor-

206 1833 355 1895 recturae
379 1827 630 1913 Mosohopuleae
654 1833 687 1894 et
704 1828 920 1894 Triclinianae
944 1828 1118 1893 maximam
1142 1831 1270 1913 partem
1293 1826 1401 1892 metri-

206 1959 263 2003 cae
288 1940 372 2002 sunt.

205 2098 262 2164 De
295 2095 533 2162 scholiorum
566 2097 764 2162 subsidiis.
811 2097 944 2163 Praeter
976 2098 1102 2165 codices
1135 2098 1175 2162 ad
1207 2096 1402 2162 recensenda

113 2208 216 2274 verba
243 2209 360 2290 poetae
389 2203 513 2270 scholia
539 2210 572 2269 et
599 2210 742 2270 veterem
769 2204 999 2291 paraphrasin,
1025 2209 1064 2270 nt
1091 2227 1173 2290 quae
1200 2226 1267 2268 non
1294 2203 1400 2268 solum

114 2313 285 2380 codicibus
313 2310 393 2396 ipsis
421 2313 478 2377 scd
506 2313 604 2378 etiam
627 2312 718 2378 fonte
741 2335 854 2378 eorum
878 2313 1063 2398 antiquiora
1086 2311 1166 2395 sint,
1194 2311 1403 2377 adsciscenda

115 2443 187 2487 esse
217 2441 293 2485 cum
320 2418 441 2483 dudum
463 2419 666 2486 intellectum
689 2423 788 2502 esset,
818 2425 890 2485 tum
917 2419 1097 2485 aLehrsio
1121 2419 1288 2505 praeclaro
1313 2417 1399 2483 libro

115 2528 178 2593 Die
197 2525 468 2591 Pindarscholien
486 2525 620 2616 (1873),
643 2526 729 2593 clara
751 2527 786 2592 in
804 2526 876 2591 luce
895 2527 1040 2611 positum
1059 2532 1118 2592 est.
1154 2517 1270 2610 ltaque
1289 2547 1402 2589 eorum

116 2657 247 2721 qnoque
284 2633 475 2699 testimonia
511 2634 549 2698 de
587 2635 764 2719 scripturae
802 2634 1022 2720 discrepantia
1062 2634 1229 2719 aliquanto
1265 2631 1402 2717 plenius,

116 2765 217 2828 quam
247 2765 267 2806 a
295 2740 517 2826 superioribus
546 2741 725 2806 editoribus
753 2743 876 2808 lactum
906 2748 969 2826 est,
996 2742 1032 2806 in
1054 2740 1264 2806 adnotatione
1288 2738 1402 2804 critica

116 2849 384 2931 commemoravi,
412 2869 609 2934 quamquam
631 2871 671 2913 ne
693 2850 728 2912 in
752 2847 1053 2914 Heimsoethiornm
1076 2847 1400 2933 Hartungiorumque

114 2957 199 3022 nihil
226 2978 296 3021 non
323 2977 362 3020 cx
391 2954 523 3021 scholiis
552 2955 751 3021 elicientium
778 2955 918 3040 ineptias
944 2956 1134 3039 inciderem,
1165 2977 1325 3020 summam
1348 2953 1401 3018 ad-

115 3063 210 3130 hibui
244 3061 436 3128 cautionem.
482 3061 520 3127 In
552 3061 751 3128 scholiorum
784 3068 893 3127 autem
925 3062 1122 3128 testimoniis
1150 3061 1321 3127 afferendis
1349 3084 1401 3125 me

117 3169 190 3236 aliis
215 3191 314 3254 qnam
333 3167 541 3234 Boekhianae
560 3169 711 3234 editionis
732 3169 886 3234 subsidiis
905 3171 954 3234 uti
972 3193 1039 3235 non
1057 3170 1205 3255 potuisse
1223 3169 1401 3255 aegerrime

115 3277 199 3361 fero,
224 3275 378 3360 quoniam
402 3275 502 3340 editio
526 3276 724 3342 scholiorum
747 3281 900 3342 accurato
928 3282 962 3341 et
983 3277 1080 3362 pleno
1104 3282 1261 3362 apparatu
1286 3275 1400 3342 critico

115 3385 277 3450 instructa
302 3381 402 3448 etiam
425 3388 501 3468 post
519 3383 628 3449 hbent
652 3405 784 3468 operam
807 3383 1033 3450 tenuissimam
1056 3386 1090 3448 in
1113 3384 1279 3449 desideriis
1297 3382 1401 3468 philo-

116 3493 268 3578 logorum
292 3493 356 3574 est,
377 3511 481 3574 neque
505 3491 585 3554 mihi
608 3489 672 3576 ipsi
696 3490 790 3575 copia
813 3490 939 3556 codices
963 3490 1156 3576 inspiciendi
1179 3489 1268 3555 facta
1291 3494 1349 3554 est.

206 3597 262 3662 De
285 3595 507 3662 dialecticis
531 3597 675 3662 formis.
717 3597 839 3662 Verum
864 3598 962 3664 etiam
986 3621 1085 3684 supra
1108 3597 1298 3663 memoriam
1318 3601 1403 3661 vete

116 3729 188 3771 rum
209 3703 498 3790 grammaticorum
518 3705 689 3770 ascendere
708 3705 804 3770 nobis
822 3704 901 3770 lieet
913 3707 1055 3792 vestigia
1067 3703 1401 3786 Pindaricaedialecti

118 3812 362 3896 scripturaeque
384 3811 503 3876 veteris
527 3813 670 3879 rationes
692 3813 926 3901 indagantibus
954 3820 987 3879 et
1014 3815 1054 3878 ad
1080 3835 1193 3877 eorum
1216 3810 1401 3894 analogiam

117 3921 277 4004 reliquam
297 3919 479 3984 orationem
496 3921 733 3986 revocantibus.
766 3919 875 4004 Atque
888 3921 1031 4005 primum
1044 3919 1204 3984 Pindarus
1219 3939 1400 3982 sermonem

118 4049 252 4091 suorum
280 4025 487 4111 popularium
515 4032 645 4093 secutus
668 4027 900 4092 vocabulorum
924 4021 965 4094 οὗ
988 4018 1024 4092 οἷ
1043 4025 1064 4092 ἕ
1082 4023 1163 4103 ἄναξ
1187 4024 1320 4089 ἀνάσσω
1344 4023 1401 4087 ἁν-

118 4133 209 4198 dolvor
235 4131 303 4216 ἀχώ
328 4133 424 4198 ἔδοειι
448 4134 576 4218 εἶδομαι
595 4129 684 4211 εἶδος
702 4139 806 4199 εἴκοσι
825 4136 929 4199 εἰπεῖν
948 4136 1026 4209 ἔιιος
1044 4131 1179 4208 ἕκαστος
1197 4129 1248 4217 (0.
1265 4147 1328 4194 xm
1343 4127 1401 4216 47)

118 4239 208 4305 ἕκατι
237 4237 330 4316 ἐλπίς
357 4241 448 4304 ἔοικιι
476 4243 574 4326 ἔργον
600 4239 679 4328 ἐρέω
704 4237 752 4330 (P.
771 4258 808 4308 lv
829 4238 909 4328 142)
932 4239 1022 4327 ἔρξαι
1046 4237 1165 4325 §sarpa
1188 4237 1306 4322 ἕννομι
1330 4239 1401 4314 ἔτος

120 4342 204 4429 ἦθος
233 4343 382 4422 Ἰάλυσος
411 4343 530 4423 Ἰδαῖος
563 4348 648 4413 ἰδεῖν
681 4349 766 4425 ἴδιος
803 4349 892 4434 ἴδρις
925 4345 1066 4423 Ἰλιάδας
1103 4348 1257 4422 lostam
1293 4351 1402 4411 ἴσαντι

117 4453 248 4540 Ἰσθμός
283 4459 354 4530 ἴσος
379 4450 508 4530 Ἰωλκός
539 4449 616 4520 olda
645 4449 735 4530 οἶκος
760 4452 877 4531 Ώανός
909 4455 1073 4539 digammo
1099 4451 1220 4517 initiali
1246 4453 1294 4517 ita
1321 4474 1400 4518 usus

119 4565 181 4646 est,
203 4567 242 4625 ut
266 4563 342 4624 ante
366 4581 404 4624 ea
426 4580 537 4625 vocem
560 4561 595 4626 in
618 4561 762 4628 vocalem
786 4567 958 4628 exeuntem
980 4561 1142 4645 patienter
1165 4560 1281 4644 ferret,
1308 4559 1400 4624 cuius

119 4669 163 4732 rei
187 4666 338 4752 exempla
361 4666 440 4732 satie
464 4668 567 4733 multa
590 4673 745 4756 congesta
768 4668 870 4734 habes
892 4669 927 4732 in
951 4667 1094 4753 Augusti
1112 4666 1257 4732 Heimeri
1277 4664 1400 4730 Studiis

121 4774 299 4842 Pindaricis
324 4773 358 4840 in
381 4773 472 4842 Actis
496 4775 582 4844 univ.
606 4775 787 4845 Lundensis
811 4797 831 4840 a
859 4776 942 4842 1885
966 4775 1055 4840 etin
1078 4797 1150 4840 meo
1173 4774 1299 4859 libello,
1329 4772 1400 4843 Bei-
