3417 5434
496 311 545 362 ΠΙ.
572 311 622 362 DE
640 309 751 362 LUDIS
768 311 815 362 ET
833 309 1012 362 EPINICIIS.
1286 305 1400 360 LXXIII

98 475 274 560 equestris
304 474 434 560 generis
461 472 677 539 certaminum
701 477 784 558 erat,
812 472 900 556 quod
924 470 1069 556 praemia
1092 492 1159 535 uon
1183 470 1320 557 aurigis,
1348 469 1404 555 qui

99 581 203 666 equis
232 581 386 667 regendis
410 580 614 646 dexteritatis
639 584 672 645 ct
694 579 825 646 uirtutis
850 579 1046 644 documenta
1068 578 1244 663 ediderant,
1269 578 1325 642 sed
1348 578 1405 642 do-

100 689 223 774 minis,
251 688 310 772 qui
338 687 431 773 equis
460 687 584 753 alendis
611 692 644 753 et
672 687 838 772 quadrigis
866 685 1017 771 bigisque
1046 684 1240 751 adornandis
1266 708 1402 772 magnos

102 741 267 880 sumpius
290 793 526 878 impenderent,
502 794 716 860 ttdouaban
702 798 764 858 t.ur
803 791 960 858 Verumt
945 797 1056 859 tamen
1074 793 1102 858 si
1121 792 1194 878 quis
1212 814 1280 857 nou
1298 793 1404 858 solum

102 924 215 988 equos
244 902 384 984 aluerat,
413 902 469 967 sed
498 901 634 967 etiam
624 924 660 966 m
685 899 861 966 certamine
884 905 1026 986 rexerat,
1053 899 1301 965 utHerodotus
1323 900 1406 965 The-

104 1011 219 1076 banus
244 1007 284 1098 (1.
298 1007 399 1096 115),
424 1008 583 1096 singulari
605 1007 660 1073 ille
684 1007 778 1073 laude
803 1008 989 1072 ornabatur
997 1005 1023 1095 1)
1067 1007 1206 1072 Duobus
1231 1029 1312 1093 quae
1336 1006 1404 1071 dixi

104 1116 291 1203 generibus
318 1116 508 1181 ludorum
498 1139 533 1180 ιιι
559 1115 725 1180 nonnullis
753 1115 859 1201 feriis,
885 1119 923 1180 ut
949 1114 1078 1201 Pythiis
1101 1114 1270 1199 Delphicis
1295 1113 1405 1200 Sicyo

105 1225 249 1308 meisque
285 1228 319 1288 et
353 1221 590 1288 Panathenaeis
625 1220 896 1308 Atheniensibus,
931 1223 1065 1287 tertium
1102 1243 1206 1308 genus
1242 1221 1404 1286 musicum

105 1331 224 1416 (ἀγὼν
247 1327 421 1418 μουσικός)
450 1329 597 1395 additum
625 1334 689 1414 est,
719 1330 805 1414 quod
833 1339 907 1395 eum
934 1330 1077 1415 primum
1104 1328 1268 1414 Apollinis
1296 1328 1403 1393 cultus

106 1439 284 1525 proprium
309 1437 422 1522 fuerit,
443 1441 559 1522 postea
582 1437 695 1522 etiam,
718 1436 774 1500 ubi
797 1435 922 1522 ingenii
944 1436 1119 1502 facultates
1141 1435 1233 1500 iuxta
1256 1435 1402 1521 corporis

107 1546 236 1613 robora
258 1544 401 1610 exerceri
424 1548 457 1608 et
479 1544 632 1630 praemiis
657 1543 765 1609 ornari
790 1548 923 1628 coeptae
946 1547 1036 1627 sunt,
1061 1543 1101 1608 ad
1125 1543 1206 1608 alios
1229 1543 1338 1628 ludos,
1365 1548 1403 1607 ut

106 1650 388 1736 Panathenaicus,
421 1651 616 1717 translatum
644 1655 704 1716 est.
749 1651 801 1715 Ex
824 1650 958 1716 Pindari
985 1654 1095 1716 autem
1123 1649 1273 1734 epiniciis
1300 1673 1403 1715 unum

108 1761 148 1826 P.
164 1777 217 1824 ιιι]
242 1758 401 1824 musicam
424 1758 594 1823 victoriam
618 1757 708 1824 tibiis
732 1762 862 1842 partam
885 1762 1019 1843 spectat.

206 1865 441 1951 Gymnicorum
470 1865 683 1932 certaminum
708 1865 773 1930 alia
796 1868 889 1930 erant
912 1864 1087 1949 simplicia,
1114 1870 1152 1929 ut
1174 1887 1288 1930 cursus
1311 1865 1404 1952 pugi·

110 1976 206 2040 latus
234 1973 338 2056 lucta,
366 1973 431 2038 alia
454 1972 649 2058 composita,
677 1976 714 2036 ut
741 1972 947 2056 pentathlum
975 1977 1008 2036 et
1034 1972 1248 2058 pancratium.
1294 1971 1404 2055 Atque

109 2079 323 2167 pancratium
347 2079 490 2164 quidem,
517 2080 603 2164 quod
627 2079 855 2166 gravissimum
880 2084 914 2144 et
937 2079 1166 2144 difficillimum
1189 2079 1404 2145 certaminum

112 2188 347 2276 gymnicorum
374 2187 475 2252 fuisse
502 2187 575 2272 ipso
605 2186 736 2252 nomine
765 2187 946 2252 indicatum
976 2191 1041 2272 est,
1072 2208 1112 2251 ex
1140 2186 1404 2252 contentionibus

109 2297 222 2361 luctae
253 2298 289 2359 et
320 2293 489 2379 pugilatus
520 2293 701 2360 coniunctis
737 2295 923 2379 constabat,
959 2294 1166 2379 pentathlum
1196 2298 1306 2359 autem
1336 2294 1404 2358 aive

110 2401 362 2489 quinquertium
399 2423 437 2465 ex
477 2401 619 2487 quinque
657 2401 889 2466 certaminibus
931 2401 1150 2485 compositum
1191 2406 1279 2487 erat,
1322 2422 1404 2485 quae

114 2509 263 2593 quinque
293 2507 472 2573 certamina
498 2507 647 2593 exposita
669 2508 770 2573 habes
793 2508 828 2572 in
852 2509 1086 2595 epigrammate
1110 2507 1297 2573 Simonideo

268 2665 407 2752 ’Ἰσθμια
429 2665 484 2732 καὶ
509 2673 628 2734 Πυθοῖ
649 2675 792 2754 Διοφῶν
815 2668 832 2734 ὁ
859 2672 1011 2746 Φίλωνος
1035 2667 1126 2735 ἐνίκα

326 2775 411 2859 ἅλμα
434 2775 620 2859 ποδωκείην
644 2775 761 2842 δίσκον
784 2777 907 2841 ἄκοντα
929 2776 1049 2859 πάλην,

114 2943 149 3002 et
173 2935 209 3000 in
232 2933 383 3000 versibus
407 2935 650 3000 memorialibus
674 2935 870 3002 scholiastae
893 2936 976 3002 Plat.
994 2937 1103 3002 Erast.
1125 2960 1156 3022 p.
1174 2935 1281 3002 135Ε

280 3074 467 3153 πένταθλος
490 3072 588 3155 οὗτος
611 3090 680 3154 τοῖς
702 3078 791 3154 ιεόις
814 3079 952 3162 ἀγωνία,

278 3183 376 3265 πάλη,
400 3187 568 3268 cameos,
592 3187 688 3269 ίίλμα,
713 3187 826 3262 δίσκος
850 3184 905 3252 καί
928 3188 1062 3274 δρόμος,

111 3353 212 3432 atque
236 3344 409 3410 Eustathii
433 3345 473 3409 ad
496 3344 593 3410 Hom.
612 3345 650 3410 Il.
669 3364 757 3410 xxm
778 3348 839 3414 621

280 3489 368 3574 ἅλμα
390 3489 504 3554 ποδῶν
528 3490 646 3554 δίσκου
670 3513 705 3554 τε
728 3492 811 3574 βολὴ
834 3489 889 3555 καὶ
913 3492 1052 3566 ἄκοντος
1075 3490 1161 3576 ἐρωή

279 3593 335 3660 καλ
360 3596 482 3680 δρόμος
505 3592 564 3679 ἠδὲ
586 3596 684 3679 πάλη,
708 3601 766 3681 μία
791 3597 822 3662 δ’
843 3601 958 3662 ἔπλετο
981 3607 1062 3662 πᾶσι
1085 3601 1227 3680 τελευτή.

115 3777 179 3842 Sed
209 3797 276 3860 quo
306 3774 417 3839 ordine
448 3774 508 3840 illa
538 3797 607 3840 sese
635 3775 833 3862 exceperint,
862 3797 976 3842 vereor
1002 3781 1040 3840 ut
1068 3798 1222 3860 umquam
1251 3777 1340 3842 omni
1368 3800 1406 3842 ex

114 3887 210 3970 parte
238 3883 280 3946 ad
310 3880 471 3965 liquidum
499 3882 632 3967 perduci
659 3884 773 3967 possit.
823 3882 1026 3967 Quamquam
1054 3883 1211 3948 nonnulla
1239 3883 1408 3968 explorata

116 3997 203 4056 sunt.
252 3990 362 4072 Atque
385 3988 527 4074 primum
551 4011 590 4054 cx
613 4011 664 4074 eo,
694 3991 779 4074 quod
803 3990 982 4056 Pausanias
1002 3991 1069 4075 vl,
1088 3992 1138 4055 10.
1167 3993 1275 4075 17,10
1299 3988 1406 4075 saltui

115 4099 225 4184 primo
245 4095 360 4180 utique
382 4095 561 4181 certamini,
582 4096 684 4162 accini
709 4097 797 4184 dicit,
819 4097 951 4162 initium
976 4096 1121 4162 certandi
1142 4120 1161 4161 a
1180 4097 1266 4162 saltu
1284 4097 1407 4162 factum

116 4227 188 4270 esse
217 4201 370 4270 efficitur,
414 4203 497 4268 Tum
528 4225 567 4268 ex
595 4205 706 4269 eodem
735 4203 915 4269 Pausanias
937 4222 974 4267 vl
999 4205 1053 4288 19,
1077 4205 1112 4289 4,
1144 4225 1209 4287 quo
1239 4204 1312 4269 loco
1340 4209 1407 4269 tres

116 4310 281 4397 pentathli
301 4308 407 4374 discos
426 4309 527 4374 fuisse
546 4307 688 4398 traditi)
713 4311 848 4396 discum,
871 4315 908 4374 ut
927 4331 990 4395 quo
1010 4316 1076 4374 tres
1096 4316 1268 4396 certarent,
1290 4311 1407 4397 luctae,

118 4465 299 4475 --—---.—

211 4561 237 4624 1)
257 4555 326 4610 Iuda
345 4555 570 4625 Lycomedasin
593 4554 678 4610 titulo
698 4554 819 4648 epinicia
838 4555 987 4627 Olympiae
1011 4559 1122 4628 reperto
1142 4558 1234 4628 (Arch
1250 4557 1311 4613 Zeit
1340 4565 1408 4613 1876

119 4633 208 4696 ull)
229 4627 392 4682 addendum
411 4628 520 4682 curavit
539 4625 632 4696 κέλητι
650 4631 744 4682 τιλειω
764 4627 834 4701 ἰδίῳ,

212 4697 513 4769 2,Paus.vlt,:4t
514 4699 614 4753 ιτοίτ
657 4703 814 4771 adducta>
778 4683 854 4790 ου’9ῳ
832 4699 1023 4770 ω(ιοί1.ο”ιιτ
1042 4703 1097 4755 Σιιι
1097 4698 1335 4763 υωιιιίωιδίσο
1357 4702 1408 4757 cdv

121 4771 249 4840 ἀριθμὸν
267 4769 324 4825 δι’
306 4787 423 4824 caesara
425 4779 586 4839 ιιρείςμι
553 4755 682 4834 cheles
684 4779 769 4824 ocare
772 4753 898 4826 νιιίθλου
916 4772 1044 4842 evocat
1027 4791 1112 4842 ιιομα
1131 4772 1179 4828 tua
1162 4793 1227 4842 ομ
1217 4771 1330 4838 ζουσι
