3417 5434
816 373 967 424 Pmnnal
984 371 1151 424 semrom.

563 533 757 623 χαμαιπετές
771 571 782 583 ·
797 533 829 600 δ’
850 535 901 621 ἀρ’
926 537 1003 613 ἔπος
1021 534 1082 600 οὐκ
1101 531 1274 618 ἀπέριψεν·
1293 531 1398 598 αὐτοῦ
1445 537 1526 616 Στρ.
1543 532 1575 596 ε’.

560 643 670 731 μένων
693 642 756 729 [δ’]
781 643 799 710 ὁ
821 650 916 720 θεῖος
939 642 1023 728 ἀνὴρ

560 753 679 836 πρίατο
702 747 763 835 μέν
785 750 948 817 θανάτοιο
971 749 1113 834 κομιδὰν
1135 749 1274 836 πατρός,

507 877 541 924 40
561 856 733 942 ἐδόκη-σέν
755 882 790 924 τε
812 871 880 924 τῶν
902 859 1004 925 πάλαι
1026 867 1123 945 γενεᾷ

560 964 801 1052 ὁπλοτέροισιν,
825 968 940 1051 ἐρ-γον
962 966 1128 1052 πελώριον
1149 963 1309 1048 τελέσαις,

559 1074 684 1150 ὕπατος
707 1070 792 1158 ἀμφὶ
814 1081 969 1140 τοκεῦσιν
992 1077 1092 1158 ἔμμεν
1114 1073 1197 1158 πρὸς
1220 1070 1349 1158 ἀρετάν.

560 1183 600 1246 τὰ
623 1179 683 1266 μέν
705 1185 848 1267 παρίκει·

561 1300 627 1354 τῶν
649 1297 714 1354 νῦν
737 1286 774 1354 δέ
796 1286 853 1356 καὶ
878 1289 1115 1376 Θρασύβουλος

508 1413 541 1462 45
560 1394 717 1485 πατρῴαν
739 1395 881 1481 μα’λιστα
904 1395 987 1482 πρὸς
1010 1395 1163 1480 στάθμαν
1186 1397 1260 1478 έβα,

561 1575 674 1664 πάτρω
698 1574 727 1639 τ’
754 1574 985 1660 ἐπερχόμενος
1007 1574 1148 1658 ἀγλαΐαν
1171 1573 1310 1638 ἅπασαν.
1438 1577 1519 1656 Στρ.
1537 1573 1574 1641 ς’.

562 1686 629 1771 νόω
653 1681 689 1748 δέ
712 1689 859 1748 πλοῦτον
882 1684 968 1766 ἀγει,

561 1791 678 1855 ἀδικον
701 1789 777 1856 οὔθ’
804 1788 993 1874 ὑπέροπλον
1017 1791 1102 1874 ἥβαν
1125 1788 1271 1875 δρέπων,

563 1903 686 1982 σοφίαν
709 1938 723 1947 -
747 1895 776 1961 δ’
805 1895 842 1962 ἐν
864 1909 999 1982 μυχοῖσι
1024 1899 1206 1984 Πιερίδων·

509 2022 542 2070 50
561 2009 614 2070 τίν
637 2004 678 2088 τ’,
699 2002 904 2089 Ἐλέλιχθον,
927 2004 1044 2092 ὀρ-γᾷς
1067 2004 1103 2081 ὃς
1127 2005 1260 2070 ίππειᾶν
1283 2002 1426 2088 ἐσόδων,

561 2113 648 2198 μάλα
670 2112 811 2177 ίαδόντι
834 2114 917 2200 νόῳ,
940 2113 1124 2196 Ποσειδᾶν,
1147 2109 1349 2197 προσέχεται.

420 2277 463 2325 37.
491 2272 581 2338 ἀπερρ
608 2271 636 2324 Β
654 2269 848 2338 -ἀπέριψεν
867 2271 965 2324 αὐτοῦ·
995 2272 1061 2324 ante
1086 2268 1239 2339 lienium,
1263 2267 1416 2337 ἀπέριψεν·
1440 2269 1525 2323 αὐτοῦ
1549 2285 1610 2321 con-

349 2342 494 2398 mendavit
516 2342 613 2411 Heync
640 2375 672 2382 —
697 2346 739 2396 38.
768 2339 796 2396 δ’
825 2341 839 2395 ό
865 2343 936 2397 BE
962 2343 991 2396 et
1017 2342 1160 2413 paraphr:
1190 2339 1221 2395 di
1247 2345 1311 2408 (orn.
1338 2339 1364 2409 d)
1391 2341 1434 2408 D,
1463 2339 1493 2395 δ’
1520 2338 1610 2394 abiecit

349 2415 442 2487 Bergk
466 2415 537 2469 bene
563 2445 598 2453 -
623 2419 666 2468 40.
691 2411 721 2467 τέ
746 2413 840 2468 codd:
867 2410 898 2466 di
924 2413 999 2468 Beck
1018 2429 1081 2466 cum
1120 2413 1243 2482 araphr.;
1269 2411 1333 2466 sort.
1354 2410 1467 2482 ἐδύνατ’
1488 2411 1517 2466 ἐν
1537 2410 1566 2466 δὲ
1585 2443 1608 2450 -

350 2493 393 2542 43.
419 2485 541 2556 παρήκει
558 2485 589 2539 D
606 2518 642 2526 —
661 2489 702 2540 44.
728 2494 796 2540 τῶνε
814 2484 850 2539 ad
868 2484 899 2539 D
916 2517 950 2525 -n
969 2493 1023 2538 νῦν
1042 2483 1072 2539 δέ
1132 2484 1187 2540 'cl.:
1215 2482 1245 2538 δέ
1265 2492 1318 2538 νῦν
1336 2485 1364 2538 Β
1371 2484 1441 2538 DE
1457 2517 1490 2524 -
1508 2488 1548 2536 46.
1567 2480 1610 2535 πέ-

350 2569 418 2628 τρωϊ
436 2557 541 2630 (πέτρῳ
560 2558 599 2626 Β)
618 2557 692 2623 ΒΙ),
710 2555 807 2626 πάτρω
827 2557 858 2611 F
865 2563 895 2592 ⁸⁰
914 2589 947 2597 -
967 2554 992 2610 τ’
1015 2556 1108 2611 εοδδ.;
1132 2554 1159 2627 γ’
1180 2555 1209 2608 in
1231 2555 1378 2624 proecdosi
1402 2553 1562 2624 scripseram
1583 2585 1609 2592 -

349 2631 471 2700 ἀγλαΐαν
493 2628 599 2694 ἔδειξεν
622 2627 737 2682 ἅπασαν
760 2628 877 2696 BDE,
901 2626 1016 2682 ἅπασαν
1039 2645 1091 2682 om.
1111 2629 1194 2698 Byr,
1218 2625 1288 2679 mihi
1312 2625 1407 2696 potins
1433 2630 1467 2680 ut
1490 2624 1611 2696 Bergida*

350 2702 456 2768 ἔδειξεν
483 2698 714 2770 interpolatorem
741 2699 866 2754 redolere
888 2699 1012 2767 videtur;
1040 2699 1161 2770 ἀγλαΐαν
1186 2695 1310 2752 πέπαται
1337 2698 1373 2752 Μ.
1394 2697 1522 2752 Schmidt
1542 2695 1609 2750 Pind.

350 2773 505 2844 Siegesges.
520 2790 548 2841 p.
563 2790 618 2825 cru
632 2803 664 2810 —
680 2776 723 2826 47.
743 2771 823 2841 ἄγειν
837 2770 867 2824 D
881 2802 914 2810 -
929 2776 971 2824 48.
987 2769 1060 2842 ἥβαν
1079 2769 1158 2824 οοδδ.
1174 2773 1204 2824 et
1221 2769 1321 2824 schol:
1340 2767 1453 2824 ἀαάταν
1471 2767 1540 2824 coni.
1554 2768 1609 2821 Her·

349 2863 435 2899 mann
458 2843 561 2898 collato
585 2842 614 2896 P.
633 2861 655 2894 11
673 2859 699 2896 νε
717 2874 753 2882 -
770 2847 813 2897 49.
838 2849 960 2912 μνχοῑσιε
989 2851 1120 2912 πτοχαῑσι
1144 2841 1214 2896 coni.
1233 2841 1355 2895 Leutsch
1382 2839 1456 2897 Phil.
1476 2857 1512 2908 aa,
1530 2857 1566 2895 σεε
1584 2871 1608 2878 -

351 2923 392 2971 50.
411 2913 468 2971 τίνι
493 2914 546 2982 τήν
564 2914 594 2968 D
612 2945 646 2954 -
666 2913 750 2988 όργᾴς
769 2911 798 2977 ὃς
817 2913 935 2970 ΐππειᾶν
954 2913 1058 2969 ἐσόδων
1077 2914 1111 2967 de
1130 2912 1200 2968 coni.
1222 2911 1332 2983 scripsi:
1359 2911 1457 2982 όργαΐς
1474 2909 1610 2974 adsarcire

349 2986 426 3056 (ὅσον
446 2990 483 3054 Β)
509 2984 626 3040 ἱππείαν
649 2984 748 3040 ἔσοδον
766 2985 884 3050 BDE3
911 2983 1010 3040 schol:
1034 2983 1064 3048 ὃς
1088 2981 1166 3053 εΐιρες
1184 2981 1298 3049 ΐππείας
1317 2981 1444 3052 ἐσόδους,
1464 2983 1535 3037 unde
1553 2979 1608 3037 ὅσθ’

349 3055 428 3126 εὗρες
442 3055 545 3112 λππίαν
564 3056 662 3112 ἐσοδον
676 3056 798 3122 Boeckh,
817 3055 850 3119 ἃς
869 3053 947 3125 εὗρες
966 3056 1080 3120 ἱππείας
1099 3054 1212 3120 ἐσόδους
1230 3055 1386 3110 Mommsen
1406 3088 1438 3096 —
1457 3055 1610 3124 Ἐλάσιχθον

350 3129 529 3254 τριελξΐιίερλε
548 3144 563 3182 e
581 3129 614 3182 fr.
630 3145 655 3182 rs
672 3126 860 3198 probabiliter
878 3161 912 3169 -
932 3133 972 3182 51.
992 3126 1156 3198 προσέχεται
1176 3127 1302 3182 Schmid:
1321 3125 1504 3198 προσέρχεται
1521 3123 1611 3181 BDE

351 3219 366 3256 e
397 3219 427 3255 sc
448 3217 483 3255 o.
503 3233 538 3240 —

350 3360 440 3412 neque
464 3344 530 3413 apte
552 3341 618 3396 huie
644 3341 718 3408 loco;
745 3341 844 3396 melius
868 3341 1002 3396 Horatius
1022 3342 1049 3396 C.
1069 3360 1101 3396 111
1119 3359 1140 3412 ε,
1160 3359 1198 3398 ιιι
1222 3344 1271 3397 loc
1289 3348 1399 3398 caverat
1416 3359 1492 3397 σακε
1505 3340 1610 3412 prosim

350 3417 451 3487 Repeti
464 3445 497 3456 ·-
509 3419 551 3470 37.
566 3415 663 3480 αὐτοῦ,
677 3413 768 3481 illicc;
782 3413 884 3481 quodsi
898 3415 985 3468 αὐτοῦ
1001 3430 1064 3467 curn
1079 3413 1151 3483 ἐντος,
1166 3413 1392 3484 interpunctione
1406 3416 1473 3483 post
1486 3411 1610 3480 ἀπέριμεν

353 3488 478 3555 sublata,
503 3485 691 3553 coniunxeris,
716 3488 745 3538 et
767 3484 888 3539 mutatio
908 3484 1027 3540 subiecti
1046 3484 1140 3558 (βόασε
1160 3483 1288 3554 Νέστωρ,
1307 3482 1449 3553 ἀπέριψεν
1465 3483 1609 3552 Ἀντιΐοχοςλ

355 3559 426 3612 dura
443 3559 493 3612 fiet
511 3561 540 3611 et
558 3573 710 3628 pronomen
729 3557 825 3624 odana,
844 3556 974 3624 quamvis
992 3556 1097 3626 insigni
1115 3556 1177 3611 loco
1195 3557 1327 3627 positum,
1347 3573 1398 3610 sua
1416 3556 1446 3609 vi
1465 3554 1566 3610 carebit
1583 3584 1608 3592 -

351 3635 394 3686 40.
418 3626 546 3698 ἐδόκησε,
570 3644 626 3682 non
649 3631 708 3682 tam
734 3627 866 3682 iuvenum
888 3628 997 3699 priscae
1026 3628 1128 3683 aetatis
1152 3627 1282 3698 plausum
1305 3627 1417 3694 tulisse,
1443 3645 1526 3696 quam
1549 3625 1611 3678 inter

352 3701 466 3755 iuvenes
489 3699 599 3770 priscae
627 3699 731 3754 aetatis
750 3698 930 3754 Antilochum
949 3699 1213 3755 excellentissimum
1231 3699 1324 3754 visum
1342 3715 1403 3754 esse
1423 3703 1610 3769 exspectamur,

352 3774 425 3828 unde
452 3771 546 3826 nescio
570 3789 607 3825 an
633 3767 663 3826 ἐν
688 3770 862 3840 όπλοτέροισι
878 3781 934 3826 τῶν
952 3770 1039 3826 πάλαι
1058 3776 1141 3846 γενεᾷ
1160 3770 1298 3826 Pindarus
1322 3769 1478 3825 dixerit-
1498 3776 1537 3824 44.
1560 3768 1609 3822 ναΐ·

351 3862 408 3899 non
433 3844 509 3913 quod
534 3846 647 3913 praeter
663 3841 871 3911 Thrasybulum
897 3842 946 3897 alii
972 3843 1020 3912 qui
1046 3843 1134 3914 patris
1159 3860 1286 3898 normam
1309 3845 1492 3910 sequerentur
1514 3840 1610 3900 fuerint.

355 3916 405 3971 sed
429 3916 505 3985 quod
531 3915 618 3969 etiarn
651 3914 796 3996 praesenti
826 3916 952 3985 tempore
982 3918 1043 3970 erat
1072 3915 1120 3984 qui
1146 3914 1295 3968 Antilocho
1324 3913 1443 3968 conferri
1470 3915 1561 3984 posset
1584 3941 1609 3948 —

354 3994 396 4043 46.
415 3987 511 4060 πάτρῳ
528 3985 555 4040 τ’
572 3985 703 4040 simihter
721 3989 807 4055 atque
824 3984 928 4061 Πυθέᾳ
946 4005 975 4041 τε
994 3987 1014 4040 Ι.
1029 4005 1047 4040 ν
1061 4004 1086 4041 re
1105 3986 1147 4040 ita
1166 3985 1273 4040 dictum
1292 4001 1352 4039 esse
1370 3985 1472 4054 sentio,
1491 3988 1521 4038 nt
1537 3983 1611 4037 Thra·

351 4059 467 4128 eybulus
493 4060 523 4112 et
547 4057 623 4128 patri
647 4057 798 4112 Xenocrati
824 4061 853 4112 et
877 4060 978 4128 patruo
1001 4057 1121 4113 Theroni
1148 4057 1266 4126 obsequi
1292 4057 1414 4125 dicatur,
1441 4057 1515 4110 unde
1537 4053 1610 4110 rerba

350 4131 484 4199 πατρωαν
502 4129 572 4197 πρὸς
591 4128 722 4198 στάθμαν
743 4128 793 4202 ἔβα
811 4128 907 4200 πάτρῳ
925 4128 951 4184 τ’
969 4127 1152 4200 ἐπερχόμενος
1166 4129 1242 4182 idem
1255 4129 1371 4183 valeant
1390 4131 1476 4197 atque
1494 4127 1541 4200 ἔβα
1553 4124 1611 4192 πρὸς

350 4202 485 4274 πατρῴαν
495 4199 626 4283 στάθμαν
636 4199 742 4274 βαίνων
756 4199 852 4275 πάτρῳ
866 4201 892 4254 τ’
905 4198 1099 4272 ἐπερχόμενος·
1115 4201 1191 4270 quod
1205 4200 1229 4254 si
1244 4199 1299 4254 tibi
1313 4199 1441 4270 argutius
1457 4215 1517 4254 ease
1529 4197 1611 4252 ridea-

351 4276 405 4340 tur,
424 4290 516 4327 meam
533 4289 655 4343 priorem
673 4272 899 4327 emendationem
917 4272 1012 4342 πάτρῳ
1030 4271 1058 4342 γ’
1080 4289 1140 4327 com
1161 4273 1260 4327 robare
1278 4271 1408 4340 debebis3
1427 4287 1494 4326 nam
1512 4270 1611 4334 ἔδειξεν,

352 4345 426 4414 quod
453 4343 563 4399 codices
590 4348 655 4414 post
680 4342 800 4414 ἀγλαΐαν
823 4345 944 4413 addunt,
974 4345 1010 4398 ab
1034 4291 1248 4414 interpolatore,
1276 4341 1325 4411 qui
1347 4342 1441 4397 locum
1463 4341 1611 4397 intricatum

352 4415 483 4486 expedire
501 4415 635 4485 voluerit,
660 4415 789 4469 additum
807 4432 868 4470 esse
887 4416 917 4470 in
935 4415 1030 4486 aprico
1056 4420 1100 4470 cst
1125 4448 1158 4456 -
1185 4419 1227 4470 48.
1254 4415 1354 4469 ἄδικον
1381 4413 1449 4468 οὔθ’
1469 4411 1610 4482 ὑπέροπλον

351 4506 402 4559 pro
428 4486 488 4542 οὔτ’
509 4487 576 4542 ἀδικ
635 4485 702 4542 οὔθ’
723 4486 894 4554 ὑπέροπλον
915 4488 949 4543 cf.
965 4487 995 4542 0.
1011 4507 1039 4540 xr
1060 4504 1084 4541 ιε
1102 4520 1137 4528 -
1155 4491 1197 4542 49.
1225 4485 1255 4540 ἐν
1278 4494 1401 4557 μυχοῖσι,
1424 4503 1546 4541 recessus
1567 4480 1610 4536 sal·

353 4563 432 4614 tuum
451 4563 549 4613 amant
565 4560 595 4612 M
616 4575 677 4627 sae,
695 4576 752 4612 non
770 4559 868 4614 turbas
888 4559 941 4614 fori
960 4591 993 4600 -—
1013 4565 1055 4614 50.
1075 4559 1191 4614 ΐππειᾶν
1210 4555 1327 4626 ἐσόδων,
1347 4557 1518 4626 equestrium
1535 4557 1609 4610 certa·

352 4631 471 4699 minum
491 4631 525 4685 cf.
545 4631 575 4684 P.
594 4651 612 4685 v
626 4647 678 4700 11s;
696 4630 790 4685 locum
807 4630 1015 4686 conclamatum
1033 4629 1075 4685 ita
1093 4630 1213 4699 restitui,
1232 4632 1265 4683 ut
1282 4628 1442 4684 coniunctio
1461 4627 1574 4683 relativa
1588 4623 1611 4684 is

353 4702 442 4827 pnrpo
454 4702 594 4828 tpoceltnlp
610 4701 727 4828 ὂεΙελίνί
746 4702 888 4826 alpunciati
906 4701 1065 4773 postposita
1083 4702 1128 4768 sit,
1146 4701 1175 4756 id
1189 4700 1351 4826 quodNnihil
1364 4701 1454 4755 habet
1467 4696 1611 4826 pilienqunis

352 4790 589 4840 1n1naro;c.
635 4790 726 4828 ‚vra
774 4789 1243 4830 ,115.msa.vro.rr.ra.vrs.
1291 4789 1447 4827 .vnao-
1502 4785 1610 4826 ,αονιι

353 4844 424 4919 νόῳ·
444 4863 500 4900 non
519 4847 645 4914 coactus,
665 4845 715 4899 sed
732 4844 845 4914 lubens,
865 4850 898 4900 ut
915 4848 958 4900 eat
975 4845 1005 4899 in
1023 4844 1115 4900 titulis
1133 4843 1237 4900 votivis
1256 4875 1291 4886 -
