3417 5434
626 376 759 427 PYTHIA
775 378 812 429 II.

146 542 228 623 μόνα
248 534 300 602 καί
321 539 442 622 μόνον,
464 534 535 602 οὔτ’
561 536 598 603 ἐν
620 536 677 603 ἀν-

187 645 280 730 δράσι
302 646 511 731 γερασφόρον
534 643 605 709 οὔτ’
621 686 635 694 -
650 644 687 709 ἐν
709 652 801 710 θεῶν
821 647 950 730 νόμοις·

145 754 202 817 τὸν
222 750 359 836 ὀνύμαξε
381 764 547 837 τραφοῖσα
570 749 793 839 Κίν-ταυρυν,
815 751 853 829 ὃς

97 878 127 924 45
144 860 266 924 ἵπποισι
289 859 585 942 Μαγ-νητίδεσσιν
608 857 758 943 ἐμίγνυτ’
783 858 820 924 ἐν
838 900 852 908 -
871 864 1002 926 Παλίου

144 978 292 1052 σφυροῖς,
316 964 351 1031 ἐκ
374 964 407 1031 δ’
432 964 599 1048 ίγίνον-το
622 967 761 1050 στρατὸς

142 1076 343 1158 θαυμαστός,
366 1072 565 1158 ἀμφοτέροις

142 1180 246 1265 ὁμοῖοι
267 1188 413 1260 τοκεῦσι,
436 1181 477 1246 τὰ
499 1182 668 1266 ματρόθεν
691 1176 751 1265 μὲν

183 1289 282 1373 κύσω,
304 1289 346 1353 τὰ
368 1286 401 1354 δ’
425 1287 554 1374 ύπερδε
575 1290 707 1373 πατρός.

141 1486 217 1561 θεὸς
238 1485 326 1550 ἅπαν
349 1483 402 1551 ἐπὶ
424 1485 613 1551 ίείπίδεσσι
636 1483 758 1572 τέκμαρ
780 1485 932 1570 ἀνύεται,
1154 1494 1233 1575 Στρ.
1258 1488 1300 1573 γ’.
1324 1507 1358 1553 90

97 1610 126 1655 σο
141 1596 230 1676 θεός,
252 1591 270 1657 ὃ
292 1591 348 1657 καί
370 1593 537 1679 πτερόεντ’

182 1700 292 1765 αίετὸν
314 1704 398 1786 κίχε,
420 1699 475 1766 καί
498 1706 681 1768 θαλασσαῖ-

181 1831 221 1901 ον
242 1811 478 1895 παραμείβεται

139 1914 290 2000 δελφῖνα,
311 1913 368 1980 καί
389 1914 590 2002 ὑψιφρόνων
612 1915 677 1982 τιν’
703 1919 842 2001 ἔκαμ-ψε
864 1919 1009 2002 βροτῶν,

142 2019 280 2108 ἑτέροισι
302 2019 340 2087 δὲ
361 2023 464 2100 κῦδος
487 2022 635 2110 ἀγήραον
656 2021 831 2109 παρέδωκ’.
878 2020 933 2108 ἐμὲ
956 2021 993 2089 δὲ
1015 2025 1122 2111 χρεὼν

141 2130 275 2213 φεύγειν
298 2129 399 2206 δάκος
422 2129 540 2196 ἀδινὸν
564 2141 776 2218 κακαγοριᾶν.

140 2231 227 2302 εἶδον
248 2237 314 2321 γὰρ
338 2234 413 2314 ἑκὰς
435 2234 500 2303 ἐὼν
522 2236 658 2303 ταπόίλ’
684 2236 720 2303 ἐν
743 2237 909 2327 ἀμαχανίᾳ

97 2360 123 2406 55
139 2346 281 2431 ψογερὸν
299 2340 508 2431 Ἀρχίλοχον,

182 2453 383 2537 βαρυλόγοις
406 2491 420 2501 -
444 2454 578 2536 ἔχθεσιν

139 2561 363 2643 πιαινόμενον·
387 2560 425 2625 τὸ
447 2564 550 2625 πλου-

181 2677 250 2731 τεῖν
273 2662 310 2731 δὲ
333 2668 398 2732 σὺν
420 2668 503 2753 τύχᾳ
525 2670 652 2752 πότμου
676 2671 796 2752 σοφίας
819 2669 964 2755 ἀριστον.

115 2850 118 2853 ’
156 2850 196 2896 43.
214 2841 337 2912 ἀνδράσι
354 2844 434 2899 DE:
452 2844 628 2912 ἀνθρώποισι
652 2844 724 2898 0-
743 2851 785 2899 44.
805 2843 925 2915 ὀνύμαξε
946 2844 1019 2899 0·-
1036 2852 1177 2914 τραφοῑσα
1198 2843 1304 2899 Mosch.
1324 2876 1358 2885 -

96 2920 132 2969 49.
148 2914 232 2985 τέκμω
266 2915 289 2968 0
306 2946 339 2955 -
359 2920 401 2969 50.
421 2916 469 2969 καί
483 2931 536 2970 om.
551 2915 582 2970 D
600 2947 633 2955 —
653 2920 695 2971 tt.
714 2913 889 2986 κακαγορίαν
904 2914 1017 2971 Schmid
1033 2946 1066 2956 -—
1082 2921 1124 2970 54.
1144 2914 1175 2971 ἐν
1193 2936 1256 2987 μαχ.
1276 2916 1307 2971 D
1326 2949 1357 2957 —

96 2992 132 3039 55.
148 2988 231 3058 βαροί,
267 3006 310 3049 οις
327 2986 410 3058 But:
430 2984 627 3059 βαροίόγοισιν
646 2987 704 3042 01]
722 3018 755 3027 -
775 2993 816 3042 56.
835 2986 944 3059 πότμον
963 2984 1066 3057 σοφίας
1082 2985 1108 3041 τ’
1127 2986 1198 3042 coni.
1212 2987 1306 3059 Bergk
1325 3020 1358 3028 —

156 3134 196 3185 46.
216 3126 346 3200 ἐγένοντο
365 3127 492 3197 στρατός·
512 3131 654 3184 structura
672 3148 758 3199 quam
776 3129 965 3185 dicuntum&
985 3130 1108 3187 σύνεσιν·
1128 3130 1245 3198 στρατὸς
1264 3133 1359 3187 autem

96 3200 142 3269 hic,
157 3205 190 3254 nt
206 3217 292 3271 saepe
310 3217 328 3255 a
347 3200 386 3254 ud
404 3200 558 3255 Pindarum
575 3205 612 3271 (v.
628 3201 659 3255 0.
673 3221 692 3254 v
707 3206 749 3271 ιι),
768 3218 825 3255 non
843 3201 1010 3271 exercitum,
1029 3202 1078 3257 sed
1096 3202 1233 3273 populum
1251 3202 1358 3273 signifi-

96 3274 136 3325 cat
147 3305 179 3312 -
192 3278 235 3327 48.
250 3220 394 3342 ματράδεν
406 3272 488 3327 iuxta
504 3270 611 3341 πατρός
628 3272 687 3326 viru
704 3272 829 3355 genetivi
846 3273 947 3341 hahet;
967 3273 1001 3328 cf.
1017 3274 1048 3329 Ο.
1064 3292 1102 3327 vu
1116 3292 1142 3328 ss
1157 3306 1192 3315 -
1206 3279 1248 3330 49.
1264 3291 1359 3329 veram

96 3360 148 3398 osse
167 3344 295 3399 fabulam
318 3345 353 3399 do
375 3344 441 3398 love
465 3343 778 3416 cupiditatemlnonis
801 3344 953 3399 frustrante
978 3347 1007 3399 et
1029 3344 1162 3416 puniente
1181 3349 1267 3415 poeta
1285 3363 1359 3401 com-

96 3416 186 3484 prohst
203 3432 314 3470 summa
332 3416 406 3471 Iovis
445 3416 553 3471 otentia
572 3419 601 3469 et
618 3415 775 3471 maiestate.

154 3494 195 3542 49.
214 3504 232 3541 a
250 3486 389 3542 fabulosis
407 3434 445 3541 οδ
463 3490 624 3558 praesentes
642 3504 687 3542 res
705 3486 792 3556 redit,
811 3505 893 3543 suam
911 3504 1026 3543 causam
1044 3505 1108 3543 oum
1126 3488 1211 3543 laude
1229 3488 1359 3545 Hieronis

96 3558 200 3614 miscens
226 3590 261 3600 -
287 3558 333 3613 ἐπὶ
358 3556 509 3628 ἐλπίδεσσι,
535 3559 687 3613 secundam
712 3576 793 3613 suam
816 3559 1004 3627 voluntatem
1030 3560 1202 3615 contrarium
1221 3563 1264 3615 eet
1281 3562 1360 3629 παρὰ

97 3628 182 3685 ἐλπίδα
200 3630 232 3685 0.
246 3649 297 3684 xm
310 3647 349 3698 οσς
368 3630 403 3684 cf.
419 3628 466 3685 ἐπ’
487 3632 555 3705 εὐχᾷ
573 3630 603 3686 P.
618 3648 686 3685 1189
700 3664 733 3671 -
749 3637 791 3685 50.
810 3629 912 3702 κίχε..
931 3630 1176 3705 Ιπαραμείβεται.
1193 3676 1199 3687 .
1215 3676 1220 3687 .
1237 3630 1358 3703 ἔκαμψε·

96 3701 271 3757 insententia
289 3701 415 3771 generali
437 3702 543 3757 aorioto
565 3702 695 3793 gnomioo
718 3702 858 3772 simulque
880 3703 1024 3773 praesenti
1048 3703 1148 3759 Graeci
1171 3706 1300 3773 utuntur3
1324 3704 1358 3759 cf.

97 3772 124 3827 δι’.
137 3792 204 3830 mro
221 3805 257 3815 -
276 3779 319 3829 o1.
338 3774 380 3843 όν
416 3772 507 3845 ρόνων
524 3794 591 3841 τιν,
608 3792 665 3829 non
683 3776 791 3829 certum
809 3773 933 3843 aliquem
960 3776 1123 3845 superbum,
1148 3776 1198 3830 sed
1221 3793 1307 3829 unum
1331 3778 1360 3831 et

97 3844 214 3913 alterum,
240 3847 274 3899 ut
298 3843 366 3899 olim
381 3794 529 3915 Yhionm,
555 3862 629 3899 nunc
647 3846 829 3911 Anaxilaum3
851 3846 885 3901 cf.
905 3846 939 3901 N.
954 3866 964 3899 1
978 3863 1005 3903 aa
1024 3880 1057 3887 —
1077 3854 1119 3902 οἳ.
1145 3845 1191 3929 ἐμὲ
1216 3845 1246 3901 δὲ
1264 3848 1360 3971 χρεών

97 3922 142 3972 ιτα
159 3915 279 3971 transitu
333 3916 340 3927 '
363 3915 410 3971 'do
436 3916 575 3971 Pindarus
601 3917 703 3987 utitur,
726 3921 760 3971 ut
777 3935 795 3972 a
814 3917 913 3973 fabula
939 3918 974 3973 de
997 3917 1096 3973 fraude
1121 3917 1225 3973 Ixionis
1245 3936 1263 3973 a
1300 3934 1360 3973 rem

96 3988 255 4059 propositam
278 3989 308 4042 et
363 3988 455 4043 eronis
481 3988 595 4043 laudem
618 4005 648 4043 se
671 3992 797 4045 revocet:
822 4007 904 4044 suum
923 4006 984 4044 esse
1002 4008 1103 4044 munus
1121 3989 1151 4043 in
1170 3988 1293 4044 carmine
1312 4006 1359 4044 en-

97 4061 181 4128 comio,
196 4063 230 4114 ut
243 4076 302 4114 nou
314 4076 390 4114 more
404 4058 567 4114 Archilochi
580 4058 610 4113 in
623 4061 707 4115 rebus
723 4060 852 4131 turpibus
872 4060 1020 4115 narrandis
1039 4064 1069 4117 et
1085 4060 1280 4132 vituperandis
1299 4078 1358 4116 ver-

97 4134 172 4200 setur,
196 4132 246 4187 sed
268 4129 299 4184 in
323 4130 406 4185 rebus
450 4130 575 4186 raeclars
600 4132 689 4204 gestie
714 4131 919 4203 praedicandis.
958 4132 1072 4187 Somnia
1098 4136 1164 4187 sunt
1189 4132 1358 4187 scholiastae

97 4204 176 4259 ubivis
193 4202 358 4258 inimicitias
376 4202 429 4256 Pin
484 4202 541 4257 'et
559 4204 732 4259 aemulorum
750 4204 810 4259 eius
829 4204 987 4274 odorantis,
1014 4222 1077 4259 cum
1096 4205 1133 4259 ad
1152 4202 1239 4267 διίκσς
1257 4204 1358 4259 ἀδινὸν

97 4276 210 4331 adnotet:
229 4271 383 4329 αίνίττεται
401 4273 432 4329 δὲ
452 4275 491 4337 είς
510 4273 698 4346 Βακχυλίδην·
719 4277 764 4330 ἀεί
781 4275 836 4345 γὰρ
851 4275 938 4331 αὐτὸν
952 4281 990 4349 τῷ
1002 4274 1107 4345 Ἱέρωνι
1121 4272 1257 4345 διέσυρεν.
1285 4275 1358 4329 Illud

97 4346 274 4414 verisimilius,
300 4349 413 4417 poetam
430 4345 543 4400 nomine
561 4355 737 4417 κακαγοριᾶν
755 4350 784 4401 et
802 4347 929 4417 exemplo
949 4347 1110 4403 Archilochi
1128 4348 1202 4401 tecte
1222 4346 1306 4401 simul
1329 4364 1358 4401 se

98 4419 231 4474 defendere
254 4420 353 4473 contra
375 4416 531 4473 calumnias
555 4434 662 4486 eorum,
686 4418 736 4488 qui
758 4436 822 4473 cum
844 4436 908 4473 eum
932 4436 989 4473 non
1012 4418 1103 4473 solum
1121 4418 1289 4488 veridicum,
1309 4418 1358 4473 sed

98 4491 170 4545 otiam
183 4488 372 4545 conviciorum
386 4491 530 4543 amantem
543 4488 762 4560 immolassent,
776 4490 851 4561 regis
865 4490 996 4545 Hieronis
1012 4490 1136 4545 animum
1151 4490 1187 4543 ub
1203 4506 1235 4544 eo
1251 4489 1358 4544 abalie-

98 4564 191 4617 nabant
206 4594 240 4603 -
264 4566 308 4615 tt.
333 4561 365 4614 τὸ
389 4565 520 4615 πλουτεῖν
547 4559 578 4615 δὲ
605 4562 656 4615 σὺν
680 4562 751 4637 τύχᾳ
775 4562 884 4632 πότμου
909 4559 1011 4631 σοφίας
1029 4562 1154 4633 ἀριστων·
1174 4558 1277 4631 σοφίας
1296 4578 1358 4616 cum

98 4639 219 4703 τίοοτεῐν,
237 4632 346 4702 πότμου
365 4648 429 4687 cum
445 4632 517 4706 τύχᾳ
536 4632 761 4704 coniungendam
780 4636 831 4703 est,
850 4636 883 4687 ut
901 4633 1042 4689 sententia
1061 4633 1165 4688 evadat
1182 4632 1298 4687 Pindari
1316 4632 1358 4687 sa-

98 4706 282 4773 uiliuissimu,
301 4721 440 4757 summum
457 4704 563 4759 bonum
581 4722 643 4759 esse
657 4705 820 4760 afluentiam
834 4722 918 4775 opum
933 4722 997 4759 cum
1011 4704 1152 4777 sapientia
1166 4704 1358 4770 coniunctam

99 4778 163 4846 qnod
177 4774 335 4832 Boeckhius
353 4775 467 4847 scripsit
485 4775 601 4847 πότμου,
620 4774 722 4846 σοφίας
740 4776 864 4846 ἄριστον,
884 4776 1011 4832 homines
1030 4776 1133 4831 divites
1148 4774 1288 4846 sapientia
1303 4780 1358 4845 (oo-

99 4848 152 4924 φία)
166 4849 223 4904 ieri
239 4864 387 4920 perperam
404 4847 487 4917 pouit
506 4879 539 4888 —

1110 4937 1146 4993 9*
