3417 5434
629 1213 785 1267 ΠΤΘΙΟΝ.
805 1209 852 1265 Θ’.

223 1378 765 1462 ΤΕΛΕΣΙΚΡΑΤΕΙ
811 1376 1191 1461 ΚΤΡΗΝΑΙΩι

598 1573 878 1626 ΟΠΛΙΤΟΔΡΟΜΩι

685 1741 791 1748 μη...-

651 1857 826 1929 Strophae.

191 3905 388 3965 'l'elesierates
409 3905 569 3966 Carneadis
588 3907 666 3966 lilius
687 3899 727 3989 (v.
744 3901 833 3992 51)‚e
852 3909 946 3968 nobili
965 3911 1054 3985 gente
1074 3907 1236 3984 Cyrenaica
1258 3897 1300 3986 (v.
1317 3903 1380 3978 105)

106 3994 194 4072 ortus,
213 3994 289 4053 duas
307 3995 451 4055 victorias
469 3997 594 4073 Delphis
612 3998 787 4075 reportavit,
806 4017 898 4057 unam
918 4000 1034 4056 anneto
1054 4015 1143 4056 eursu
1162 3995 1309 4072 Pythiade
1330 3997 1380 4072 28,

106 4081 230 4142 alteram
254 4085 352 4144 stadio
376 4085 523 4160 Pythiade
547 4090 597 4146 30.
635 4087 746 4146 Prioris
770 4088 914 4148 victoriae
937 4089 1161 4147 monumentum
1184 4084 1309 4161 Delphis
1333 4104 1380 4142 ex-

106 4171 217 4251 stabat,
246 4176 349 4232 statua
375 4173 433 4233 viri
461 4175 575 4234 casside
603 4177 725 4253 armati3
752 4177 830 4237 hane
858 4177 981 4236 eandem
1003 4175 1161 4235 victoriam
1190 4195 1257 4235 eum
1285 4174 1380 4233 solam

107 4261 244 4337 respiciat
274 4263 330 4323 hoe
359 4283 478 4323 carmen
508 4265 656 4342 Pythiade
682 4269 722 4326 28
742 4292 785 4314 =
804 4269 869 4326 478
894 4257 988 4348 (474)
1013 4283 1038 4324 a.
1059 4265 1125 4324 Chr.
1150 4265 1296 4340 seriptum
1326 4267 1379 4322 est.

107 4347 197 4410 Poeta
224 4371 295 4412 vero
327 4352 444 4412 iuvenis
474 4354 587 4433 egregii
616 4355 745 4416 formam
773 4359 803 4414 et
825 4356 969 4416 virtutem
997 4357 1061 4413 tam
1089 4353 1173 4414 enixe
1196 4353 1314 4429 laudat,
1344 4355 1381 4411 ut

108 4437 243 4501 interiore
267 4442 397 4517 quadam
420 4443 627 4504 familiaritate
651 4445 679 4503 ei
702 4445 878 4505 coniunctus
901 4463 963 4504 esse
986 4444 1134 4504 videatur.
1176 4443 1277 4520 Atque
1302 4441 1379 4502 Odo-

108 4529 203 4590 fredus
227 4531 390 4591 Muellerus
414 4530 550 4593 Orchom.
573 4545 625 4592 840
649 4537 824 4612 utrumque,
847 4537 969 4611 poetam
1000 4536 1030 4592 et
1059 4533 1215 4610 victorem,
1248 4532 1380 4591 eiusdem

111 4620 201 4693 gentis
224 4620 409 4698 Aegidarum
436 4621 528 4682 fuisse
557 4627 611 4682 aut
638 4625 746 4684 saltem
772 4624 891 4683 habitos
914 4623 1005 4681 fuisse
1029 4622 1220 4700 sagacissime
1243 4621 1379 4699 collegit3

111 4726 179 4780 quae
202 4709 375 4770 coniectura
397 4709 469 4770 lieet
491 4731 550 4772 non
574 4714 654 4772 omni
678 4717 822 4789 exparte
846 4713 1020 4772 sonfiimata
1043 4713 1092 4789 sit,
1115 4731 1255 4790 magnam
1279 4715 1380 4772 tamen

112 4794 193 4859 habet
223 4797 477 4876 probabilitatem.
529 4801 655 4861 Carmen
683 4807 719 4861 ut
742 4803 851 4862 Thebis
876 4803 1049 4861 cantaretur
1076 4802 1260 4862 destinatum
1287 4802 1379 4862 fuisse
