3417 5434
799 289 1075 342 PROLEGOMENA.

683 523 735 588 De
765 525 901 589 ordine
930 524 1194 590 certaminum.

384 645 565 731 Postquam
592 669 690 733 supra
714 648 779 714 iam
802 649 1002 715 intransitu
1030 671 1134 733 pauca
1158 649 1197 712 de
1225 648 1337 713 ordine
1365 648 1594 714 certaminum

295 753 447 818 ludorum
465 752 779 820 Panathenaicorum
798 756 1023 842 delibavimus,
1044 755 1098 821 hic
1120 755 1248 842 plenius
1267 756 1306 820 de
1329 778 1364 820 19
1387 755 1594 820 difficillima
1696 746 1697 791 ³

295 861 451 926 disserere
471 860 566 926 nobis
584 861 691 928 visum
711 868 769 928 est.
809 862 1014 948 Quamquam
1032 863 1135 949 igitur
1152 885 1255 947 neque
1270 863 1422 928 omnibus
1441 862 1592 928 inludis

1697 878 1699 981 l

294 990 398 1052 neque
420 967 535 1033 iisdem
560 975 592 1034 in
614 968 700 1034 ludis
719 971 808 1035 omni
827 976 974 1055 tempore
992 971 1078 1036 idem
1098 971 1177 1036 ordo
1196 970 1410 1036 certaminum
1432 976 1591 1034 servatus
1697 984 1698 1037 1

294 1079 355 1160 est,
377 1080 487 1140 tamen
509 1075 572 1140 hoc
595 1076 662 1141 fere
687 1100 814 1163 semper
837 1084 870 1144 et
893 1078 1014 1163 ubique
1038 1078 1259 1162 obtinuerunt,
1281 1082 1318 1141 111
1342 1077 1447 1142 stadio
1472 1100 1591 1142 curso

295 1182 385 1248 ribus
413 1183 555 1268 primum
578 1184 687 1250 locum
710 1185 925 1272 assignarent.
971 1186 1080 1269 Atque
1102 1183 1168 1251 iam
1191 1183 1354 1269 Odysseae
1376 1185 1589 1270 temporibus

295 1310 434 1354 acursu
456 1288 619 1356 Phaeaces
647 1291 778 1358 initium
806 1294 951 1358 certandi
979 1293 1125 1358 fecerunt
1148 1289 1220 1378 (Od.
1235 1309 1298 1356 vm
1315 1291 1408 1378 120),
1434 1292 1470 1357 in
1494 1297 1589 1358 cata-

296 1397 382 1484 logis
401 1419 477 1462 vero
497 1397 795 1483 Olympionicarum
816 1401 922 1466 stadio
941 1400 1081 1466 victores
1099 1400 1205 1485 primo
1224 1400 1298 1464 loco
1321 1399 1473 1465 collocati
1494 1405 1588 1480 sunt,
1698 1404 1699 1409 ’

295 1504 378 1569 unde
406 1529 426 1570 9
457 1505 562 1570 stadio
593 1506 773 1572 victoribus
804 1508 952 1594 singulas
979 1506 1188 1592 Olympiades
1218 1505 1459 1592 chronographi
1488 1513 1589 1572 nota·

295 1613 382 1678 bant.
391 1611 415 1700 ¹)
457 1614 582 1678 Eodem
606 1615 700 1684 modo
723 1614 917 1700 Pythiorum
936 1613 1114 1700 Sophocles
1133 1614 1184 1678 El.
1204 1615 1270 1679 684
1293 1615 1420 1698 δρόμου
1443 1615 1588 1699 πρώτην

294 1725 406 1806 κρίσιν
428 1721 528 1786 fuisse
553 1720 646 1806 dicit,
668 1725 701 1786 91
724 1722 864 1787 Athenis
889 1722 995 1788 stadio
1019 1720 1136 1786 victori
1163 1721 1236 1805 plus
1260 1719 1492 1806 amphorarum
1515 1722 1586 1786 olei

294 1850 392 1912 quam
421 1829 627 1912 quinquertio
652 1829 701 1892 vel
726 1829 814 1894 lucta
841 1831 1032 1916 pugilatuve
1055 1828 1234 1892 victoribus
1257 1829 1402 1913 praemio
1430 1828 1586 1893 dabatur.

294 1935 442 2019 Denique
469 1935 569 2000 etiam
596 1935 810 2021 philosophus
832 1936 939 2021 Plato,
961 1937 1045 2021 legg.
1064 1953 1127 2000 vm
1149 1959 1180 2020 p.
1195 1936 1260 2001 333
1283 1957 1304 1999 a
1326 1935 1432 2001 stadio
1460 1937 1586 2000 111111-

294 2042 378 2106 tium
401 2043 551 2108 ludorum
574 2043 666 2107 119191
688 2041 896 2131 praecepit.²)
941 2044 1091 2108 Alterum
1114 2041 1289 2107 verisimile
1316 2046 1368 2106 est
1388 2041 1585 2108 institutum

293 2147 394 2214 fuisse
400 2201 409 2233 ,
437 2153 475 2213 ut
498 2171 580 2233 quae
607 2149 787 2233 posteriore
815 2154 962 2235 tempore
985 2154 1117 2235 recepta
1139 2153 1248 2215 essent
1271 2149 1448 2214 certamina
1469 2149 1585 2215 locum

293 2260 370 2341 post
403 2255 581 2321 certamina
611 2256 730 2320 dudum
763 2262 895 2342 recepta
927 2256 1130 2322 sortirentur.
1183 2256 1387 2341 Quamquam
1417 2257 1480 2322 hoe
1512 2280 1584 2322 non

292 2369 361 2428 tam
385 2365 478 2429 anxie
504 2345 737 2448 obseruabat,
765 2368 801 2428 ut
829 2364 911 2428 nihil
935 2363 1175 2448 opportunitati
1198 2368 1232 2428 et
1254 2362 1445 2428 variationis
1469 2364 1584 2430 studio

294 2472 408 2536 darent
419 2467 446 2558 ³)
475 2475 532 2535 aut
559 2493 733 2555 puerorum
763 2471 942 2537 certamina
969 2476 1084 2536 contra
1109 2471 1279 2536 hominum
1303 2471 1585 2556 exspectationem

293 2577 446 2644 ultimum
468 2579 503 2644 in
526 2579 635 2645 locum
657 2579 825 2646 reicerent.
872 2577 935 2644 Sed
957 2579 991 2643 id
1014 2583 1123 2644 tamen
1147 2600 1186 2642 ex
1209 2577 1441 2663 chronologico
1466 2577 1584 2643 ordine

292 2685 512 2751 institutionis
536 2687 750 2752 certaminum
774 2708 872 2772 supra
895 2685 1044 2772 exposito
1067 2685 1204 2770 mansit,
1231 2689 1268 2749 ut
1291 2684 1456 2768 equestria
1478 2689 1584 2751 certa-

293 2793 382 2857 mina
404 2793 471 2858 fere
499 2793 616 2858 ultima
638 2794 812 2879 mirentur,
841 2815 905 2878 quo
928 2793 1018 2858 facto
1048 2793 1128 2858 illud
1150 2813 1279 2877 quoque
1302 2791 1470 2858 consecuti
1493 2799 1583 2878 sunt,

293 2903 329 2964 ut
357 2921 398 2964 ne
424 2899 595 2965 hominum
626 2901 734 2966 studia
764 2901 932 2986 spectandi
962 2900 1180 2983 remitterent,
1212 2900 1267 2964 sed
1296 2900 1336 2964 ad
1363 2898 1518 2964 ultimum
1545 2906 1582 2964 91

297 3005 594 3091 splendidissimum
618 3029 721 3094 genus
745 3008 960 3074 certaminum
983 3008 1195 3093 spectandum
1218 3007 1429 3093 erigerentur.

383 3113 523 3178 Multum
546 3115 681 3180 veroin
705 3115 793 3180 omni
816 3114 878 3180 hac
902 3113 1091 3200 quaestione
1114 3113 1289 3197 referebat,
1315 3117 1396 3196 quot
1419 3112 1487 3177 dies
1511 3135 1579 3178 cer·

293 3219 471 3285 taminibus
499 3220 648 3287 ineundis
679 3227 954 3288 consumerentur.
1007 3220 1190 3286 Minoribus
1220 3219 1307 3286 enim
1336 3219 1369 3284 in
1399 3219 1485 3285 ludis
1515 3219 1579 3284 hoc

293 3327 360 3416 fere
387 3326 576 3394 institutum
604 3335 688 3415 9191,
718 3335 755 3394 ut
783 3328 889 3414 primo
917 3328 968 3393 die
997 3350 1089 3393 sacra
1110 3328 1241 3414 fierent,
1272 3326 1377 3392 altero
1400 3328 1581 3392 certamina

295 3431 447 3522 omnia.⁴)
490 3435 678 3522 Olympicae
702 3442 812 3502 autem
834 3435 935 3501 feriae
959 3458 1033 3501 cum
1055 3433 1189 3499 Pindari
1213 3438 1320 3499 aetate
1344 3433 1487 3518 quinque
1511 3434 1579 3499 die-

293 3564 366 3608 rum
385 3548 501 3626 essent,
526 3543 566 3607 ad
585 3543 755 3610 minimum
775 3548 840 3608 tres
860 3541 928 3606 dies
947 3541 1045 3606 medii
1064 3541 1296 3606 certaminibus
1320 3540 1543 3625 explebantur.
1552 3539 1580 3626 ⁵)

385 3758 411 3823 1)
431 3753 508 3809 cons.
528 3754 601 3810 Plut.
617 3759 725 3823 quaest.
741 3772 820 3810 conv.
835 3755 861 3809 II
876 3761 900 3809 t.

384 3831 412 3896 2)
430 3825 525 3880 Etiam
539 3825 612 3880 Plut.
628 3830 736 3895 quaest.
752 3845 831 3882 conv.
846 3827 873 3880 Π
887 3833 911 3895 5,
928 3830 941 3878 1
961 3827 1084 3879 testatur
1100 3824 1194 3879 stadio
1211 3823 1333 3894 primum
1350 3826 1489 3878 certatum
1503 3819 1601 3880 esses

296 3907 379 3953 ποῖον
398 3894 449 3953 οὖν
468 3895 540 3968 φαίη
559 3919 601 3962 τις
620 3897 656 3954 ἂν
674 3908 730 3954 τῶν
749 3898 951 3969 ἀγωνισμάτων
969 3895 1115 3967 γεγονέναι
1134 3906 1245 3964 πρῶτον
1263 3894 1325 3964 ilat
1342 3895 1466 3963 στάδιον,
1486 3895 1580 3964 ὥσπερ

295 3967 464 4040 Ὀλυμπίασι.
506 3969 698 4025 Nihilominus
726 3972 869 4041 quondam
892 3969 998 4025 Polites
1024 3969 1140 4038 quidam
1166 3971 1307 4023 certamen
1331 3966 1511 4037 Olympicum
1537 3968 1581 4022 ita

296 4041 369 4110 iniit,
389 4044 421 4095 ut
440 4040 572 4096 similiter
590 4046 676 4111 atque
690 4042 808 4098 Athenis
827 4043 935 4095 factum
953 4042 997 4094 991
1015 4045 1050 4107 (v.
1068 4059 1153 4111 supra
1170 4061 1197 4111 p.
1212 4041 1297 4109 11111)
1316 4038 1437 4110 primum
1456 4038 1580 4107 doliche,

297 4113 398 4167 deinde
418 4111 511 4168 stadio
531 4116 560 4167 et
579 4113 675 4169 diaulo
695 4117 823 4178 certaret,
843 4112 953 4181 quade
972 4129 1002 4165 re
1020 4131 1046 4166 v.
1060 4112 1274 4179 Paus.v113,3.

384 4189 412 4253 3)
431 4184 472 4239 De
486 4184 644 4240 mutatione
659 4185 765 4240 ordinis
780 4184 822 4240 Ol.
834 4202 943 4238 cxxxxn
960 4182 1129 4237 Clitomachi
1143 4183 1237 4253 gratia
1249 4182 1336 4250 19919,
1355 4183 1388 4234 ut
1400 4181 1580 4251 pancratium

294 4259 360 4310 ante
378 4274 416 4327 pu
440 4255 539 4310 'latum
558 4257 645 4324 fieret,
665 4275 692 4311 v.
711 4257 793 4310 Paus.
809 4276 837 4309 vr
852 4261 894 4324 15,
910 4260 934 4307 4.

384 4331 412 4396 4)
458 4344 490 4380 99
510 4327 544 4382 de
563 4327 705 4382 Thebanis
724 4327 798 4381 ludis
812 4326 956 4381 Heracleis
976 4324 1103 4379 disertim
1120 4325 1207 4379 refert
1225 4325 1285 4396 ipse
1299 4324 1438 4378 Pindarus
1453 4325 1474 4378 Ι.
1489 4343 1522 4377 111
1536 4330 1580 4378 85.

384 4403 411 4468 5)
431 4398 472 4451 Ex
486 4399 549 4453 loco
563 4399 679 4453 Pindari
693 4399 724 4453 O.
735 4405 783 4452 vt
803 4398 859 4453 ὑπὸ
878 4394 1045 4469 βουθυσίαις
1061 4393 1174 4451 ἀέθλου
1191 4417 1221 4451 τε
1240 4393 1432 4466 πεμπαμέροις
1451 4393 1580 4464 ἁμίλλαις

295 4467 394 4531 ἵπποις
412 4467 539 4537 ἡμιόνοις
557 4489 586 4524 τε
605 4473 787 4545 μοναμπυκίᾳ
805 4489 835 4525 rs
849 4469 981 4538 equidem
1000 4468 1165 4523 concludere
1179 4485 1236 4522 non
1250 4467 1341 4522 ausim
1356 4470 1416 4521 bum
1433 4467 1579 4548 temporis,

295 4539 313 4596 i.
330 4557 353 4596 e.
373 4540 416 4595 Ol.
432 4559 524 4593 111111
546 4542 702 4596 certamina
724 4559 808 4612 super
830 4540 954 4611 quinque
975 4539 1036 4594 dies
1055 4539 1210 4594 distributa
1227 4539 1323 4594 fuisse.
1359 4539 1433 4593 Nam
1452 4555 1579 4608 quinque

294 4611 393 4667 diebus
413 4615 488 4665 99119
506 4612 586 4680 cquis
605 4616 743 4667 certatum
761 4631 816 4668 non
837 4617 888 4681 cst,
907 4612 982 4666 unde
999 4614 1114 4682 poetam
1128 4629 1184 4665 non
1197 4627 1275 4666 more
1287 4608 1490 4664 mathematico
1507 4613 1579 4664 tem-

294 4701 348 4754 pus
366 4682 551 4739 ecmannum
570 4688 700 4739 accurate
720 4685 893 4753 definivisse,
915 4684 965 4738 sed
983 4683 1058 4751 quod
1077 4683 1165 4736 feriae
1183 4682 1308 4752 quinque
1327 4682 1435 4735 dierum
1454 4682 1579 4752 fuerunt,

296 4755 349 4811 hoc
369 4756 405 4810 ad
425 4754 563 4810 sacrificia
583 4760 612 4809 91
630 4757 785 4812 certamina
803 4753 924 4812 tiarisse
942 4755 1090 4825 probabile
1108 4758 1159 4811 est.
