3417 5434
640 289 765 340 NEMEA
783 289 828 342 lv,

139 454 250 536 ἔμπα,
272 456 389 537 καίπερ
413 452 478 534 ἔχει
500 453 622 534 βαθεῖα
644 450 782 527 ποντιὰς
805 451 891 535 ἅλμα

134 556 286 642 μέσσον,
309 555 464 623 ἀντίτειν’
491 556 677 645 ἐπιβουλίᾳ·
701 558 833 643 σφόδρα
857 557 996 643 δόξομεν

141 667 256 731 δαΐων
278 663 452 751 ὑπέρτεροι
476 663 512 729 έν
535 663 612 749 φοίει
635 668 860 749 καταβαίνειν·

139 773 303 859 φθονερὰ
326 769 358 836 δ’
383 773 482 848 ἄλλος
504 770 590 858 ἀνὴρ
612 771 744 855 βλέπων

81 897 119 944 40
138 880 285 965 γνώμαν
306 879 424 945 κενεὰν
446 880 552 965 σκότφ
575 878 725 944 κυλίνδει

140 1110 250 1197 χαμαί
272 1123 437 1177 πετοῖσαν.
484 1108 556 1194 ἐμοὶ
579 1108 611 1174 δ’
637 1109 772 1177 ὀποί-αν
794 1110 916 1196 ἀρετὰν
1178 1116 1257 1197 Σιτρ.
1276 1110 1318 1179 ς’.

140 1220 251 1286 ἔδωκε
272 1221 397 1303 πότμος
419 1216 515 1300 ἄναξ,

140 1323 183 1394 εὖ
208 1323 297 1391 ίοῑδ’
323 1326 374 1392 ὅτι
398 1326 517 1411 χρόνος
539 1323 649 1410 ἕρπων

187 1430 409 1518 πεπρωμέναν
431 1429 562 1496 τελέσει.

140 1540 319 1626 ἐξύφαινε,
342 1544 492 1622 γλυκεῖα,
514 1536 570 1603 καί
592 1537 663 1605 τόδ’
689 1538 821 1621 αὐτίκα,
844 1538 1003 1625 φόρμιγξ,

83 1667 119 1714 45
140 1649 261 1736 Λυδίᾳ
282 1650 347 1713 σὺν
370 1645 513 1734 ἁρμονίᾳ
535 1644 633 1731 μέλος
655 1643 880 1731 πεφιλημένον

141 1756 284 1843 Οἰνώνᾳ
306 1778 341 1820 τε
363 1751 417 1819 καί
441 1753 580 1841 Κύπρῳ,
604 1755 688 1818 ἔνθα
714 1756 856 1838 Τεῦκρος
879 1752 1017 1838 ἀπάρχει
1338 1769 1370 1818 ⁷6

158 1973 205 2022 36.
230 1963 333 2035 καίτερ
352 1965 427 2033 BD,
455 1963 551 2033 κείτερ
574 1963 667 2046 Bergk
694 1995 728 2004 -
756 1969 798 2019 37.
828 1963 999 2046 ἑπιβοολίαις
1022 1965 1049 2018 V
1069 1997 1103 2006 —
1130 1962 1250 2032 δόξομεν
1274 1962 1370 2020 ibici:

85 2037 219 2108 δόξωμεν
237 2039 265 2092 Β
280 2039 309 2093 D
329 2069 360 2078 -
381 2042 423 2091 42.
444 2036 548 2091 ἔνδωκε
566 2051 638 2090 conr.
657 2035 824 2104 Mommsen,
848 2035 914 2090 vnde
932 2054 977 2090 vv.
996 2052 1021 2090 ss
1041 2038 1070 2090 et
1088 2053 1114 2090 eo
1133 2069 1167 2078 -
1186 2041 1229 2092 46.
1249 2034 1370 2107 ἀπάρχει

86 2112 169 2167 BD:
191 2110 313 2180 ὑπάρχει
331 2108 435 2163 lemma
452 2107 482 2161 in
501 2107 576 2176 BD,
595 2105 711 2178 έπόρχει
729 2106 800 2160 coni.
815 2105 914 2177 Pauw,
933 2109 1047 2163 &nosset
1064 2106 1273 2162 Rauchenstein
1293 2139 1324 2147 -

84 2255 159 2308 haec
179 2251 304 2324 epinicia
322 2254 389 2305 acta
406 2267 468 2304 esse
486 2249 630 2317 videntur;
653 2248 773 2303 victoria
791 2249 866 2304 enim
885 2249 948 2319 ipsa
966 2267 1022 2304 non
1040 2249 1192 2319 novilunii,
1213 2249 1262 2305 sed
1280 2249 1370 2320 pleni-

86 2324 161 2379 lunii
179 2327 307 2394 tempore
327 2320 550 2392 comparabatur.
588 2319 695 2386 Quodsi
712 2319 889 2376 novilunium
906 2324 1022 2392 tangere
1061 2324 1125 2376 oeta
1149 2320 1293 2392 cupiebat,
1317 2320 1370 2376 hoc

87 2413 145 2451 non
168 2399 233 2451 tam
256 2396 293 2449 ad
317 2392 452 2464 epinicia,
476 2409 561 2461 quam
579 2393 616 2446 ad
635 2393 703 2447 deos
721 2392 881 2462 ethereas,
904 2409 1021 2462 quorum
1040 2340 1091 2447 iio
1115 2392 1175 2446 dies
1198 2409 1278 2447 sacer
1300 2394 1369 2461 erat,

87 2466 263 2538 pertinebat.
305 2464 385 2531 Quod
412 2467 508 2518 autern
536 2462 645 2518 scholia
672 2463 708 2517 ad
735 2463 770 2520 N.
793 2483 825 2517 nr
850 2481 863 2518 a
890 2463 1066 2518 novilunium
1093 2463 1232 2534 Apollinis
1260 2480 1370 2518 sacrum

87 2539 178 2594 fuisse
203 2538 333 2606 uadunt,
356 2536 409 2590 boc
430 2534 525 2590 nescio
549 2552 586 2590 an
609 2534 743 2588 adhunc
766 2535 859 2589 locum
882 2552 938 2590 non
961 2535 1113 2606 pertineam
1140 2535 1225 2590 immo
1249 2535 1369 2604 siquae

87 2610 225 2680 deinceps
249 2611 335 2680 poeta
357 2606 516 2678 praedicat,
539 2606 726 2677 reputaveris,
749 2605 925 2661 novilunium
948 2609 987 2661 Ae
1011 2607 1072 2662 'nae
1090 2607 1178 2662 Aeaci
1202 2608 1370 2670 ethereum

88 2680 311 2736 domesticorum
332 2695 442 2733 sacrum
460 2677 547 2732 fluisse
565 2677 746 2732 verisimilius
766 2678 850 2732 duces
869 2709 903 2720 -
922 2683 965 2732 36.
989 2625 1076 2747 ῗπα,
1100 2679 1175 2747 quod
1199 2695 1233 2732 ex
1256 2677 1287 2733 ἐν
1310 2687 1370 2733 τᾶν

88 2757 184 2807 ortum
208 2755 266 2820 est,
289 2768 353 2805 cum
375 2748 506 2804 similiter
529 2752 613 2817 atque
632 2752 758 2804 nostrum
778 2749 949 2819 ‘jedenfalls'
971 2748 1155 2805 conditionali
1174 2749 1321 2805 enuntiato
1340 2752 1370 2804 et

87 2823 238 2894 praemitti
260 2825 290 2878 et
314 2820 455 2892 postmitti
479 2820 581 2890 possit,
609 2820 683 2891 ἔμπα
708 2820 810 2889 καίτερ
835 2821 893 2892 ἔχει
917 2820 992 2876 idem
1017 2820 1110 2876 valere
1136 2821 1266 2890 equidem
1290 2824 1368 2891 puto,

88 2896 166 2963 quod
191 2895 276 2965 vulgo
299 2893 400 2948 Graeci
424 2892 522 2946 dicunt
544 2893 593 2946 καὶ
615 2892 693 2960 εἴπερ
717 2891 774 2962 ἔχει
793 2936 798 2947 .
815 2935 843 2946 ..
863 2891 935 2962 ὅμως
958 2893 1108 2960 ἀντίτεινε,
1132 2893 1205 2947 unde
1224 2893 1294 2947 haec
1313 2891 1369 2947 loci

89 2967 235 3021 sententia
257 2964 366 3020 evadit:
389 2963 519 3033 quamvis
541 2963 632 3017 latum
650 2980 727 3018 mare
744 2967 782 3030 te,
801 2963 841 3018 mi
860 2963 959 3033 anime,
979 2964 1015 3018 ab
1035 2963 1204 3018 adversariis
1224 2963 1368 3029 distineat,

88 3041 189 3093 tamen
216 3036 327 3092 sortiter
354 3034 502 3090 calumniis
529 3034 669 3104 obnitere;
697 3035 727 3088 in
749 3035 958 3090 contentionem
981 3035 1055 3090 onim
1078 3035 1101 3090 si
1124 3039 1156 3090 tu
1182 3035 1368 3106 descenderis,

89 3109 270 3177 praestantia
286 3111 353 3162 tuae
372 3105 442 3161 artis
461 3107 490 3161 et
507 3107 588 3161 dotes
606 3109 708 3160 natura
726 3105 782 3160 tibi
798 3106 903 3162 insitae
922 3106 1078 3162 elucebunt.
1108 3106 1162 3162 Sed
1182 3106 1240 3162 iam
1258 3107 1367 3176 quaeri-

89 3185 147 3250 tur,
177 3180 294 3249 quinam
316 3178 366 3232 isti
389 3175 544 3232 adversarii
568 3177 674 3232 fuerint
700 3179 730 3232 et
756 3177 825 3247 quid
847 3177 970 3232 Pindaro
993 3177 1063 3232 vitio
1086 3178 1229 3232 verterim.
1275 3179 1368 3247 Atque

90 3255 200 3308 veteres
228 3250 343 3321 quidem
365 3248 543 3321 grammatici
565 3248 612 3303 bic
635 3265 745 3317 quoque
768 3249 910 3304 aemulum
931 3249 1048 3303 Pindari
1070 3247 1242 3304 Simonidem
1264 3249 1368 3320 respici

89 3325 118 3377 et
136 3323 218 3394 carpi
235 3321 377 3394 putabant
399 3319 510 3392 (schulz
538 3322 619 3375 δοκεῖ
634 3319 666 3375 δὲ
684 3328 773 3374 ταῦτα
795 3323 900 3377 τείνειν
922 3321 961 3384 είς
984 3318 1155 3392 Σιμωνίδην,
1179 3320 1239 3376 ἐπεὶ
1262 3319 1368 3384 ἐκεῖνος

88 3393 280 3468 παρεκβάσεων
303 3396 428 3464 χρῆσθαι
451 3391 558 3462 stads),
583 3409 674 3461 neque
698 3391 827 3461 deerunt,
851 3392 900 3462 qui
923 3392 1009 3446 verba
1033 3391 1089 3464 ἔχει
1109 3394 1231 3463 βαθεῖαν
1250 3392 1367 3456 ποντιὰς

90 3464 164 3536 ἅλμα
193 3463 295 3536 μέσσον
322 3464 352 3518 in
381 3464 454 3518 hanc
483 3463 652 3518 sententiam
679 3463 859 3534 interpreteri
888 3463 1024 3533 audeant,
1052 3466 1085 3517 ut
1111 3463 1147 3517 iis
1175 3463 1367 3519 adversarium

90 3536 178 3591 Coum
203 3534 396 3608 adsignificari
421 3537 536 3606 putent,
564 3534 612 3604 qui
640 3535 711 3590 mari
739 3535 798 3589 lato
827 3535 963 3590 discretus
992 3553 1006 3589 e
1033 3534 1187 3606 longinquo
1215 3535 1273 3589 tela
1301 3535 1366 3589 mit-

90 3611 140 3662 tat.
165 3609 274 3662 Tamen
290 3605 363 3662 nihil
381 3606 512 3675 equidem
530 3606 595 3660 buic
614 3607 852 3678 argumentationi
870 3606 972 3674 tribuo,
990 3606 1154 3678 praesertim
1169 3623 1232 3660 cum
1246 3605 1365 3678 Aegine-

91 3679 141 3733 tici
184 3696 277 3748 uoque
299 3677 455 3733 adversarii
477 3677 549 3732 mari
571 3677 709 3750 profundo
728 3696 746 3732 a
764 3677 899 3734 Thebano
922 3682 1007 3748 poeta
1030 3677 1145 3732 discreti
1166 3680 1266 3732 esseut.
1303 3677 1365 3732 Duo

90 3767 156 3806 vero
200 3751 298 3805 'ndaro
315 3750 387 3804 vitio
405 3747 478 3804 verti
496 3752 641 3820 poterant,
661 3752 690 3804 et
708 3750 783 3819 quod
801 3749 890 3804 nimia
908 3749 1048 3805 brevitate
1067 3749 1162 3820 capita
1180 3765 1273 3804 rerum
1291 3765 1366 3802 oom-

91 3822 277 3889 protenderet
294 3838 385 3890 neque
403 3820 483 3902 apico
501 3837 577 3876 more
595 3821 723 3876 fabulam
741 3822 879 3891 panderet
899 3821 943 3890 (ci.
959 3820 988 3875 P.
1003 3840 1032 3875 11
1051 3823 1095 3892 vv),
1115 3824 1143 3875 et
1164 3821 1238 3890 quod
1260 3819 1366 3890 digres-

92 3892 219 3949 sionibus
233 3896 319 3962 atque
337 3892 442 3947 fabulis
461 3891 619 3946 intexendis
638 3892 709 3947 adeo
728 3896 850 3960 vacaret,
869 3895 977 3947 utare
995 3893 1140 3964 proposita
1159 3892 1319 3946 deflecteret
1337 3894 1366 3945 et

91 3981 190 4020 munus
209 3963 345 4019 victoriae
363 3963 570 4035 praedicandae
596 3964 766 4034 neglegeret.
802 3964 909 4018 Horum
933 3963 1010 4034 prius
1030 3965 1082 4018 hoc
1101 3962 1213 4033 quidem
1232 3963 1293 4018 loco
1313 3979 1365 4032 ego

92 4033 311 4108 intellegendum
330 4053 391 4090 esse
410 4036 489 4104 duco,
513 4038 545 4089 ut
567 4036 642 4105 quod
661 4053 724 4090 cum
748 4035 841 4089 verbis
867 4035 942 4106 ίοηγι
961 4033 1074 4106 ἕλκομαι
1093 4031 1228 4108 νεομηνία
1247 4032 1365 4116 διηέμεν

93 4109 121 4159 et
139 4111 201 4164 tota
220 4106 352 4162 carminis
370 4107 461 4161 forma
479 4111 514 4175 (v.
526 4107 563 4160 ad
576 4126 601 4161 v.
613 4109 649 4176 aa)
667 4107 767 4161 melius
782 4105 927 4161 conciliari
941 4106 1039 4188 possit,
1058 4106 1126 4160 licet
1138 4105 1265 4176 plerique
1279 4109 1364 4159 mter-

92 4183 182 4245 pretes
206 4178 377 4234 contrariam
400 4177 570 4232 sententiam
595 4177 809 4260 amplectantur.
846 4177 926 4232 Nihil
947 4177 1035 4248 igitur
1052 4177 1247 4232 cavillationes
1267 4176 1364 4230 adver·

93 4250 228 4305 sariorum
250 4267 350 4305 curans
373 4249 511 4304 Pindarus
529 4250 622 4320 pergit
640 4268 671 4303 m
689 4267 740 4304 sua
759 4252 820 4304 arto
858 4250 1043 4318 ensequendu,
1070 4252 1102 4302 ut
1121 4248 1308 4318 digressiones
1328 4248 1364 4304 ad

93 4319 189 4377 laudes
208 4322 325 4376 heroum
342 4321 570 4393 Aegineticomm
592 4339 649 4376 non
670 4321 777 4391 fugiat,
799 4338 829 4376 se
872 4325 967 4376 tamen
985 4320 1108 4375 breviter
1127 4337 1174 4374 eas
1192 4318 1365 4390 perstringat

93 4408 181 4462 neque
194 4391 370 4476 provinciam
383 4409 402 4446 a
414 4391 521 4447 victore
535 4392 591 4446 sibi
604 4391 760 4447 iniunctam
775 4392 959 4447 obliviscatur
975 4423 1008 4432 -—
1024 4397 1066 4446 44,
1082 4389 1144 4446 τόδ’
1161 4389 1261 4445 αὐτίκα
1276 4387 1365 4460 μέλος,

93 4461 143 4517 hoc
161 4465 239 4519 illico
258 4481 370 4518 carmen
388 4463 460 4518 velis
478 4463 609 4534 expansis
627 4465 735 4534 pande;
755 4464 789 4518 cf.
804 4464 860 4518 AP.
874 4483 896 4517 11
909 4480 935 4519 το
949 4461 1029 4534 μέλος
1047 4461 1075 4517 δ’
1093 4462 1214 4534 εὔυμνον
1232 4459 1365 4530 ὑφαίνειν

94 4563 125 4574 -
142 4542 185 4590 46.
208 4535 329 4609 Οἰνώνᾳ,
348 4535 482 4606 Aeginae,
501 4535 546 4589 oui
564 4535 674 4606 pridem
690 4551 793 4590 nomen
807 4535 939 4590 Ocnonae
958 4535 1043 4588 fuisse
1060 4537 1172 4589 constat
1191 4565 1224 4574 -
1243 4531 1367 4603 ἀπάρχει

95 4603 126 4659 de
139 4606 246 4663 Teucro
259 4606 290 4660 in
303 4605 414 4661 colonia
428 4609 536 4661 remota
550 4609 685 4676 regnante
704 4605 811 4661 dictum
830 4609 874 4661 est
891 4605 929 4660 ad
947 4606 1108 4676 analogiam
1128 4605 1207 4660 verbi
1225 4606 1364 4660 ἀποικεῑν.

95 4674 212 4733 linter-no
230 4677 297 4732 huie
314 4694 401 4748 regno
419 4677 520 4732 Teucri
545 4678 694 4761 opponitur
716 4694 833 4750 regnum
851 4676 882 4733 in
899 4679 974 4733 terra
992 4677 1087 4748 patria
1104 4675 1241 4750 (πατρῴᾳ)
1261 4675 1363 4744 Aiacis,

95 4748 170 4804 cuius
189 4751 225 4804 ds
243 4749 349 4818 templo
367 4749 397 4804 in
416 4748 559 4804 Salamine
577 4749 670 4804 maula
688 4748 753 4804 ride
772 4749 853 4804 Pauo.
873 4769 883 4802 1
902 4765 936 4818 us,
954 4766 967 4804 a
986 4781 1019 4789 -
1091 4795 1093 4798 .
