3417 5434
335 332 400 395 336
809 334 958 384 PINDARI
976 333 1142 386 semels.

387 495 449 559 τάν
472 494 668 581 Ξενοκράτει
692 494 890 559 Ποσειδάων
913 493 1067 576 ὀπάσαις,

337 618 369 665 15
389 606 533 687 Δωρίων
556 600 646 690 αὐτῷ
670 600 869 686 στεφάνωμα
891 604 977 689 κόμᾳ

389 708 514 793 πέμπεν
538 707 735 775 ἀναδεῖσθαι
760 712 917 792 σελίνων,

390 905 577 992 εὐάρματον
600 905 706 991 ἀνδρα
729 907 910 991 γεραίρων,
931 901 1196 990 Ἀκραγαντίνων
1219 904 1313 988 φάος.
1418 908 1500 989 Στρ.
1519 903 1563 987 β’.
1582 923 1612 968 25

390 1012 426 1078 ἐν
449 1016 559 1101 Κρίσᾳ
582 1010 614 1077 δ’
640 1012 846 1099 εὐρυσθενὴς

434 1115 495 1184 εἶδ’
519 1118 686 1185 Ἀπόλλων
708 1144 764 1185 νιν
785 1121 869 1203 πόρε
890 1116 918 1183 τ’
945 1118 1086 1202 ἀγλαΐαν

390 1224 446 1293 καὶ
469 1230 558 1291 τόθι·
583 1230 727 1303 κλειναῖς
750 1224 782 1289 δ’
804 1223 1018 1310 Ἐρεχθειδᾶν
1041 1229 1229 1310 χαρίτεσσιν
1252 1224 1384 1311 ἀραρὼς

409 1445 450 1494 15.
475 1440 563 1511 αότῷε
588 1434 659 1493 αάον
678 1454 752 1507 susp.
768 1436 862 1509 Bergk
881 1469 914 1477 -
934 1434 1007 1511 κόμα
1025 1435 1151 1492 Boeclrh:
1175 1433 1248 1507 κόμα
1266 1437 1344 1505 BD,
1368 1435 1461 1507 κόμαν
1479 1436 1552 1490 coni.
1568 1435 1616 1489 Ce-

338 1509 452 1636 porinus
473 1542 504 1551 —-
526 1515 566 1565 16.
587 1510 669 1563 ἀναδ.
685 1508 812 1565 Schmid:
832 1509 894 1563 ἀνδ.
910 1508 977 1564 BD
996 1540 1030 1548 -
1050 1514 1091 1563 18.
1111 1508 1284 1577 εὐρυσθενὴς
1301 1507 1392 1577 codd,
1412 1508 1527 1578 εάφρων
1545 1507 1617 1572 ἄναξ
1679 1525 1680 1558 ι

341 1584 583 1677 ηαγεετμοοιιλιιε
608 1579 752 1651 paraphr.:
780 1578 865 1670 ‘Udi
888 1588 922 1650 τῇ
946 1577 1036 1662 Ῑίρίσᾳ
1062 1581 1183 1671 εόμενβς
1206 1580 1221 1634 δ
1241 1577 1377 1633 Ἀπόλλων
1401 1575 1545 1634 ἐθεάσατο
1570 1580 1618 1631 τόν

337 1658 633 1780 ttt’ttttfiti
644 1650 1618 1794 Ptthghdtftltlttltttttdsstlttbittet·

340 1870 372 1921 ut
396 1867 546 1939 intellegas
572 1864 642 1920 mihi
668 1881 779 1935 quoque
805 1863 979 1934 temporibus
1005 1864 1255 1935 obtemperandum
1282 1882 1356 1933 esse,
1384 1866 1418 1919 ut
1443 1882 1502 1920 non
1529 1866 1618 1935 gratis

339 1940 437 1994 Musae
451 1938 527 1993 lusui
540 1954 647 2007 vacem,
661 1937 711 1991 sed
724 1935 882 1990 mercedem
896 1936 1029 1990 carminis
1043 1942 1203 2007 exspectem
1217 1936 1373 2007 opiparam.
1402 1934 1507 2007 ἄγνωτ’
1525 1942 1620 1990 utrum

338 2028 372 2065 cx
392 2010 504 2082 ἀγνωτα
522 2028 561 2065 an
579 2026 613 2064 ex
632 2010 736 2078 ἀγνῶτι
755 2006 857 2063 elisum
875 2007 926 2076 sit,
951 2006 1006 2061 riri
1025 2008 1101 2064 docti
1119 2008 1267 2063 dissident.
1304 2009 1398 2077 Atque
1417 2009 1539 2063 alterum
1557 2008 1618 2077 qui·

338 2082 414 2152 dem,
436 2082 503 2137 licet
526 2083 623 2137 eontra
646 2096 746 2150 praece
766 2084 797 2133 ta
816 2078 996 2133 metricorum
1013 2082 1112 2149 peccet
1129 2082 1158 2134 et
1176 2096 1231 2135 uno
1250 2080 1378 2150 exemplo
1397 2083 1427 2134 st
1449 2080 1514 2151 ipso
1533 2080 1619 2133 dubio

338 2152 498 2224 νωμάταντι
525 2152 613 2207 ἐθέλω
632 2152 652 2205 L
671 2170 682 2204 1
702 2169 727 2205 ιι
746 2098 927 2219 defendatur,
952 2150 1064 2222 egregie
1089 2154 1186 2207 tamen
1211 2151 1445 2223 praecedentibus
1470 2150 1566 2205 verbis
1592 2154 1618 2204 et

338 2225 541 2279 sententiarum
559 2240 631 2278 nexu
651 2222 876 2278 commendatur:
896 2238 925 2275 es
945 2222 1020 2276 enim
1038 2223 1163 2293 sapiens,
1183 2240 1273 2291 neque
1292 2222 1437 2293 ignoranti
1455 2239 1554 2277 curam
1572 2238 1618 2291 pe-

338 2295 406 2350 culii
424 2298 524 2367 poetae
544 2310 654 2365 quoque
674 2293 834 2349 habendam
852 2309 927 2361 esee,
947 2293 1000 2347 hoc
1019 2293 1170 2363 epinicium
1188 2294 1340 2349 Isthmicae
1358 2294 1496 2349 victoriae
1515 2310 1617 2364 pango.

338 2367 462 2422 Priorem
481 2366 742 2439 interpretationem
760 2364 809 2434 qui
828 2364 962 2434 amplecti
980 2365 1102 2434 malunt,
1127 2366 1165 2420 ad
1190 2364 1298 2420 scholia
1321 2370 1491 2437 provocant,
1516 2365 1617 2435 quibus

339 2440 412 2493 hanc
435 2438 567 2495 vitoriam
589 2438 648 2492 iam
671 2441 755 2491 antea
774 2454 791 2490 a
810 2435 954 2491 Simonide
972 2435 1165 2505 praedicatam
1183 2455 1244 2492 esse
1263 2437 1461 2508 comperimus:
1486 2433 1571 2499 οὗτος
1588 2438 1617 2490 di

339 2511 354 2566 d
374 2510 552 2581 Ξενοκράτης
571 2510 603 2565 οὐ
622 2506 709 2579 μόνον
723 2506 837 2578 Ἴσθμια
856 2506 1004 2576 νενίκηκεν
1022 2506 1127 2578 ἵπποις,
1146 2508 1216 2563 ἀλλά
1233 2510 1283 2564 καλ
1299 2510 1400 2564 Πύθια
1418 2510 1471 2577 τὴν
1489 2510 1618 2577 εἰκοστὴν

338 2582 473 2669 τετάρτην
487 2581 634 2649 Πυθιάδα,
654 2582 690 2643 ὡς
706 2577 888 2648 Ἀριστοτέλης
904 2580 1075 2650 ἀναγράφει·
1095 2582 1144 2635 καλ
1159 2578 1317 2651 Σιμωνίδης
1336 2578 1367 2635 δὲ
1388 2580 1514 2635 ἐπαινῶν
1532 2581 1619 2634 αὐτὸν

339 2655 500 2723 ἀμφοτερας
515 2654 602 2707 αὐτοῦ
616 2650 666 2714 τὰς
680 2648 761 2714 νίκας
775 2650 951 2706 κατατάττει,
973 2654 1011 2705 At
1024 2650 1096 2706 nibil
1110 2653 1148 2705 ad
1161 2668 1220 2706 rem
1234 2652 1377 2706 attinebat
1390 2651 1454 2706 ideo
1469 2652 1619 2706 victoriam

339 2742 394 2779 non
418 2724 592 2796 incognitam
616 2722 721 2791 dicere,
745 2721 801 2776 nisi
823 2722 895 2776 forte
915 2739 932 2776 a
950 2721 1072 2778 Pindaro
1096 2723 1237 2777 aemulum
1262 2740 1391 2791 ararum,
1415 2722 1465 2792 qui
1485 2740 1619 2794 magnam

338 2797 495 2851 mercedem
518 2794 632 2866 epinicii
655 2793 826 2865 poposcerit,
850 2795 925 2849 tecte
948 2795 1026 2864 carpi
1050 2793 1213 2864 suspicaris,
1240 2794 1290 2849 sed
1313 2794 1337 2848 si
1360 2810 1428 2849 vera
1450 2796 1529 2848 esset
1551 2794 1619 2848 haec

339 2867 474 2938 suspici0,
505 2867 624 2922 obscura
654 2866 779 2936 profecto
811 2868 840 2919 et
869 2864 1059 2936 aenigmatica
1091 2866 1217 2920 oratione
1248 2870 1360 2936 praeter
1387 2866 1620 2921 consuetudinem

339 2957 419 2994 suam
437 2942 522 3011 poeta
540 2941 636 2993 noster
654 2954 720 2991 usus
740 2940 814 2991 essct
834 2969 866 2976 —
887 2942 928 2991 13.
948 2934 1090 3006 Ἰσθμίαν·
1109 2937 1272 2991 lsthmicam
1285 2937 1451 2993 Xenocratis
1470 2937 1619 2993 victoriam

338 3012 428 3081 primo
451 3012 513 3066 loco
536 3013 621 3081 poeta
644 3008 803 3080 praedicat,
829 3025 886 3062 non
909 3006 984 3076 quod
1006 3026 1096 3078 nuper
1120 3011 1150 3063 et
1173 3012 1238 3079 post
1262 3012 1384 3077 ceteras,
1409 3026 1485 3078 quae
1511 3008 1544 3063 in
1569 3009 1619 3063 hoc

339 3082 461 3137 carmine
480 3084 741 3147 commemorantur,
755 3078 890 3133 victorias
908 3081 992 3149 parta
1010 3084 1079 3135 erat.
1107 3080 1182 3134 Nam
1200 3098 1263 3135 eam
1281 3080 1339 3135 iam
1358 3083 1424 3136 ante
1440 3080 1619 3151 Olympicam

339 3154 399 3207 aius
417 3153 566 3207 victoriam
584 3158 638 3223 (vv.
654 3170 680 3207 ιι
694 3154 742 3219 ss.)
761 3152 934 3221 reportatam
952 3167 1013 3205 esse
1032 3156 1201 3221 apparator
1220 3152 1276 3206 oda
1295 3153 1325 3207 O.
1345 3172 1379 3221 n,
1402 3155 1435 3206 ut
1458 3168 1536 3220 quae
1559 3170 1620 3206 eum

340 3224 521 3279 inhonorem
540 3223 702 3306 Olympicae
721 3222 857 3277 victoriae
880 3222 958 3276 facta
981 3222 1031 3291 sit,
1055 3222 1217 3277 lsthmicam
1239 3241 1265 3278 r.
1284 3240 1310 3279 ιο
1328 3223 1386 3276 iam
1409 3226 1618 3277 commemoret

342 3294 404 3361 Qua
421 3296 456 3351 de
476 3312 562 3350 causa
580 3294 732 3351 verisimile
751 3296 807 3363 est,
826 3293 863 3347 ab
882 3292 1016 3347 Isthmica
1034 3293 1155 3349 victoria
1173 3294 1226 3348 boc
1245 3294 1275 3349 in
1293 3294 1417 3349 carmine
1435 3297 1556 3365 poetam
1574 3312 1619 3348 au-

340 3367 479 3437 spicatum
502 3384 575 3435 esse,
600 3368 650 3421 aut
672 3366 746 3434 quod
769 3364 862 3435 prima
884 3364 958 3419 inter
975 3364 1109 3420 victorias
1127 3366 1306 3436 Xenocratis,
1328 3366 1418 3436 patris
1438 3366 1620 3436 Thrasybuli.

339 3438 395 3492 fuit
413 3442 463 3491 aut
481 3439 556 3507 quod
575 3439 628 3492 hoc
647 3454 759 3491 cannen
778 3440 810 3489 ut
828 3435 953 3489 Isthmiis
971 3436 1059 3491 sacris
1077 3438 1259 3492 redeuntibus
1278 3442 1426 3493 caneretur
1444 3438 1619 3492 destinatum

340 3509 395 3563 fuit
414 3541 447 3549 -
468 3515 509 3565 15.
530 3507 646 3577 Δωρίων
666 3506 788 3574 σελίνων,
806 3508 874 3577 quia
888 3507 1011 3575 quitum
1026 3525 1157 3563 coronam
1171 3509 1334 3564 Isthmicam
1348 3508 1466 3578 dabant,
1481 3509 1621 3564 Corinthii

340 3581 426 3635 Doies
445 3583 539 3649 erant,
560 3580 590 3634 id
609 3580 684 3705 (Laod
703 3578 915 3633 commemorari
933 3581 1047 3649 gratum
1064 3580 1258 3650 Agrigentinis
1276 3581 1332 3634 fuit
1351 3584 1380 3635 et
1397 3580 1468 3651 ipsis
1488 3581 1620 3636 Doricam
1678 3599 1679 3626 ι

339 3650 1000 3793 ittethtttlhtfildefidit.lt.
1014 3668 1088 3779 λλ]
1103 3651 1271 3793 liutet,
1288 3652 1544 3795 λλῗιὲοὸῗῗλὲῗ
1554 3654 1621 3779 1¹⁰5?

339 3795 368 3849 P.
388 3815 416 3850 iv
435 3812 482 3865 alo,
503 3794 572 3865 ἄγεν
590 3794 620 3851 Ρ.
638 3814 669 3848 ιιι
688 3811 722 3850 οι.
741 3811 759 3847 v
778 3810 811 3849 τε.
831 3812 860 3846 rx
878 3808 924 3848 raa.
943 3792 964 3849 I.
983 3812 1012 3847 rr
1030 3811 1064 3863 aa,
1084 3794 1198 3867 βάλλετο
1216 3796 1352 3864 P.1v1as,
1371 3795 1470 3850 ἔντυεν
1491 3795 1525 3851 Ο.
1541 3816 1575 3849 111
1591 3814 1621 3851 aa

339 3868 368 3921 P.
383 3885 410 3921 iv
427 3884 473 3937 ιιι,
491 3866 595 3922 τάνυεν
618 3866 647 3921 Ρ.
667 3885 695 3919 iv
715 3882 752 3921 isa
789 3867 895 3921 κώλυεν
920 3864 949 3919 P.
969 3883 998 3918 rr
1014 3882 1053 3934 aa,
1077 3864 1206 3921 δείκνυεν
1229 3866 1258 3922 P.
1274 3886 1302 3921 ιν
1320 3884 1372 3938 aaa,
1394 3865 1471 3922 τίκτε
1492 3867 1526 3922 0.
1544 3888 1573 3923 rr
1591 3886 1621 3921 ιι.

339 3938 368 3992 P.
389 3957 416 3992 ιι
434 3956 468 3995 ιι.
489 3958 516 3991 rx
538 3956 562 3994 io
586 3970 619 3978 -—
644 3943 684 3990 18.
709 3910 811 4006 Κρίσα,
835 3953 886 4007 pro
909 3936 1021 4009 vulgari
1044 3939 1135 4012 Κίρρᾳ
1153 3938 1236 3992 metri
1255 3955 1353 4007 causa;
1377 3940 1451 3993 banc
1469 3939 1623 3994 victoriam

340 4009 477 4063 Pindarus
497 4010 558 4079 ipse
577 4006 753 4080 praedicavit
770 3992 800 4062 P.
816 4027 851 4077 vr,
867 4007 1042 4077 Thrasybulo
1057 4009 1116 4063 tilio
1130 4008 1295 4064 Xenocratis
1314 4013 1343 4064 et
1360 4009 1464 4064 rectori
1485 4028 1621 4080 equorum

340 4081 501 4151 gratulatus
526 4114 558 4122 -
584 4086 625 4136 19.
649 4081 698 4134 καὶ
720 4078 787 4134 τόθι
809 4080 846 4133 ad
870 4079 1069 4148 praecedentia
1091 4081 1186 4151 potius
1209 4079 1266 4137 leri
1290 4080 1414 4135 admissa
1437 4081 1622 4153 neglegentia

340 4156 452 4222 poetam
482 4152 623 4207 rettulisse
651 4168 737 4221 quam
760 4150 797 4204 ad
820 4150 968 4219 sequentia
991 4151 1135 4220 existimo,
1160 4153 1293 4235 quoniam
1320 4152 1430 4222 Pythiis
1458 4153 1541 4207 ludis
1570 4172 1622 4207 noo
1677 4205 1678 4208 ,

340 4224 540 4290 Nicomachus,
570 4224 619 4278 sed
645 4220 837 4292 Thrasybulus
864 4223 944 4277 frena
969 4223 1073 4278 rexisse
1098 4225 1262 4294 perhibetur
1285 4224 1315 4279 P.
1335 4243 1364 4278 vr
1383 4240 1408 4278 ιο
1422 4242 1459 4279 ss.
1500 4224 1568 4290 Qua
1591 4226 1622 4277 de

341 4312 427 4350 causa
454 4296 594 4365 Heynium
621 4296 721 4348 ducem
745 4297 857 4348 secutus
880 4294 1049 4365 particulam
1073 4294 1104 4350 di
1127 4296 1201 4350 inter
1227 4300 1350 4358 κλειναῖς
1377 4298 1406 4349 et
1430 4294 1622 4367 Ἐρεχθειδᾶν

340 4367 517 4422 inserendam
537 4366 641 4435 curavi,
661 4382 831 4435 quamquam
850 4365 907 4419 iam
926 4368 1036 4421 veteres
1056 4367 1255 4438 grammaticos
1276 4384 1340 4421 cum
1358 4365 1431 4421 hauc
1449 4368 1622 4437 particulam

340 4439 370 4492 in
396 4438 454 4493 suis
479 4439 559 4493 libris
585 4456 641 4493 non
666 4436 852 4505 invenissent,
879 4440 945 4491 ante
968 4455 1025 4492 non
1043 4442 1108 4509 post
1130 4441 1176 4494 καλ
1200 4436 1267 4493 τόθι
1290 4438 1501 4508 interpunxisse
1520 4441 1622 4495 docent

341 4510 426 4564 schol.
447 4510 476 4565 P.
491 4530 518 4565 vr
538 4527 576 4566 ts:
598 4510 789 4582 Θρασύβουλε·
808 4517 908 4563 τοῦτον
927 4508 959 4563 δὲ
979 4511 1015 4573 ὡς
1033 4510 1210 4579 φιλοπάτορα
1228 4512 1277 4564 καλ
1294 4519 1456 4578 προεστῶτα
1473 4520 1528 4581 τῆς
1548 4512 1621 4565 λιιι-

340 4589 391 4652 κῆς
416 4580 540 4650 ἐπαινεῖ,
566 4583 629 4651 οόγ,
656 4580 692 4644 ὥς
716 4599 791 4643 τινες
816 4580 1024 4654 ἐβουλήθησαν,
1050 4580 1178 4673 ciclopes·
1205 4582 1220 4636 ό
1246 4582 1299 4652 γδιρ
1324 4582 1438 4652 ἡνίοχος
1456 4581 1622 4654 Νικόμαχάς

341 4652 428 4722 ἐστιν,
453 4654 489 4716 ὡς
514 4653 544 4707 ἐκ
564 4662 620 4707 τῶν
641 4652 835 4722 ’λσθμιονικῶν
859 4651 946 4722 δῆλόν
970 4652 1044 4709 ἐστιν
1068 4686 1100 4694 -
1129 4658 1185 4722 Ερε
1203 4656 1319 4708 θειδᾶν
1343 4653 1567 4709 Atheniensium
1588 4655 1621 4708 ab

341 4723 496 4779 Erechtheo
511 4724 703 4792 orinndornm,
724 4724 758 4777 cf.
774 4723 845 4779 Prol.
861 4744 937 4793 on113
957 4724 1026 4780 clari
1041 4729 1136 4780 autem
1149 4675 1323 4780 Atbenarom
1337 4724 1397 4777 ludi
1413 4724 1621 4782 Panathenaici

343 4798 431 4865 erant,
451 4796 485 4850 de
504 4795 606 4865 quibus
625 4794 685 4849 dixi
703 4794 776 4848 Prol.
792 4814 890 4849 cxxxix
910 4827 942 4835 -
