3417 5434
616 1163 775 1217 NEMEON.
793 1158 838 1216 B'.

342 1323 732 1408 TlMOAHMsa
774 1324 1114 1409 ΑΘΗΝΑΙΩι

577 1519 879 1570 muraenulam.

609 2450 849 2530 Argumentum.

180 2578 307 2637 Carmen
325 2581 381 2639 hoe
399 2580 431 2637 in
449 2579 590 2638 honorem
609 2581 774 2638 Nemeaeae
792 2579 937 2638 vintoniae
957 2579 1130 2655 Timodemi,
1150 2579 1288 2639 Timonoi
1307 2581 1370 2656 filii,

27 2676 29 2679 ⁴
85 2668 314 2744 pancratiastae
343 2669 488 2745 seriptum
515 2672 567 2728 est.
617 2669 647 2727 Is
675 2689 710 2727 en
733 2669 837 2728 Attica
867 2672 955 2746 gente
984 2668 1257 2727 Timodemidarum
1286 2672 1369 2728 ortus

86 2759 167 2817 inter
196 2759 325 2817 maiores
353 2777 421 2818 snos
449 2759 561 2817 multos
584 2759 711 2818 victores
735 2758 875 2816 ludorum
903 2759 1133 2818 domesticorum
1157 2777 1369 2834 sacrorumque

86 2848 206 2907 habuit.
253 2847 335 2907 idem
363 2852 465 2907 autem
491 2848 572 2923 quod
599 2852 630 2906 et
653 2847 804 2906 Salamine
828 2850 859 2906 et
881 2847 1027 2907 Aehamis
1051 2850 1141 2906 natus
1165 2847 1201 2904 ad
1226 2847 1370 2907 virtutem

89 2955 151 2995 esse
176 2937 290 2994 dieitur
312 2930 354 3017 (v.
380 2949 420 2997 13.
447 2929 504 3017 16),
527 2937 588 2995 iam
610 2940 724 2997 ueteres
748 2937 867 2996 oritieos
890 2937 1030 3013 exercuit,
1054 2956 1183 3012 quorum
1207 2939 1370 2996 sententias

88 3025 163 3101 ipsis
188 3026 371 3085 scholiorum
394 3026 491 3086 verbis
519 3027 628 3084 referre
651 3027 783 3102 expedit:
814 3027 938 3102 ζητεῖται
967 3023 1016 3084 διὰ
1044 3025 1073 3084 τί
1095 3024 1132 3102 δή
1155 3047 1224 3085 ποτε
1247 3025 1281 3085 τὰ
1305 3025 1371 3105 περὶ

28 3124 29 3127 ’
89 3117 250 3192 Σαλαμῖνα
273 3114 315 3185 εἰς
334 3114 404 3186 τοὺς
421 3112 488 3191 περὶ
508 3114 679 3193 Τιμόδημον
697 3113 803 3194 λόγους
822 3124 998 3194 προσῆκται
1023 3113 1059 3173 οὐ
1078 3113 1134 3193 γὰρ
1153 3113 1251 3191 δήπου
1271 3118 1370 3175 Σαλα-

90 3204 190 3280 μίνιος
214 3196 267 3281 ἦν·
292 3200 432 3282 ἄντικρυς
455 3203 510 3284 γὰρ
533 3203 624 3263 αὐτὸν
640 3199 780 3282 Ἀχαρνέα
798 3203 874 3280 φησὶ
896 3203 947 3264 τὸν
971 3204 1074 3282 δῆμον.
1110 3197 1294 3283 Ἀρίσταοχος
1318 3201 1371 3283 μὲν

90 3283 146 3352 οὖν
166 3301 221 3370 τῆς
235 3293 397 3364 Αἰαντίδος
416 3298 514 3370 φυλῆς
539 3287 628 3370 εἷναι,
651 3292 707 3353 οὐκ
730 3290 829 3372 ὀρθῶς
853 3291 885 3352 δέ
904 3309 1009 3370 φησιν·
1035 3293 1066 3352 οἱ
1081 3291 1135 3372 γὰρ
1153 3285 1300 3372 Ἀχαρνεῖς
1319 3303 1371 3372 τῆς

93 3381 239 3459 Οἰνηΐδος
258 3386 356 3460 φυλῆς
376 3383 458 3442 εἰσιν.
495 3383 527 3442 οἷ
543 3379 574 3441 δὲ
597 3381 663 3461 περὶ
675 3375 892 3460 Ἀσκληπιάδην
907 3383 1010 3460 φασίν,
1030 3381 1073 3441 ὅτι
1088 3381 1165 3454 εἰκός
1184 3380 1261 3442 ἐστιν
1281 3381 1372 3443 αὐτὸν

91 3463 166 3530 εἶναι
181 3479 241 3530 τῶν
255 3469 310 3548 τὴν
319 3474 476 3548 Σαλαμῖνα
489 3470 827 3551 κατακληρουχησάντων
838 3466 1022 3550 Ἀθηναίων·
1038 3471 1115 3542 εἰκὸς
1130 3463 1186 3531 οὖν
1201 3471 1293 3532 αὐτὸν
1306 3495 1371 3553 γευ-

92 3558 226 3636 νηθέντα
239 3553 384 3638 Ἀθήνησι
400 3554 488 3641 (corr.
501 3554 671 3642 Ἀχάρναις)
689 3561 863 3638 τεθράφθαι
881 3559 913 3621 tr
928 3565 1091 3640 Σαλαμῖνι·
1116 3561 1249 3639 Δίδυμός
1269 3580 1373 3640 φησιν,

93 3647 134 3707 ὅτι
150 3649 223 3720 ἴσως
237 3647 359 3725 ἄμεινον
374 3649 478 3730 λέγειν,
492 3649 537 3709 ὅτι
551 3651 592 3722 εἰς
608 3650 722 3710 Αἴαντα
737 3648 861 3728 ἀνέφερε
875 3649 907 3710 τὸ
921 3651 953 3730 ye'
956 3673 1018 3727 νος,
1032 3649 1128 3729 ὥσπερ
1143 3651 1191 3709 καὶ
1204 3651 1373 3728 Μιλτιάδης

91 3737 141 3797 καὶ
155 3739 264 3818 Κίμων
277 3737 328 3798 καλ
343 3734 529 3819 Ἀλκιβιάδης
547 3738 597 3799 καὶ
614 3739 804 3817 Θουκυδίδης
819 3736 834 3798 δ
849 3739 1037 3820 συγγραφεὺς
1057 3734 1132 3798 δὈλ
1143 3739 1213 3818 'pou
1239 3741 1373 3810 Quarum

93 3828 185 3886 trium
210 3829 427 3888 sententiarum
448 3829 578 3888 mediam
600 3825 686 3888 unice
705 3830 944 3906 amplectendam
963 3849 1025 3890 esse
1045 3830 1272 3905 comprobatum
1291 3835 1373 3890 esta

94 3915 326 3977 Wilamowitzio
346 3918 447 3978 Herm.
459 3929 571 3995 12,34‘2.
603 3918 766 3977 Cantatum
784 3937 847 3978 esso
866 3921 922 3978 hoo
941 3939 1059 3978 carmen
1074 3919 1209 3996 Athenis,
1230 3919 1373 3995 incapite

94 4007 159 4082 agri
186 4007 296 4084 Attici,
329 4028 365 4066 ex
395 4008 568 4067 laudatione
597 4009 679 4067 urbis
709 4009 896 4066 Athenarum
924 4002 964 4088 (v.
985 4001 1016 4090 8)
1045 4007 1122 4067 effici
1150 4007 1277 4068 videtur.
1329 4009 1373 4067 De

94 4097 236 4172 tempore,
260 4117 320 4172 quo
344 4097 490 4174 seriptum
513 4098 561 4174 sit,
584 4098 659 4156 nihil
682 4098 756 4156 certi
778 4098 939 4157 memoriae
963 4096 1109 4156 traditum
1128 4101 1181 4155 est.
1220 4097 1375 4176 Sagaoiter

95 4187 196 4243 autem
224 4187 370 4246 Ernestus
403 4187 490 4264 Graf,
523 4186 606 4244 Pind.
635 4187 693 4264 log.
718 4186 836 4262 Stroph.
868 4207 896 4263 p.
921 4197 968 4264 39,
1002 4206 1036 4245 er
1068 4189 1233 4246 metrorum
1265 4187 1374 4264 indole,

97 4291 172 4346 qnae
192 4275 299 4334 similis
317 4279 363 4334 est
381 4275 548 4335 carminum
563 4274 597 4336 0.
612 4295 643 4332 rx
658 4283 689 4334 et
703 4277 735 4334 P.
749 4293 805 4334 vm
820 4295 838 4334 a
851 4279 942 4352 poeta
956 4276 1016 4334 inm
1032 4279 1201 4335 senescente
1217 4276 1375 4353 factorum,

96 4360 149 4420 hoe
173 4384 294 4440 quoque
313 4383 432 4424 carmen
451 4365 489 4424 ad
508 4366 674 4440 posteriora
695 4369 830 4441 tempora
850 4367 1038 4433 (roe—4:31
1061 4384 1086 4422 a.
1107 4357 1173 4444 Ch.)
1194 4365 1374 4425 reiciendum

98 4469 158 4510 esse
173 4453 291 4512 statuit
319 4455 398 4513 Nam
412 4455 493 4530 quod
507 4454 712 4512 Fraeearolius
726 4475 761 4512 er
780 4474 823 4531 eo,
839 4455 920 4529 quod
940 4453 1100 4512 Salaminis
1119 4455 1187 4513 laus
1202 4473 1220 4512 a
1234 4455 1374 4531 mythieis

98 4541 289 4620 temporibus,
312 4563 371 4602 non
395 4563 414 4602 a
437 4544 603 4602 clarissima
627 4543 792 4602 Salaminia
815 4544 941 4602 viatoria
965 4543 1066 4602 navali
1088 4547 1283 4622 repeteretur,
1306 4549 1375 4602 ante

100 4625 180 4688 illam
204 4651 337 4710 pugnam
363 4634 424 4692 sive
448 4636 518 4691 ante
542 4652 568 4691 a.
587 4643 640 4691 480
659 4653 685 4690 a.
704 4631 771 4691 Chr.
791 4652 910 4690 carmen
933 4633 1132 4708 compositum
1155 4651 1217 4692 esse
1241 4634 1376 4711 oonieeit,

100 4714 152 4776 huo
180 4721 279 4779 minus
306 4723 401 4798 valet,
430 4722 454 4780 si
482 4723 614 4780 multum
642 4721 783 4797 temporis
812 4721 1002 4780 interiectum
1031 4722 1103 4798 suit,
1131 4725 1286 4797 praeterea
1309 4723 1376 4783 vide

102 4811 201 4868 notam
224 4812 262 4868 ad
285 4832 312 4870 v.
338 4823 379 4870 16.
427 4813 563 4870 Ceterum
589 4813 701 4870 Nemea
725 4811 859 4890 secundi,
888 4832 947 4870 non
976 4812 1077 4887 quarti
1100 4813 1171 4870 anni
1190 4810 1377 4890 Olympiadis

1112 4911 1164 4964 tu*
