3417 5434
893 1229 1052 1280 NllhlEON.
1071 1224 1111 1280 A'.

581 1389 1011 1476 TIMAEAPXsa·
1066 1391 1424 1476 ΑΙΓΙΝΗΤΗι

834 1585 937 1636 ΠΑΙΔΙ
956 1586 1165 1637 ΠΑΛΑΙΣΤΗι.

910 1885 1086 1956 strophae.

873 2799 1113 2882 Argumentum.

443 2929 578 2990 Victoria
600 2929 758 3007 Nemeaea,
783 2949 874 3007 quam
898 2929 1107 2989 Timasarchus
1126 2929 1304 2991 Timocratis
1326 2931 1406 2991 fflius
1425 2932 1573 3012 Aegineta
1595 2954 1626 2993 en

354 3195 610 3255 Theandridarum
642 3216 716 3274 gens
748 3197 895 3275 gymnicis
924 3197 1137 3258 certaminibus
1171 3197 1303 3274 impense
1336 3219 1457 3276 operam
1490 3200 1625 3274 navabat

352 3286 431 3345 unde
455 3285 582 3346 maiores
601 3286 787 3346 Timasarchi
805 3284 971 3362 Olympieis
993 3286 1143 3346 Isthmicis
1165 3287 1322 3348 Nemeaeis
1346 3289 1462 3350 coronis
1486 3290 1560 3348 clari
1582 3309 1625 3350 en·

354 3017 560 3079 illustrissima
582 3021 672 3098 gente
695 3018 951 3079 Theandridarum
974 3019 1057 3079 lucta
1085 3023 1262 3079 consecutus
1290 3025 1367 3099 erat,
1394 3023 1548 3098 praeclaro
1574 3023 1625 3082 hoc
1679 3067 1680 3076 t

355 3109 484 3168 carmine
510 3108 690 3167 illustratum.
728 3108 770 3167 Ut
788 3109 867 3168 enim
887 3102 964 3167 aliae
987 3111 1091 3186 gentes
1114 3108 1228 3168 nobiles
1247 3110 1449 3188 Aegineticae‚
1474 3111 1517 3170 sic
1540 3112 1625 3170 etiam
1679 3145 1680 3220 p

354 3374 504 3434 stiterunt.
550 3375 719 3453 Singularis
746 3395 815 3435 vero
843 3376 911 3435 laus
938 3375 1027 3434 huius
1050 3375 1148 3454 gentis
1172 3379 1250 3454 erat,
1279 3377 1359 3454 quod
1381 3378 1468 3436 iuxta
1491 3379 1625 3458 gymnica
1679 3387 1680 3446 j

353 3464 454 3523 studia
477 3464 569 3524 etiam
591 3465 706 3524 musica
729 3464 897 3541 exercebat3
915 3464 1051 3541 inprimis
1070 3464 1234 3543 Timouriti‚
1253 3467 1348 3542 patris
1367 3467 1561 3544 Timasarchi‚
1580 3487 1625 3525 ars
1679 3471 1680 3536 l

351 3551 460 3613 fidibus
491 3554 629 3630 canendi,
662 3554 816 3630 Euphanis
849 3554 899 3613 avi
931 3553 1060 3630 epinicia
1091 3553 1224 3613 earmina
1255 3575 1273 3614 a
1302 3555 1431 3616 Pindaro
1464 3556 1626 3614 laudantur
1679 3593 1680 3618 1

352 3633 394 3723 (v.
419 3654 460 3702 14.
485 3633 542 3724 90).
588 3643 693 3719 Alipta
716 3643 925 3702 Timasarehus
953 3643 1075 3703 Melesia
1102 3643 1279 3703 Atheniensi
1306 3663 1380 3702 usus
1407 3647 1473 3704 erat
1504 3636 1546 3726 (v.
1570 3637 1624 3725 93),
1679 3635 1680 3662 ³

351 3731 437 3790 cuius
460 3731 609 3790 Pindarus
632 3732 723 3790 etiam
747 3729 780 3791 Ο.
798 3750 855 3790 vum
879 3743 912 3790 54
937 3735 967 3792 et
989 3733 1025 3792 N.
1045 3752 1076 3792 vr
1101 3744 1133 3792 74
1157 3733 1339 3793 mentionem
1364 3733 1443 3794 fecit.
1491 3733 1625 3793 Ceterum
1679 3751 1680 3760 ¹

351 3840 411 3880 non
439 3821 502 3880 sine
529 3840 638 3900 magno
666 3821 766 3881 labore
795 3824 825 3880 et
854 3822 988 3898 periculo
1017 3821 1241 3882 Timasarehum
1271 3823 1429 3882 uictoriam
1458 3827 1623 3900 reportasse
1679 3893 1680 3904 ἵ

351 3929 454 3969 versus
473 3921 578 3970 28—32
598 3913 739 3989 arguunt.
759 3942 800 3951 -
820 3911 864 3970 De
884 3914 1017 3987 tempore
1038 3911 1176 3970 carminis
1196 3911 1271 3970 nihil
1291 3913 1451 3972 memoriae
1474 3912 1622 3988 proditum
1679 3945 1680 3974 1

351 4002 404 4077 est,
429 4000 480 4060 sed
504 4021 539 4060 ex
557 4000 784 4076 numeratione,
804 4018 865 4076 qua
884 4003 974 4076 poeta
992 4000 1145 4060 Melesiam
1163 3999 1236 4060 locis
1255 4001 1387 4060 laudatis
1406 4004 1622 4076 commemorat

350 4089 449 4149 elucet
470 4090 547 4148 hanc
565 4089 723 4149 uictoriam
742 4093 810 4148 ante
830 4087 864 4150 O.
884 4107 940 4148 vm
959 4092 989 4149 et
1007 4089 1043 4147 N.
1063 4109 1102 4166 vr,
1123 4089 1183 4150 sive
1204 4093 1273 4149 ante
1293 4110 1405 4150 annum
1425 4093 1490 4151 460
1510 4109 1536 4148 a
1552 4091 1621 4167 Chr„

351 4197 410 4254 quo
438 4197 516 4238 anno
545 4196 663 4239 carmen
691 4177 725 4238 Ο.
744 4196 800 4235 vm
827 4179 942 4238 factum
970 4182 1027 4256 est,
1058 4183 1176 4254 partam
1206 4197 1278 4238 esse.
1323 4179 1483 4240 Praeterea
1513 4180 1620 4239 laetum

351 4270 417 4326 tum
439 4268 582 4343 temporis
601 4271 715 4326 statum
733 4286 833 4326 rerum
851 4266 1042 4344 publicarum
1060 4268 1152 4328 fuisse
1171 4268 1298 4327 necdum
1317 4269 1483 4346 quidquam
1502 4269 1621 4345 periculi

349 4355 565 4434 Aeginetarum
588 4356 721 4416 libertati
749 4356 786 4415 ab
806 4357 1038 4417 Atheniensibus
1061 4357 1239 4433 impendisse
1261 4361 1328 4417 tota
1348 4358 1464 4418 indoles
1487 4359 1621 4418 carminis

348 4446 460 4523 gaudio
484 4446 572 4523 quasi
591 4446 755 4505 exultantis
774 4445 914 4505 declarat.
953 4445 1038 4517 Quod
1058 4466 1127 4507 vero
1148 4445 1301 4505 Salamina
1320 4446 1462 4524 Cypriam
1480 4447 1561 4507 inter
1577 4448 1620 4506 de·

350 4553 419 4594 cora
441 4536 576 4615 Aeginae
600 4538 689 4612 poeta
711 4538 845 4595 recenset
864 4527 906 4616 (v.
925 4529 974 4619 48)
994 4539 1025 4596 et
1047 4536 1159 4595 fabulis
1182 4536 1323 4613 mythicis
1345 4536 1452 4614 utitur,
1476 4539 1513 4596 ut
1537 4556 1620 4614 quam
1679 4571 1680 4604 3

348 4622 409 4682 late
436 4624 571 4703 Aeginae
601 4645 672 4701 opes
701 4627 825 4701 pateant
854 4625 1050 4703 demonstret,
1080 4625 1135 4686 hoc
1165 4625 1209 4684 ita
1239 4626 1433 4705 interpretor,
1463 4629 1499 4686 ut
1529 4627 1619 4703 speeie
1679 4671 1680 4704 ἦ

347 4713 481 4788 mythice
508 4717 678 4789 praesentes
705 4733 752 4773 res
781 4714 1009 4774 Atheniensium
1039 4733 1201 4791 eorumque
1233 4715 1381 4774 sociorum
1408 4715 1619 4793 Aeginetarum

347 4805 417 4876 pust
444 4823 577 4880 pugnam
606 4803 642 4860 ad
671 4803 897 4878 llurynnedonta
924 4824 977 4880 per
1000 4807 1094 4862 terras
1119 4809 1148 4862 et
1171 4804 1267 4862 muria
1290 4805 1508 4864 dominantium
1532 4805 1618 4884 signi·
