3417 5434
494 323 543 380 111.
571 324 621 378 Da
639 323 748 380 LUDIS
767 325 814 378 ET
832 324 1010 383 armeus,
1305 323 1393 381 LXIII

95 487 257 572 praemiis
290 485 505 575 ornabantur,
539 491 653 554 contra
680 486 792 556 Hiadis
825 488 894 555 ludi
927 487 1180 574 splendidissimi
1212 496 1318 578 erant,
1350 494 1391 557 ab

98 595 233 661 Achille
253 597 288 660 in
306 597 466 662 honorem
484 597 606 662 mortui
620 597 716 662 amici
729 597 891 663 Patroclis
906 599 946 662 ad
960 599 1058 663 funus
1074 599 1143 664 eius
1162 599 1392 664 illustrandum

97 702 260 768 instituti.
293 703 341 768 Ut
355 704 442 768 enim
455 708 569 769 nostra
583 706 741 770 memoria
759 705 882 771 milites
896 728 915 770 a
929 707 1098 791 sepultura
1111 707 1202 771 ducis
1220 707 1392 772 redeuntes

97 809 227 875 hilares
259 811 375 875 modos
407 811 553 877 buccinis
585 811 768 896 fistulisque
800 817 934 892 canunt,
967 813 1015 878 sic
1042 814 1143 879 etiam
1174 813 1303 897 Graeci,
1334 815 1392 879 ubi

99 917 218 982 tristes
242 923 277 982 et
300 917 418 983 maesti
441 939 558 1004 corpus
581 919 673 984 ducis
695 920 747 984 vel
771 919 869 985 amici
890 919 1035 985 defuncti
1055 921 1192 1008 inrogo
1211 942 1393 986 concrema-

98 1030 231 1111 verant,
253 1025 347 1090 ludos
370 1025 589 1091 instituebant
612 1027 651 1090 ad
676 1027 802 1092 animos
825 1027 1017 1092 recreandos
1042 1033 1140 1112 atque
1162 1034 1239 1114 post
1266 1030 1393 1093 luctum

99 1133 344 1198 exhilarandos.
395 1131 505 1217 Atque
540 1133 625 1198 hauc
660 1133 866 1218 potissimam
903 1156 1034 1200 causam
1069 1135 1165 1201 ludos
1199 1137 1393 1202 instituendi
1455 1176 1458 1187 ι

99 1239 249 1305 heroicis
280 1240 483 1324 temporibus
517 1240 631 1326 fuisse,
663 1241 810 1326 exempla
842 1242 923 1306 satis
953 1242 1058 1307 multa
1085 1243 1278 1308 documento
1306 1248 1392 1309 sunt.

100 1345 158 1412 Sic
185 1345 309 1412 Nestor
331 1347 368 1411 Il.
388 1365 476 1412 xxm
495 1348 561 1414 630
569 1370 610 1412 ss.
641 1347 675 1412 in
697 1347 810 1414 funere
833 1348 1030 1435 Amaryncei
1054 1349 1172 1414 sfiliis
1201 1349 1270 1414 eius
1298 1351 1392 1415 ludos

98 1454 213 1520 factos
237 1477 308 1521 esse
331 1459 452 1538 narrat,
474 1453 637 1520 Hesiodus
662 1476 734 1541 opp.
754 1456 871 1521 caess.
893 1456 929 1520 in
952 1456 1038 1520 ludis
1060 1457 1252 1522 fimebribus
1275 1457 1391 1522 sfiliis

98 1561 393 1648 Amphidamantis
412 1561 533 1627 mortui
548 1559 700 1628 Chalcide
718 1562 880 1628 institutis
899 1563 1062 1647 tripodem
1079 1565 1261 1648 praemium
1276 1565 1390 1651 hymni

99 1691 135 1733 se
162 1675 378 1736 consecutum
401 1669 513 1754 refert,
537 1669 716 1734 certamina
737 1671 773 1734 in
795 1671 907 1735 funere
929 1669 1040 1736 Peliae
1064 1665 1169 1756 (ἆθλα
1191 1670 1245 1738 ἐπὶ
1267 1670 1390 1760 Πελίᾳ)

98 1783 133 1842 et
152 1775 366 1844 Stesichorus
389 1776 506 1842 cecinit
530 1781 563 1841 et
580 1777 615 1841 in
634 1775 717 1842 cista
732 1776 864 1862 Cypseli
882 1779 1052 1862 exsculpta
1069 1777 1287 1862 Pausanias—v
1302 1780 1389 1866 ’17,9

98 1885 196 1970 vidit,
215 1885 368 1950 funebres
388 1884 481 1950 ludos
500 1884 535 1949 in
551 1885 708 1950 honorem
727 1883 886 1949 Thoantis
904 1885 993 1971 regis
1011 1885 1134 1950 mortui
1151 1884 1267 1951 Lemni
1286 1886 1391 1951 factos

99 1998 222 2058 auctor
243 1993 365 2059 veteris
388 1991 541 2059 carminis
563 1989 824 2080 Argonauticil),
846 1992 882 2056 in
904 1991 1066 2072 honorem·
1083 1991 1277 2059 Archemori
1298 1993 1392 2078 pueri

99 2121 120 2162 a
148 2103 304 2184 serpente
332 2099 486 2165 exstincti
518 2120 619 2184 prope
650 2098 806 2164 Nemeam
838 2098 1010 2164 institutos
1042 2104 1157 2166 auctor
1184 2099 1391 2185 Thebaidis⁸l

99 2211 330 2272 narraverunt.
371 2205 448 2272 Alia
470 2207 509 2271 de
532 2206 606 2270 aliis
629 2206 714 2270 ludis
738 2205 928 2270 funebribus
951 2211 985 2270 et
1007 2206 1148 2273 heroicis
1171 2211 1205 2273 et
1225 2207 1391 2273 historicis

99 2313 311 2399 temporibus
329 2313 492 2379 institutis
511 2313 657 2378 referunt
670 2313 833 2377 Homerus
847 2311 884 2377 Π.
895 2330 970 2376 xxn
982 2315 1054 2379 164.
1077 2312 1256 2379 Pausanias
1265 2332 1289 2377 v
1301 2317 1352 2401 17,
1361 2316 1391 2379 9.

100 2421 294 2486 Herodotus
308 2438 345 2485 vl
359 2421 411 2487 38.
441 2419 645 2506 Thucydides
660 2438 683 2483 v
701 2421 748 2484 11.
774 2419 873 2486 Isocr.
887 2422 918 2505 9,
934 2423 960 2486 1.
983 2420 1150 2507 Vergilius
1164 2420 1245 2486 Aen.
1258 2441 1283 2486 v
1295 2423 1339 2488 64
1349 2443 1391 2486 ss.

99 2527 259 2614 Hyginus
283 2527 349 2593 fab.
367 2529 442 2593 273.
485 2528 572 2606 Quin
599 2528 698 2593 etiam
726 2528 765 2592 ad
796 2528 954 2594 barbaros
981 2527 1035 2592 hic
1063 2549 1134 2592 mos
1160 2528 1306 2613 perlatus
1332 2533 1392 2595 est.

101 2635 250 2720 Odrysas
270 2635 401 2721 quidem
420 2636 461 2700 ad
478 2637 623 2702 tumulos
641 2640 845 2700 mortuorum
864 2635 956 2722 equis
975 2635 1195 2700 decucurrisse
1209 2635 1391 2721 Xenophon

101 2742 331 2828 Hell.1112,5
355 2743 468 2829 tradit,
492 2748 526 2808 et
545 2765 566 2808 a
584 2742 740 2808 Romanis
758 2764 826 2807 non
844 2741 951 2807 solum
969 2765 1104 2807 munera
1121 2743 1340 2829 gladiatorum
1359 2748 1392 2809 et

100 2851 256 2938 pugilum
279 2850 494 2916 inhonorem
517 2854 722 2916 mortuorum
745 2872 841 2935 saepe
864 2850 1060 2934 factasunt,
1084 2850 1140 2915 sed
1161 2850 1261 2916 etiam
1280 2851 1392 2916 fabula

102 2957 261 3044 Terentii,
283 2958 336 3023 cui
359 2979 479 3023 nomen
501 2958 669 3042 Adelphoe
693 2962 752 3042 est,
775 2957 810 3021 in
830 2956 917 3022 ludis
934 2957 1127 3022 funebribus
1146 2957 1279 3022 Aemilii
1298 2957 1392 3022 Pauli

101 3065 249 3152 primum
272 3070 347 3131 aeta
369 3070 429 3131 est.

194 3172 306 3238 Aliam
330 3173 608 3259 opportunitatem
630 3173 723 3238 ludos
747 3172 886 3238 faciendi
911 3173 1039 3238 faustus
1067 3177 1201 3238 eventus
1229 3172 1307 3238 belli
1336 3173 1391 3238 ob

103 3281 192 3346 tulit.
236 3279 387 3365 Namque
411 3285 445 3346 et
466 3280 636 3346 hominum
659 3280 760 3345 animi
783 3280 923 3345 libenter
943 3284 1020 3365 post
1043 3284 1170 3345 atroces
1193 3280 1271 3345 belli
1295 3302 1391 3345 casus

102 3389 299 3473 laboresque
322 3387 560 3474 reficiebantur,
583 3393 616 3453 et
639 3385 744 3472 spolia
761 3388 799 3452 de
818 3387 969 3452 hostibus
988 3392 1085 3473 capta
1100 3387 1228 3473 copiam
1245 3388 1391 3474 praemia

103 3495 287 3561 victoribus
311 3494 475 3560 tribuendi
497 3495 669 3560 faciebant.
710 3494 834 3560 Verum
857 3495 1019 3560 recentius
1038 3496 1101 3560 hoc
1119 3517 1222 3581 genus
1241 3495 1391 3560 ludorum

103 3603 209 3668 fuisse
233 3602 437 3687 crediderim,
459 3602 495 3666 in
517 3602 653 3668 Homeri
676 3603 806 3688 quidem
826 3601 1027 3687 Hesiodique
1050 3603 1247 3668 carminibus
1265 3601 1392 3666 nullum

105 3710 292 3795 exemplum
310 3709 427 3774 talium
444 3709 595 3775 ludorum
614 3714 729 3775 exstat.
767 3709 830 3775 Sed
848 3709 987 3796 Pythios
1007 3709 1102 3774 ludos
1121 3711 1162 3774 ab
1180 3709 1393 3794 Amphictyo-

105 3819 204 3883 nibus
222 3817 366 3903 primum
385 3816 477 3883 Crisa
494 3817 575 3882 urbe
595 3821 690 3902 capta
709 3839 748 3881 ex
766 3816 929 3882 manubiis
948 3817 1099 3882 hostibus
1118 3816 1273 3881 detractis
1287 3816 1391 3881 factes

106 3948 178 3991 esse
202 3925 303 3991 schol.
322 3923 412 3989 Pind.
432 3948 462 4010 p.
482 3925 557 4011 297,
581 3923 700 3990 Strabo
719 3941 757 3988 rx
775 3926 851 4009 421,
874 3923 1053 3988 Pausanias
1072 3941 1135 3988 vm
1155 3925 1195 3990 18
1215 3923 1391 3989 memoriae

106 4033 328 4119 prodiderunt.
369 4031 422 4097 Ad
445 4054 557 4097 eorum
579 4054 656 4097 vero
685 4032 868 4116 exemplum
891 4031 1050 4096 Pindarus
1075 4031 1111 4096 0.
1129 4048 1154 4094 x
1173 4032 1268 4096 hbes.
1291 4031 1391 4095 etiam

107 4139 296 4226 Olympicus
314 4140 409 4205 ludos
428 4140 569 4226 primum
584 4127 624 4206 ab
639 4139 779 4205 Hercule
792 4143 870 4224 post
884 4139 1046 4204 devictum
1060 4138 1210 4225 Augeem
1224 4161 1263 4204 ex
1277 4138 1392 4223 spoliis

106 4248 185 4313 belli
213 4246 320 4314 factos
348 4269 419 4313 esse
445 4248 549 4313 finxit.
594 4247 844 4313 Recentioribus
878 4268 1006 4332 quoque
1035 4246 1237 4330 temporibus
1267 4243 1392 4332 Graeci,

107 4355 161 4440 qui
185 4377 252 4420 una
270 4377 347 4422 cum
365 4355 451 4441 Cyro
471 4355 708 4440 expeditionem
727 4359 841 4420 contra
858 4353 1031 4419 Persarum
1049 4375 1159 4439 regem
1178 4351 1392 4418 Artaxerxem

107 4469 334 4551 susceperant,
371 4463 427 4528 ubl
459 4463 648 4549 ingentibus
682 4461 835 4546 periculis
867 4460 1006 4527 feliciter
1037 4460 1199 4545 superatis
1231 4461 1272 4526 ad
1303 4484 1392 4526 mare

193 4736 220 4803 1)
239 4750 267 4787 v.
287 4728 370 4784 Pind.
390 4717 422 4784 0.
436 4747 465 4784 rv
479 4733 522 4784 21.

192 4809 220 4876 2)
238 4822 267 4859 v.
288 4801 372 4856 Pind.
391 4799 425 4855 N.
440 4819 458 4855 x
472 4805 506 4855 28
525 4804 555 4856 et
573 4801 660 4857 schol.
679 4800 760 4857 Pind.
779 4799 859 4856 Nem.
878 4819 905 4872 p.
920 4805 1012 4871 rsus,
1031 4799 1114 4857 Paua.
1133 4819 1155 4853 11
1170 4805 1212 4870 15,
1228 4806 1252 4857 2.
