3417 5434
856 341 1133 394 PROLEGOMENA.

966 573 1022 640 IV.

789 716 847 781 DE
871 717 977 783 VITA
1001 717 1198 783 PINDARI.

975 895 1007 950 A.

635 1002 714 1068 Vita
737 1019 777 1068 ox
800 1001 934 1068 soholfis
955 1003 1176 1069 Ambrosiam
1198 1006 1359 1088 excerpta„

444 1148 615 1233 Πίνδαρος
637 1146 656 1212 6
679 1147 815 1230 ποιητής
836 1147 982 1229 Θηβαῖος
1001 1142 1044 1229 ήν
1062 1145 1098 1211 ἐκ
1118 1148 1366 1232 Κυνοκεφάλων
1384 1145 1492 1234 (κύμη
1511 1145 1555 1211 δέ
1572 1145 1638 1210 ἐστι

358 1253 535 1340 (νηβαίκή),
561 1255 636 1330 υίὸς
664 1249 701 1320 δέ
724 1251 938 1336 Δαϊφάντου,
964 1254 1047 1318 κατὰ
1075 1252 1107 1317 δ’
1133 1253 1243 1332 ἐνίους
1265 1255 1444 1338 Παγάνδα.
1490 1258 1580 1320 ἔνιοι
1604 1252 1637 1317 δέ

357 1365 564 1428 Σκοπελίνου
592 1361 695 1426 αὐτὸν
722 1365 970 1443 γενεαλογοῦσι,
997 1357 1085 1438 τινές
1108 1358 1145 1425 δέ
1167 1363 1227 1426 τὸν
1251 1367 1458 1427 Σκοπελῖνον
1481 1363 1639 1446 πάτρωον

355 1471 458 1535 αὐτοῦ
485 1467 643 1552 γενέσθαι
671 1465 724 1532 καὶ
754 1468 901 1552 αὐλητήν
927 1469 1008 1533 ὄντα
1035 1470 1097 1552 τήν
1123 1467 1242 1552 τέχνην
1267 1467 1408 1547 διδάξαι.
1453 1473 1583 1554 μητρὸς
1604 1467 1637 1532 δὲ

320 1579 551 1660 οΚλεοδίκης·
579 1577 615 1640 οί
640 1572 676 1640 δὲ
701 1576 869 1659 Κληδίκης
895 1575 1077 1662 γράφουσι·
1104 1586 1182 1651 παῖς
1204 1573 1241 1640 δέ
1265 1577 1314 1641 ὢν
1335 1577 1354 1642 6
1377 1577 1569 1662 Πίνδαρος,
1598 1576 1639 1650 ὡς

356 1682 550 1769 Χαμαιλέων
572 1681 628 1748 καὶ
640 1681 770 1768 Ἴστρος
793 1679 887 1768 φασὶ,
909 1680 984 1768 περὶ
1007 1682 1067 1747 τὸν
1085 1679 1246 1747 Ἑλικῶνα
1268 1690 1428 1769 θηρῶντα
1449 1684 1556 1748 αὐτὸν
1575 1683 1638 1748 ὑπὸ
1682 1738 1683 1751 .

355 1796 480 1856 πολλοῦ
507 1791 655 1876 καμάτου
683 1793 730 1867 είς
755 1790 864 1854 ύπνον
886 1795 1140 1873 κατενεχθῆναι,
1166 1789 1375 1875 κοιμωμένου
1398 1788 1435 1856 δὲ
1458 1791 1568 1856 αὐτοῦ
1590 1789 1639 1874 με’-

356 1904 474 1964 λισσαν
501 1908 546 1988 τῷ
574 1902 710 1983 στόματι
738 1900 1014 1984 προσκαθίσασαν
1036 1899 1134 1982 κηρία
1156 1907 1300 1982 ποιῆσαι.
1342 1899 1378 1962 οἱ
1398 1897 1439 1963 δέ
1459 1915 1568 1983 φασιν
1591 1899 1638 1962 ὅτι

356 2007 439 2092 ὄναρ
463 2001 561 2087 εἶδεν,
585 2005 629 2082 ὡς
652 2004 782 2089 μέλιτος
805 2002 861 2069 καὶ
882 2012 987 2090 κηροῦ
1010 2008 1132 2087 πλῆρες
1154 1999 1240 2069 εἶναι
1263 2004 1368 2069 αὐτοῦ
1388 2006 1426 2070 τδ
1445 2008 1564 2090 στόμα,
1586 2003 1637 2069 καί

304 2129 336 2177 10
356 2110 410 2176 ἐπὶ
432 2115 606 2196 ποιητικήν
629 2111 760 2199 ἐτράπη.
801 2111 1005 2177 διδάσκαλον
1028 2109 1065 2176 δέ
1088 2111 1193 2176 αὐτοῦ
1213 2110 1396 2196 Ἀθήνησιν
1418 2115 1455 2178 οἷ
1469 2110 1531 2198 μὲν
1547 2112 1639 2196 ’Ara-

354 2217 489 2302 θοκλέα,
513 2220 548 2284 οἱ
568 2217 605 2284 δέ
625 2217 877 2305 Ἀπολλόδωρον
899 2217 1065 2302 λέγουσιν,
1088 2218 1129 2284 ὃν
1150 2217 1207 2284 καί
1227 2220 1472 2305 προϊστάμενον
1494 2224 1639 2284 κυκλίων
1683 2230 1684 2299 ί

354 2337 465 2413 χορῶν
493 2325 728 2410 ἀποδημοῦντα
755 2335 930 2392 πιστεῦσαι
956 2328 1018 2409 τήν
1045 2326 1264 2392 διδασκαλίαν
1288 2337 1334 2416 τῷ
1358 2327 1523 2414 Πινδάρῳ
1546 2325 1637 2392 παιδί
1683 2340 1684 2359 ¹

355 2435 438 2518 ὄντι,
461 2435 521 2499 τὸν
544 2431 580 2498 δὲ
604 2429 641 2500 εὖ
665 2435 934 2518 διακοσμήσαντα
957 2435 1137 2517 διαβόητον
1159 2432 1328 2516 γενέσθαι.
1368 2437 1504 2520 ἔρεισμα
1527 2433 1567 2499 δὲ
1585 2445 1640 2517 τῆς

350 2538 508 2618 Ἑλλάδος
530 2543 633 2607 εἰπὼν
653 2539 797 2624 Ἀθήνας
820 2541 987 2626 ἐζημιώθη
1010 2541 1076 2606 ὑπὸ
1102 2543 1259 2625 Θηβαίων
1282 2545 1390 2626 χιλίας
1413 2542 1578 2628 δραχμάς,
1601 2542 1638 2616 ἃς

305 2667 336 2714 15
356 2647 503 2727 ἐξέτισαν
533 2646 617 2736 ὑπὲρ
650 2649 755 2714 αὐτοῦ
781 2647 963 2731 Ἀθηναῖοι.
1014 2643 1056 2730 ήν
1083 2646 1121 2712 δὲ
1148 2649 1188 2714 ού
1216 2650 1321 2733 μόνον
1348 2649 1477 2733 εὐφυής
1502 2651 1640 2732 ποιητής
1684 2714 1686 2774 ⁴

356 2755 440 2822 ἀλλά
466 2753 521 2822 καί
549 2758 729 2841 ἄνθρωπος
755 2758 928 2840 θεοφιλής.
973 2755 992 2820 6
1019 2763 1105 2837 γοῦν
1131 2756 1209 2821 Πάν
1236 2756 1255 2822 6
1281 2758 1363 2832 θεὸς
1390 2759 1493 2842 ὤφθη
1520 2757 1638 2841 μεταξὺ

356 2873 416 2928 τοῦ
440 2868 655 2949 Κιθαιρῶνος
676 2861 731 2929 καί
755 2873 815 2928 τοῦ
834 2861 1011 2938 Ἑλικῶνος
1033 2861 1126 2949 ᾅδων
1148 2871 1272 2929 παιᾶνα
1295 2864 1485 2948 Πινδάρου·
1509 2861 1637 2928 διὸκαὶ

357 2965 444 3058 ᾆσμα
472 2971 624 3054 ἐποίησεν
652 2973 698 3048 είς
724 2973 905 3053 τὸνθεόν,
933 2969 970 3034 ἐν
993 2963 1021 3057 ᾦ
1044 2971 1142 3055 χάριν
1165 2970 1319 3055 ὁμολογεῖ
1340 2981 1399 3056 τῆς
1420 2981 1519 3056 τιμῆς
1540 2973 1639 3058 αὐτῷ,

357 3075 397 3143 οὗ
415 3077 436 3162 ή
456 3077 552 3163 ἀρχή·
576 3075 602 3142 ὦ
622 3080 708 3143 Πάν
728 3078 813 3142 Πάν
834 3075 1040 3163 Ἀρκαδίας
1062 3075 1211 3162 μεδέων
1229 3077 1466 3163 καὶσεμνῶν
1485 3079 1639 3143 ἀδύτων

305 3203 338 3250 20
358 3183 493 3270 φύλαξ.
544 3185 628 3250 άλλδι
654 3183 708 3250 καὶ
734 3183 755 3268 ἡ
778 3187 939 3270 Δημήτηρ
967 3185 1049 3270 ὄναρ
1079 3183 1236 3250 ἐπιστᾶσα
1264 3185 1354 3274 αὐτῷ
1383 3183 1564 3270 ἐμέμψατο,
1592 3187 1638 3251 ὅτι

357 3295 464 3376 μόνην
491 3303 558 3357 τῶν
584 3298 677 3357 θεῶν
704 3292 765 3374 οὐχ
787 3291 947 3376 ὕμνησεν·
976 3289 995 3355 6
1019 3286 1056 3354 δέ
1078 3293 1127 3366 είς
1148 3291 1255 3376 αὐτὴν
1278 3291 1410 3376 ἐποίησε
1431 3297 1574 3378 ποίημα,
1601 3288 1638 3356 οὗ

358 3397 378 3481 ή
402 3399 498 3486 άρχή·
522 3402 672 3465 Πότνια
695 3401 923 3484 θεσμοφόρε
945 3398 1172 3482 χρυσάνιον.
1214 3397 1375 3464 ἀλλὰκαὶ
1397 3401 1513 3485 βωμὸν
1535 3401 1639 3486 άμφο

358 3503 463 3592 τέρων
485 3517 553 3572 τῶν
574 3514 666 3572 θεῶν
687 3507 751 3594 πρὸ
775 3515 833 3590 τῆς
856 3507 962 3581 οίκίας
983 3514 1042 3588 τῆς
1065 3506 1153 3582 ίδίας
1172 3506 1342 3593 ἱδρύσατο.
1385 3512 1587 3574 Παυσανίου
1606 3505 1637 3571 δὲ

359 3621 418 3678 τοῦ
442 3614 714 3699 Λακεδαιμονίων
740 3612 902 3698 βασιλέως
929 3612 1157 3699 ἐμπιπρῶντος
1183 3614 1243 3690 τὰς
1266 3616 1379 3699 Θήβας
1406 3614 1576 3702 ἐπέγραψέ
1595 3639 1640 3690 τις

307 3739 340 3787 25
359 3731 399 3807 τῇ
426 3723 526 3809 οἰκίη·
554 3721 761 3807 Πινδάρου
789 3730 859 3785 τοῦ
886 3729 1131 3805 μουσοποιοῦ
1158 3723 1228 3805 τήν
1255 3721 1399 3806 στέγην
1425 3724 1474 3807 μή
1499 3728 1639 3788 καιέτε·

359 3825 414 3893 καὶ
433 3828 539 3906 οὕτως
556 3833 640 3914 μόνη
660 3829 850 3913 ἀπόρθητος
870 3831 1008 3913 ἔμεινεν·
1027 3825 1083 3892 καὶ
1102 3830 1171 3893 ἔστι
1190 3830 1227 3894 τὸ
1246 3839 1312 3895 νῦν
1326 3829 1363 3894 έν
1378 3832 1505 3915 Θήβαις
1517 3854 1640 3916 πρυτα-

360 3946 460 4002 νεῖον.
505 3935 589 4002 άλλά
616 3937 672 4003 καί
700 3937 736 4001 ἐν
759 3941 909 4021 Δελφοῖς
936 3935 954 4000 6
981 3938 1154 4021 προφήτης
1176 3934 1307 4021 μέλλων
1328 3941 1451 4002 κλείειν
1473 3939 1535 4002 τὸν
1557 3940 1640 4002 νεὼν

360 4045 517 4130 κηρύσσει
544 4046 631 4109 καθί
653 4043 785 4130 ἡμέραν.
832 4044 1036 4128 Πίνδαρος
1064 4042 1081 4106 6
1110 4046 1351 4127 μουσοποιὸς
1373 4048 1522 4130 παρίτω
1546 4047 1640 4130 πρὸς

360 4153 402 4216 τὸ
426 4152 588 4218 δεῖπνον
612 4162 661 4241 τῷ
684 4159 773 4240 θεῷ.
814 4149 870 4216 καὶ
893 4150 956 4235 γάρ
981 4148 1017 4214 έν
1040 4160 1079 4236 τή
1100 4162 1167 4216 τῶν
1185 4156 1333 4217 Πυθίων
1351 4150 1447 4238 ἑορτή
1466 4151 1640 4236 ἐγεννήθη,

308 4278 343 4326 30
361 4259 407 4336 ὡς
434 4259 534 4336 αὐτός
556 4277 652 4344 φησι·
681 4257 947 4344 Πενταετηρίς
973 4254 1088 4342 ἑορτά
1115 4260 1343 4343 βουπομπὸς
1371 4259 1412 4325 ἐν
1438 4252 1460 4347 ᾇ
1486 4271 1640 4344 πρῶτον

362 4367 564 4452 εὐυάσθην
587 4367 784 4450 ἀγαπατὸς
806 4365 880 4430 ὑπὸ
903 4362 1155 4451 σπαργάνοις.
1197 4364 1324 4449 λέγεται
1346 4363 1384 4432 δέ
1406 4373 1551 4452 θεωροῖς
1569 4367 1640 4432 άπι-

363 4483 460 4540 οῦσιν
482 4477 530 4550 είς
542 4473 717 4559 ’Ἄμμωνος
739 4476 870 4558 αι’τήσαι
895 4473 1067 4556 Πίνδαρος
1088 4473 1126 4536 τὸ
1150 4472 1187 4538 έν
1210 4473 1403 4560 ἀνθρώποις
1426 4476 1565 4559 άριστον
1588 4472 1638 4538 καὶ

452 4667 536 4722 Inser.
558 4664 621 4730 Βίος
639 4667 785 4733 Πινδάρου
810 4666 838 4719 in
862 4667 922 4721 cod.
943 4667 979 4734 A,
1003 4665 1081 4718 cuius
1104 4664 1235 4720 notitiam
1260 4667 1433 4722 humanitati
1451 4667 1641 4722 Draehmanni

364 4739 462 4796 debeo.
483 4771 514 4779 -
534 4746 551 4792 4
570 4741 671 4809 μητρὸς
687 4743 877 4807 ...θηρῶντα
892 4739 924 4806 Α,
943 4755 996 4792 om.
1011 4737 1091 4791 Vrat.
1105 4736 1226 4793 Boeckh.
1247 4773 1280 4780 -
1301 4747 1334 4794 15
1350 4739 1495 4809 Ἀθηναῖοι
1514 4758 1549 4793 ex
1563 4739 1640 4810 Ἀθη-

364 4809 455 4876 νοάοις
469 4811 573 4866 corr.A
588 4842 621 4852 —
637 4818 679 4864 22.
695 4811 728 4864 es.
742 4810 950 4879 Paus.1x23,3.
966 4841 998 4849 -
1014 4813 1056 4863 ⁶28.
1067 4808 1103 4863 cf.
1114 4809 1199 4865 schol.
1211 4811 1239 4866 P.
1251 4833 1281 4865 111
1293 4819 1351 4870 137.
1368 4845 1400 4852 -
1415 4818 1458 4866 32.
1473 4812 1641 4886 ΠινδάρῳΑ
1681 4835 1686 4846 ·
