3417 5434
340 293 406 357 232
809 297 958 348 PanARI
977 297 1142 349 ammom.

341 466 525 523 structuram
544 459 639 541 νόμον
658 463 877 540 πολυκεφάλου,
900 482 959 540 quo
978 463 1075 522 Midas
1093 463 1174 542 vicit,
1193 465 1387 524 illustrarunt
1405 485 1500 542 nuper
1516 467 1604 526 Lueb-

339 554 415 630 bert,
437 553 483 611 De
501 552 729 611 Pindaricorum
751 553 917 612 carminum
940 553 1153 630 compositione
1173 574 1207 613 ex
1226 573 1384 616 nomorum
1402 553 1525 614 historia
1543 557 1604 614 illu·

341 642 477 718 stranda,
500 641 622 701 Bonnac
648 643 742 719 1887,
766 645 797 700 et
820 643 992 721 Guhrauer,
1019 643 1080 702 Der
1103 643 1262 720 Pythische
1285 644 1411 722 Nomos,
1439 645 1470 702 in
1492 663 1556 703 ann.
1574 648 1604 704 cl.

340 731 414 809 phil.
432 731 531 807 suppl.
544 749 609 808 vm,
626 729 726 790 Ueber
744 730 800 790 den
819 730 912 810 νόμος
930 728 1144 809 πολυκίφαλος,
1163 735 1194 791 et
1212 733 1242 790 in
1257 732 1419 792 Verbandl.
1438 734 1490 792 der
1507 734 1604 794 Philol.

340 822 373 879 in
396 820 519 898 (όδτλίλτ,
543 822 630 880 1890
652 840 680 896 p.
699 830 752 879 438
771 839 809 879 ss.

887 973 931 1040 Da
953 975 1074 1041 matris.

431 1089 557 1148 Carmen
580 1088 635 1147 hoc
657 1087 753 1147 modis
772 1087 1065 1165 dactylo-epitriticis
1084 1088 1122 1148 ad
1140 1089 1305 1166 simplicem
1324 1093 1355 1149 et
1372 1091 1527 1168 antiquam
1544 1112 1604 1149 nor-

343 1198 423 1238 mam
447 1178 613 1238 carminum
636 1177 852 1253 dactylicorum
870 1171 935 1236 κατ’
955 1175 1091 1238 ἐνόπλων
1110 1179 1153 1237 ita
1172 1179 1370 1255 compositum
1391 1183 1445 1258 est,
1468 1184 1512 1258 ut,
1535 1181 1605 1256 quod

342 1287 410 1327 raro
433 1268 464 1326 in
488 1267 619 1326 Pindaro
641 1265 689 1343 fit,
716 1285 820 1325 versus
843 1286 945 1326 omnes
967 1269 1048 1344 paris
1071 1269 1131 1326 fere
1155 1268 1371 1346 magnitudinis
1402 1269 1471 1328 sint.
1515 1269 1605 1328 Desti-

342 1361 448 1416 natum
466 1360 569 1415 autem
587 1356 643 1415 hoc
661 1374 781 1415 carmen
798 1355 867 1434 fuit,
885 1359 921 1415 ut
940 1376 958 1415 a
976 1357 1135 1416 comitibus
1153 1357 1275 1418 victoris
1297 1358 1401 1418 urbem
1425 1359 1607 1436 ingredienti-

343 1447 399 1505 bus
422 1447 596 1504 cantaretur
620 1439 661 1512 (v.
681 1437 722 1526 ὁ),
741 1445 791 1504 cui
809 1449 933 1504 naturae
953 1446 1092 1506 carminis
1115 1465 1274 1506 anacruses
1298 1447 1502 1524 compluribus
1524 1448 1606 1507 versi-

343 1536 399 1595 bus
418 1535 598 1612 praemissae
618 1553 710 1610 quam
728 1535 855 1594 maxime
875 1536 1115 1596 accommodatae
1134 1539 1227 1613 erant,
1252 1555 1437 1613 quamquam
1454 1537 1606 1596 nonnullae

344 1643 447 1684 earum
470 1623 562 1682 etiam
590 1623 789 1683 continuitate
816 1643 1009 1684 numerorum
1034 1617 1095 1706 (vv.
1115 1637 1131 1684 2
1150 1627 1181 1684 et
1200 1637 1224 1686 3.
1247 1636 1265 1684 4
1283 1628 1315 1685 et
1333 1619 1363 1706 ὁ)
1390 1627 1607 1686 excusabantur.

343 1715 448 1791 Epodo
476 1713 558 1790 quod
585 1715 667 1771 caret
693 1732 811 1772 carmen
838 1714 995 1792 Doricum,
1022 1734 1082 1774 non
1108 1717 1172 1773 tam
1200 1735 1235 1774 ex
1262 1714 1454 1791 simplicitate
1478 1716 1607 1775 carminis

345 1823 437 1880 quam
460 1822 496 1861 ex
518 1821 646 1878 pompae
668 1806 779 1861 natura
800 1803 900 1863 nescio
923 1823 961 1861 an
982 1804 1190 1880 explicandum
1209 1804 1257 1882 sit,
1277 1804 1521 1881 quandoquidem
1537 1805 1607 1864 vices

345 1893 536 1969 stropharum
563 1893 595 1950 et
621 1891 709 1967 epodi
736 1892 860 1952 idoneae
888 1895 959 1951 sunt
987 1894 1075 1952 choro
1098 1913 1157 1952 non
1180 1895 1262 1953 recta
1285 1894 1335 1953 via
1358 1893 1542 1970 procedenti,
1564 1895 1608 1952 sed

343 1981 432 2041 modo
456 1981 643 2040 dextrorsum
666 1981 754 2041 modo
777 1982 981 2041 sinistrorsum
1000 1983 1176 2042 deflectenti.
1219 1981 1347 2042 Factum
1370 1985 1474 2042 autem
1497 1987 1541 2042 est
1562 1985 1609 2042 boc

344 2088 463 2130 carmen
491 2071 529 2129 ad
556 2070 726 2146 exemplum
748 2071 968 2149 prosodiorum,
999 2071 1108 2148 quibus
1136 2090 1205 2130 cum
1233 2071 1371 2149 dipodica
1398 2072 1506 2132 divisio
1534 2071 1609 2131 unice

344 2160 530 2236 conveniret,
560 2158 723 2235 dactylicus
754 2160 899 2237 tripodias
930 2161 960 2218 in
990 2161 1228 2239 magnitudinem
1260 2161 1400 2220 binarum
1431 2161 1611 2239 dipodiarum

345 2249 546 2309 extendendas
568 2249 680 2309 curavi.
726 2249 799 2308 Inde
829 2250 860 2308 in
889 2269 939 2308 sex
966 2251 1098 2310 versibus
1126 2249 1230 2327 primis
1254 2253 1428 2329 quaternos,
1452 2251 1483 2309 in
1507 2251 1611 2310 duobus

346 2338 485 2398 extremis
515 2341 628 2414 ternos,
658 2341 724 2398 tota
751 2339 784 2396 in
806 2339 929 2415 stropha
951 2339 1078 2418 triginta
1100 2358 1207 2416 passus
1230 2340 1353 2400 chorum
1376 2340 1481 2399 fecisse
1504 2341 1610 2416 colligo.

346 2426 432 2498 Quod
461 2429 562 2486 autem
592 2446 705 2503 pausae
735 2428 819 2487 locus
848 2429 880 2486 in
910 2428 967 2487 fine
996 2429 1095 2505 quinti
1122 2447 1226 2488 versus
1248 2429 1343 2506 deest,
1367 2429 1398 2488 id
1420 2429 1527 2489 dubito
1548 2449 1612 2487 num

346 2518 390 2575 ita
408 2516 556 2593 explicare
575 2515 674 2594 liceat,
691 2519 728 2574 ut
745 2535 848 2576 versus
868 2517 1007 2592 quintum
1027 2522 1058 2576 et
1075 2521 1191 2578 sextum
1211 2517 1410 2578 continuitate
1430 2538 1611 2578 numerorum

347 2606 503 2666 cohaerere
527 2608 657 2683 statuas3
686 2606 791 2684 immo,
818 2627 855 2665 ne
879 2609 1036 2666 cantorum
1062 2607 1164 2667 fauces
1192 2607 1362 2686 deficerent,
1384 2611 1454 2684 post
1482 2608 1610 2684 quintum

346 2714 465 2756 versum
487 2714 614 2772 pausam
637 2695 803 2774 longiorem
827 2696 1013 2756 interiectam
1037 2716 1098 2756 esse
1122 2696 1272 2775 existim03
1296 2697 1372 2756 coni.
1391 2697 1470 2758 Prol.
1491 2716 1558 2756 nvn.

401 2923 507 3008 Αίτέῳ
534 2939 586 3006 σε,
608 2924 784 3007 φιλάγλαε,
808 2925 965 2988 καλλίστα
988 2927 1129 3010 βροτεᾶν
1151 2927 1291 3007 πολίων,
1428 2929 1508 3012 Στρ.
1527 2925 1566 2990 α’.

406 3031 620 3115 Φερσεφόνας
643 3029 733 3114 ἕδος,
756 3031 777 3095 ά
799 3028 827 3094 τ’
855 3031 976 3113 όχθαις
998 3033 1051 3095 ἔστι
1073 3033 1260 3115 μηλοβότου

400 3139 505 3213 ναίεις
525 3134 744 3222 Ἀκράγαντος
768 3137 932 3222 ἐόδματον
954 3139 1121 3223 κολώναν,
1144 3134 1169 3204 ὦ
1193 3139 1293 3202 ίάνα·
1596 3156 1608 3202 5

400 3243 493 3319 ίλαος
516 3242 696 3309 ἀθανάτων
720 3244 853 3331 ἀνδρῶν
876 3268 910 3309 τε
934 3247 998 3310 σὺν
1020 3245 1171 3333 εὐμενείᾳ

367 3366 383 3413 5
403 3349 493 3428 δέξαι
516 3350 715 3435 στεφάνωμα
738 3349 808 3417 τόδ’
835 3351 870 3417 ἐκ
894 3357 1063 3429 Πυθῶνος
1086 3351 1209 3440 εὐδόξῳ
1233 3353 1343 3439 Μίδᾳ,

402 3457 505 3523 αὐτόν
528 3456 565 3522 ιε’
584 3482 640 3523 νιν
659 3456 799 3524 Ἐλλάδα
821 3459 1003 3524 νικάσαντα
1026 3458 1136 3547 τέχνᾳ,
1160 3460 1221 3524 τάν
1244 3481 1322 3524 ποτε

418 3705 500 3741 viam
518 3706 622 3742 nncrro.
658 3687 742 3742 Inscr.
763 3705 816 3743 om.
831 3689 896 3743 BD
916 3720 947 3728 —
968 3688 1072 3745 Schol:
1091 3688 1246 3759 γέγραπται
1264 3688 1281 3756 ὴ
1300 3687 1358 3761 ᾠδὴ
1378 3691 1460 3764 Μίδᾳ
1477 3687 1609 3758 Ἀκραγαν-
1672 3743 1673 3750 ,

347 3757 425 3832 τίνῳ·
446 3755 526 3822 οὗτος
546 3757 655 3828 ἐνίκησε
673 3759 725 3829 τὴν
743 3759 871 3830 εἰκοστὴν
888 3758 1023 3830 τετάρτην
1037 3759 1175 3814 Πυθιάδα
1194 3762 1242 3814 καλ
1260 3761 1312 3829 τὴν
1330 3760 1386 3815 κε’·
1407 3761 1478 3830 φασὶ
1492 3758 1523 3814 δὲ
1537 3759 1609 3814 αότδν
1672 3759 1673 3824 l

348 3832 397 3885 καλ
414 3829 610 3899 Παναθήναια
629 3829 815 3900 νενικηκέναι.
835 3864 869 3871 -
889 3835 912 3886 3.
928 3827 949 3887 ὦ
968 3849 1021 3886 om.
1035 3832 1066 3886 D
1080 3865 1113 3872 —
1128 3837 1152 3886 ό.
1173 3829 1277 3905 εὐδόξῳ
1291 3829 1359 3907 μίδᾳ
1372 3833 1413 3888 B:
1433 3830 1537 3898 εὐδόξῳ
1553 3827 1608 3901 μίδα

347 3903 390 3972 D,
414 3899 531 3968 εόδόξον
549 3899 618 3973 μίδα
636 3903 666 3956 Ε
683 3935 716 3942 -

420 4063 608 4101 comarum.
645 4064 671 4100 τ,
692 4051 715 4099 1.
739 4043 880 4100 Kottiara
902 4048 1020 4118 βροτεᾶν
1043 4043 1158 4101 πολίων·
1183 4045 1313 4100 similiter
1332 4045 1453 4116 Cyrum
1477 4042 1607 4099 καλλίσταν

348 4114 430 4171 πόλιν
457 4116 605 4186 praedicat
631 4117 661 4172 P.
680 4136 709 4169 11
727 4134 753 4172 ca
780 4150 816 4157 —
844 4125 868 4173 θ,
894 4115 1072 4187 Φερσεφόνας
1095 4117 1172 4182 ἕδος
1202 4119 1236 4172 de
1259 4117 1337 4172 cultu
1364 4116 1546 4188 Proserpinae
1569 4133 1607 4186 per

348 4190 439 4243 totam
468 4186 594 4242 Siciliam
622 4188 747 4258 disperso
775 4206 801 4244 v.
825 4189 859 4242 N.
879 4209 889 4241 1
909 4206 934 4243 ιι
966 4221 999 4229 -
1032 4187 1198 4272 μηλοβότου·
1227 4189 1262 4245 cf.
1287 4189 1317 4244 0.
1337 4206 1392 4244 11³
1419 4191 1449 4242 et
1476 4187 1572 4242 Archil.
1587 4204 1606 4240 n

347 4257 433 4328 Ἀσίης
451 4256 628 4330 μηλοτρόφου
646 4293 679 4300 -
700 4265 724 4314 3.
741 4257 934 4330 Ἀκράγαντος
954 4259 1040 4329 fluvii,
1060 4277 1138 4315 cuius
1157 4261 1187 4314 in
1207 4260 1266 4315 alta
1284 4261 1348 4331 ripa
1365 4259 1431 4315 urbs
1451 4257 1606 4332 cognominis

350 4331 501 4386 aedificata
528 4333 602 4395 crati
615 4363 647 4372 —
676 4330 743 4385 άνα·
772 4348 822 4402 pro
854 4331 977 4400 ἄνασσα,
1005 4335 1037 4386 ut
1064 4331 1234 4401 Aeschylum
1264 4331 1336 4398 ἄναξ
1363 4335 1494 4401 θηλυκῶς
1521 4329 1606 4384 dixisse

349 4401 451 4456 Suidas
473 4405 607 4471 testatur,
631 4405 660 4457 et
681 4402 712 4455 in
733 4403 837 4472 hymno
861 4402 919 4458 Cer.
940 4419 965 4458 σε
991 4403 1082 4458 critici
1105 4399 1164 4458 ὦνα
1188 4403 1317 4473 Δήμητερ
1342 4403 1376 4457 de
1400 4401 1556 4457 coniectura
1574 4417 1606 4454 re-

349 4476 457 4543 ponunt
476 4507 508 4513 -
527 4480 552 4528 4.
573 4475 696 4540 ἀνδρῶν·
720 4472 877 4544 hominum,
902 4475 1003 4544 quibus
1022 4477 1200 4545 opponunt-ur
1219 4473 1375 4543 ἀθάνατοι,
1398 4473 1565 4529 immortales
1580 4504 1606 4512 -

350 4551 374 4600 t.
394 4542 473 4610 δέξαι
496 4563 518 4600 c.
539 4545 596 4600 dat.
616 4545 755 4614 iunctum,
778 4549 810 4599 ut
834 4546 865 4602 0.
885 4563 982 4601 xmus.
1005 4545 1035 4602 P.
1055 4563 1131 4601 rrae.
1154 4561 1238 4600 τωο,
1262 4547 1281 4601 Ι.
1302 4563 1364 4600 τοι.
1390 4545 1471 4600 Hom.
1490 4545 1521 4600 ll.
1540 4559 1604 4610 nus,

349 4615 394 4670 tit.
414 4616 523 4686 Olymp.
543 4617 624 4670 Arch.
646 4617 713 4671 Zeit.
732 4637 761 4669 nr
780 4635 805 4672 e:
832 4617 896 4684 δέξο
922 4617 994 4684 ἄναξ
1020 4615 1147 4686 Κρονίδα
1174 4621 1228 4671 Ζεῦ
1252 4617 1380 4686 Ὀλόμιιιε
1403 4617 1491 4671 καλὸν
1513 4616 1604 4686 ἄγαλμα

350 4687 417 4760 λλήῳ
435 4692 517 4759 θυμῷ
535 4692 573 4760 τῷ
591 4687 805 4762 Λακεδαιμονίῳ
826 4723 857 4730 -
878 4697 901 4744 6.
924 4688 1056 4744 Ἑλλάδα·
1081 4689 1214 4758 quoniam
1234 4689 1271 4742 ad
1289 4689 1406 4760 Pythius
1424 4688 1506 4744 ludos
1529 4687 1605 4743 aditus

351 4758 480 4816 omnibus
499 4759 612 4814 Graecis
631 4760 765 4832 patebat3
783 4761 817 4817 cf.
837 4760 910 4816 Prol.
929 4779 1018 4816 cxxxv
1037 4794 1069 4802 =-
