3417 5434
624 1230 790 1283 ΙΣΘΜΙΟΝ.
811 1230 854 1283 E'.

340 1392 730 1479 ΦΤΛΑΚΙΔΑι
770 1396 1138 1483 ΑΙΓΙΝΗΤΗ,

622 1590 853 1642 ΠΑΓΚΒΑΤΙΩι.

651 1873 826 1944 strophae.

183 3754 228 3817 Dc
251 3756 416 3834 Phylacida
439 3757 602 3834 Lamponis
624 3759 698 3837 filio,
723 3760 836 3820 minore
860 3759 993 3835 Pythcae
1016 3761 1119 3839 fratre,
1141 3761 1208 3821 vide
1233 3781 1311 3837 quae
1335 3761 1373 3819 ad

93 3844 130 3906 N.
150 3864 170 3905 v
190 3866 303 3925 argum.
324 3849 518 3907 commentati
546 3852 624 3908 sunt.
670 3849 735 3908 Hoc
763 3853 900 3909 nostrum
923 3868 1043 3909 carmen
1065 3854 1135 3927 post
1157 3870 1276 3909 carmen
1298 3850 1322 3907 Ι.
1341 3869 1372 3910 vl

94 3936 241 4011 scriptum
271 3956 333 3996 csso
364 3942 395 3997 ot
424 3942 493 4014 post
521 3937 598 3997 illud
626 3939 832 3998 collocandum
861 3939 966 4016 fuisse,
991 3941 1076 3997 recte
1103 3939 1164 3998 iam
1187 3939 1371 4016 Hephaestio

99 4026 314 4101 grammaticus
336 4027 368 4085 iu
391 4027 509 4087 scholiis
533 4028 697 4089 adnotavit.
738 4028 784 4086 Ex
806 4027 942 4087 versibus
965 4028 1044 4087 cuim
1069 4039 1172 4088 17-19
1195 4027 1286 4088 huius
1308 4048 1371 4089 car-

99 4115 189 4173 minis
217 4118 354 4193 apparet,
384 4118 450 4174 tum
477 4116 672 4193 Phylacidam
699 4117 760 4176 iam
783 4119 859 4176 duas
882 4117 1023 4178 victorias
1046 4117 1203 4178 isthmicas
1227 4121 1373 4179 sturiam

99 4202 280 4264 Nemeaeum
298 4208 491 4266 consecutum
514 4226 585 4284 esse,
609 4206 738 4265 carmine
756 4206 779 4265 I.
799 4225 831 4266 vr
850 4209 951 4266 autem
969 4207 1067 4283 prima
1085 4207 1212 4267 victoria
1229 4206 1373 4268 isthmica

99 4292 280 4369 Phylacidae
298 4294 469 4354 illustratur
487 4314 583 4372 nequa
601 4296 767 4355 Nemeaeus
785 4296 849 4355 eius
868 4295 1011 4357 victoriae
1029 4296 1196 4373 quidquam
1212 4297 1373 4357 mentionis

99 4382 142 4444 fit.
187 4384 346 4444 Minimum
372 4384 468 4464 igitur
494 4385 570 4445 duos
598 4403 691 4444 annos
718 4384 797 4443 iuter
822 4386 898 4444 illud
926 4389 1018 4461 atque
1047 4387 1103 4445 hcc
1132 4405 1250 4445 carmen
1280 4386 1371 4446 iuter·

99 4472 218 4533 fluxisse
238 4493 354 4535 necesse
374 4478 427 4534 est.
460 4474 524 4545 Quo
544 4478 645 4534 autem
664 4492 761 4535 errore
780 4477 895 4535 veteres
914 4474 1041 4534 aditores
1059 4475 1183 4534 Pindari
1201 4476 1240 4535 ad
1257 4476 1372 4536 iustum

101 4563 233 4621 ordinem
260 4566 425 4623 carminum
453 4565 660 4625 invertendum
687 4564 833 4641 compulsi
860 4565 933 4642 sint,
956 4564 988 4622 in
1010 4565 1197 4641 praefatione
1220 4566 1372 4643 sequeutia

100 4653 240 4712 carminis
270 4655 444 4730 aperiemus.
490 4655 657 4715 Victoriam
686 4674 756 4713 vcro
789 4654 915 4712 alteram
946 4653 1121 4713 Isthmicum
1153 4674 1248 4731 acque
1280 4657 1372 4732 atque

99 4742 228 4816 priorem
250 4743 445 4820 Phylacidam
468 4746 623 4820 pancratio
647 4745 840 4804 consecutum
863 4761 926 4802 esse
945 4745 976 4801 et
994 4746 1115 4819 poetam
1133 4743 1233 4820 ipsum
1252 4745 1289 4802 ad
1308 4764 1372 4804 car·

100 4851 166 4891 mon
195 4833 251 4893 hoc
281 4834 430 4912 agendum
460 4834 569 4896 Thebis
598 4834 746 4913 Aeginam
775 4832 891 4895 venisse
920 4850 1024 4893 uersus
1053 4844 1086 4892 19
1114 4837 1145 4893 ct
1174 4846 1206 4893 ‘21
1231 4836 1371 4913 arguunt.
