3417 5434
308 287 420 344 LXXIV
810 295 1088 348 protasome.

309 475 373 537 qua
391 453 454 520 duo
472 454 765 543 committerentur,
781 458 929 542 proxime
943 459 1155 525 antecessisse
1174 460 1342 544 probabile
1356 459 1436 548 lit.¹)
1469 462 1608 528 Deinde

311 583 350 626 ex
377 560 450 627 loco
475 561 702 648 Xenophontis
725 564 810 630 Hell.
829 583 879 630 vn
898 567 933 651 4,
951 567 1008 632 29:
1035 565 1090 632 καὶ
1112 569 1174 652 τὴν
1197 564 1259 653 μὲν
1281 570 1507 656 ἱπποδρομίαν
1529 571 1607 653 ἤδη

309 665 546 753 ἐπεποιήκεσαν
573 668 631 757 (so.
655 674 691 737 οί
713 670 868 757 Ἀρκάδες
890 673 927 739 ἐν
949 685 989 760 τῇ
1011 675 1195 760 πανηγύρει
1217 687 1285 740 τῶν
1308 673 1511 764 Ὀλυμπίων)
1537 676 1606 742 καὶ
1694 746 1695 765 ,

307 776 348 840 τά
375 776 516 862 δρομικὰ
544 786 604 842 τοῦ
631 779 838 862 πεντάθλου,
866 782 902 846 oi
927 778 959 844 δ’
982 783 1031 857 εἰς
1056 782 1165 865 πάλην
1193 781 1389 867 ἀφικόμενοι
1417 783 1528 849 οὐκέτι
1559 784 1606 849 ἐν

307 892 354 972 τῷ
378 885 500 972 δρόμῳ,
523 883 607 950 ἀλλὰ
624 885 744 970 μεταξὺ
763 896 823 951 τοῦ
842 888 969 972 δρόμον
990 887 1045 952 καὶ
1064 898 1125 953 τοῦ
1147 892 1262 974 βωμοῦ
1281 887 1440 956 ἐπάλαιον
1458 898 1605 976 apparet
1694 882 1695 891 ἵ

309 990 508 1075 quinquertii
532 993 611 1056 duas
633 998 743 1078 partes
766 993 838 1079 ipso
864 994 937 1060 loco
961 1000 1031 1060 tum
1054 996 1155 1061 fuisse
1179 997 1350 1083 discretas,
1377 999 1417 1063 τὰ
1439 999 1604 1084 δρομικά,

307 1120 389 1184 quae
412 1097 447 1162 in
471 1099 576 1164 stadio
599 1098 755 1186 fierent‚²)
784 1104 816 1166 et
841 1101 965 1166 luctam
987 1100 1140 1189 (πάλην),
1168 1125 1251 1188 quae
1273 1104 1376 1170 finitis
1403 1104 1470 1171 illis
1494 1107 1604 1171 curri·
1694 1122 1695 1125 ’

306 1205 371 1271 culi
399 1207 631 1272 certaminibus
660 1208 695 1273 in
724 1209 889 1293 palaestra
920 1210 1007 1275 inter
1037 1209 1178 1276 stadium
1205 1216 1239 1276 et
1267 1234 1357 1277 aram
1385 1211 1475 1278 loris
1505 1235 1603 1278 exer-

306 1310 472 1401 ceretur.³)
513 1312 661 1399 Denique
684 1315 784 1380 etiam
807 1314 939 1382 Pindari
962 1317 1151 1382 testimonio
1175 1317 1216 1382 N.
1235 1336 1286 1383 vn
1306 1321 1348 1385 72
1370 1320 1497 1384 luctam
1518 1319 1603 1384 ulti·

306 1442 395 1486 mum
425 1421 534 1488 locum
562 1422 742 1487 obtinuisse
771 1427 909 1488 constat.
959 1423 1174 1510 Quinquertio
1205 1430 1314 1490 autern
1344 1431 1476 1512 recepto
1506 1428 1602 1492 saltu

307 1523 457 1614 (άλματι)
477 1531 510 1592 et
527 1527 634 1594 iaculo
654 1526 826 1618 (ἀκοντίῳ)
845 1535 879 1595 et
897 1530 997 1616 disco,
1020 1531 1138 1616 quibus
1157 1531 1236 1598 olim
1260 1555 1406 1599 seorsum
1430 1538 1600 1599 certatum

307 1656 377 1700 esse
405 1634 568 1701 Homerus
597 1636 634 1702 ll.
653 1653 741 1701 xxm
761 1638 834 1703 886.
870 1635 926 1701 Οδ.
942 1655 1006 1701 vm
1027 1639 1103 1717 100,
1137 1639 1295 1705 Pindarus
1318 1640 1438 1705 [124
1465 1639 1599 1720 docent,
1694 1700 1695 1721 2

306 1746 430 1808 certare
460 1743 526 1808 iam
556 1744 734 1830 desierunt3
767 1748 883 1810 eontra
911 1744 1010 1809 etiam
1042 1746 1212 1829 pancratio
1242 1752 1277 1812 et
1305 1746 1516 1832 quinquertio
1545 1771 1599 1813 re
1694 1778 1695 1783 ¹

306 1851 409 1936 ceptis
442 1851 621 1938 singularia
654 1852 834 1917 certamina
866 1875 979 1918 cursus
1012 1853 1180 1939 pugilatus
1210 1854 1318 1919 luctae
1347 1855 1598 1940 permanebant

305 1954 428 2023 Oursus
451 1963 560 2024 autem
583 1964 650 2024 tres
675 1964 768 2024 erant
791 1959 915 2045 species
938 1957 1107 2046 Olympiae
1130 1965 1164 2026 et
1186 1961 1337 2047 Delphis:
1364 1964 1489 2050 σταδίῳ
1513 1963 1597 2047 δρό-
1694 1966 1695 1973 ’

306 2088 380 2148 μος,
411 2067 550 2143 δίαυλος
577 2067 715 2153 δρόμος,
746 2068 878 2152 δόλιχος
905 2066 1076 2156 δρόμος,4)
1106 2069 1224 2154 quibus
1252 2068 1392 2133 Athenis
1419 2073 1453 2132 et
1480 2091 1597 2134 recen-
1694 2110 1695 2113 =

304 2171 445 2238 tioribus
473 2173 675 2259 temporibus
703 2174 802 2240 etiam
828 2174 961 2240 Nemcis
989 2180 1023 2240 et
1050 2174 1198 2240 Isthmiis
1222 2173 1331 2262 (Paua.
1345 2193 1382 2239 vl
1403 2177 1454 2262 16,
1472 2174 1510 2264 4)
1539 2175 1596 2241 ἴπ-

304 2301 395 2362 πιος,
424 2280 483 2365 qui
516 2280 625 2346 diaulo
656 2281 754 2366 duplo
782 2282 912 2368 longior
942 2287 1024 2368 erat,
1056 2283 1184 2349 additus
1215 2288 1273 2347 est.
1326 2281 1475 2366 Denique
1504 2281 1597 2346 inter

306 2407 419 2451 cursus
449 2387 626 2452 certamina
654 2389 753 2454 etiam
779 2390 1056 2475 λαμπαδοδρόμος
1082 2388 1384 2456 Panathenaeorum
1413 2387 1596 2455 Athenien·

305 2493 390 2559 sium
413 2497 446 2558 et
469 2493 689 2560 Hellotiorum
713 2493 959 2561 Corinthiorum
983 2496 1169 2563 referendus
1193 2502 1252 2563 est.

394 2599 568 2667 Aetatibus
588 2624 716 2688 quoque
739 2603 918 2668 certamina
936 2603 1252 2669 discriminabantur.
1288 2604 1438 2671 Heroicis
1458 2604 1594 2690 quidem

304 2708 506 2795 temporibus
528 2708 611 2774 nihil
635 2709 752 2775 aetatis
776 2710 950 2777 discrimen
972 2711 1115 2798 valebat,
1138 2710 1399 2798 quandoquidem
1422 2710 1487 2776 nisi
1510 2735 1592 2777 rins

305 2821 338 2882 et
361 2815 498 2882 ducibus
525 2817 603 2882 belli
631 2817 712 2882 inire
742 2821 908 2883 certamen
932 2839 999 2881 non
1021 2816 1122 2883 licuit.
1167 2817 1348 2904 Postquam
1372 2821 1480 2882 autem
1504 2818 1594 2884 ludis

306 2922 465 3010 gymnicis
492 2923 527 2988 id
554 2924 704 3010 inprimis
732 2946 828 3011 agere
857 2929 1045 3009 coeperunt,
1073 2931 1112 2989 ut
1139 2925 1259 2990 civium
1286 2947 1424 3010 corpora
1447 2925 1488 2989 ad
1511 2925 1594 2990 belli

304 3030 493 3096 discrimina
508 3033 676 3097 subeunda
691 3037 925 3117 exercerentur,
942 3053 1009 3096 non
1027 3032 1133 3097 solum
1147 3032 1245 3116 viros,
1263 3032 1320 3097 sed
1338 3032 1437 3097 etiam
1455 3033 1592 3098 iuvenes

399 3193 425 3248 lt
446 3190 611 3245 Necessario
630 3191 683 3245 hoc
702 3189 781 3258 sequi
799 3193 887 3260 negat
904 3189 1066 3254 Holwerda,
1085 3189 1135 3257 qui
1154 3189 1225 3244 disci
1243 3192 1385 3244 certamen
1404 3191 1526 3246 seeundo
1545 3191 1594 3247 vel

304 3261 394 3332 primo
415 3261 477 3317 loco
496 3261 598 3332 posuit,
619 3279 729 3316 cursum
748 3265 857 3332 quarto.
886 3261 1016 3331 Speciose
1035 3261 1072 3315 Μ,
1088 3261 1186 3330 Faber,
1205 3261 1277 3316 Phil.
1294 3265 1360 3315 1891
1381 3268 1471 3332 11478
1494 3279 1528 3317 ex
1548 3279 1592 3332 eo,

305 3333 380 3415 quod
395 3333 545 3458 duovlpposp'y
561 3335 644 3402 ἀνδρὶ
658 3331 755 3405 λόγχαι
768 3341 842 3402 τρεῖς
858 3335 940 3388 erant
955 3331 1032 3402 (clo.
1048 3337 1138 3402 2360),
1158 3333 1249 3387 discos
1263 3349 1375 3402 quoque
1388 3336 1445 3388 tres
1463 3333 1593 3404 singulos

305 3421 405 3459 recisse
424 3422 456 3460 oo
536 3450 541 3459 .

392 3479 420 3545 9)
444 3423 542 3532 Sicglsi
567 3480 598 3531 tu
622 3477 692 3532 duce
715 3477 836 3532 Pindaro
864 3491 966 3530 noman
993 3474 1029 3529 ιδι
1054 3474 1174 3546 δρομιιιά
1202 3475 1447 3546 interpretaberis,
1476 3492 1532 3530 non
1561 3480 1593 3530 te

305 3547 428 3602 offendet
450 3549 526 3616 quod
549 3548 602 3603 hoc
624 3549 737 3603 nomine
761 3551 884 3617 quatuor
906 3549 1001 3618 partes
1024 3546 1210 3617 quinquertii,
1233 3545 1308 3617 ἅλμα
1333 3545 1436 3617 δρόμος
1454 3545 1593 3602 ἀκόντων

304 3617 407 3687 δίσκος,
427 3619 624 3690 comprehendi
643 3620 795 3691 potuerint.
824 3619 953 3674 Ceterum
972 3619 1097 3674 conferre
1116 3619 1197 3674 iuvat
1215 3635 1287 3688 quae
1303 3618 1338 3672 de
1356 3619 1505 3689 pentathlo
1563 3623 1593 3673 st

303 3689 462 3758 Pindarum,
477 3691 660 3762 Gardnerum,
677 3691 865 3759 Holwerdam,
879 3691 1166 3814 Haggenmuellerum
1180 3689 1252 3745 alios
1266 3689 1425 3760 nuperrime
1440 3691 1477 3744 hl.
1487 3635 1593 3760 rubba

305 3762 404 3817 Philol.
426 3767 508 3832 1891,
533 3769 584 3817 469
595 3781 643 3832 sa,
668 3764 711 3818 Pr.
726 3763 796 3832 Mic,
819 3763 916 3817 Jahrb.
944 3761 1000 3817 .ol.
1015 3761 1087 3816 Phil.
1107 3767 1176 3816 1898
1200 3781 1227 3832 p.
1245 3767 1356 3830 ltere,
1380 3761 1441 3818 Em.
1455 3761 1592 3832 Hearich‚

303 3833 385 3903 Bayr.
402 3833 611 3903 Gymn-Bltttt.
628 3841 697 3890 1894
716 3855 742 3906 p.
759 3841 810 3889 366
822 3852 858 3889 ss.
877 3833 1065 3902 disputarunt.

392 3908 420 3976 3)
439 3905 586 3960 Palaestra
605 3906 752 3978 Olympico
771 3922 843 3976 quac
862 3907 959 3960 nostra
977 3905 1112 3959 memoria
1131 3904 1234 3959 effossa
1252 3907 1307 3974 est,
1331 3903 1417 3975 longo
1436 3903 1592 3958 intervallo

303 3995 321 4032 a
335 3977 413 4032 Xeno
434 3977 538 4032 hontea
555 3978 652 4046 distat,
671 3979 747 4047 quod
765 3995 800 4033 ne
818 3977 937 4046 mireris,
956 3975 1100 4046 palaestra
1118 3975 1170 4030 illa
1185 3975 1332 4046 aliquanto
1351 3978 1418 4046 post
1435 3974 1593 4030 aedificata

304 4052 359 4116 est3
378 4068 403 4105 v.
444 4048 571 4118 bttieher‚
591 4049 723 4120 Olympia
740 4070 766 4121 p.
783 4055 843 4105 860.
881 4051 973 4130 Atque
988 4047 1080 4117 Graes,
1099 4047 1151 4102 Die
1165 4047 1390 4117 Ausgrabungen
1405 4065 1439 4101 zu
1454 4046 1592 4117 Olympia

303 4140 321 4174 v
335 4127 383 4190 40,
407 4120 520 4176 saeculo
539 4124 639 4190 quarto
659 4125 777 4176 exeunte
796 4121 841 4176 vel
864 4123 949 4175 tertre
971 4119 1087 4174 ineunte
1110 4137 1174 4173 eam
1198 4118 1378 4174 aedificatam
1396 4135 1457 4173 esse
1476 4117 1592 4188 statuit,

304 4192 405 4246 Flasch
422 4209 466 4263 ap.
481 4191 634 4247 Baumeist.
650 4193 766 4248 Denkm.
787 4212 813 4264 p.
826 4198 903 4261 1104,
922 4191 1044 4246 oaltera
1062 4194 1143 4261 parte
1158 4189 1278 4244 dimidia
1295 4189 1403 4244 saeculi
1420 4189 1507 4244 tertii.
1536 4188 1592 4244 Oe-

304 4267 395 4318 terum
418 4281 475 4319 non
493 4265 570 4319 omni
589 4266 714 4336 tempore
732 4264 810 4319 lucta
829 4263 887 4319 alio
910 4263 972 4318 loco
991 4265 1130 4316 certatum
1148 4278 1222 4331 esse,
1246 4262 1295 4316 sed
1315 4261 1497 4330 sommium,
1521 4276 1592 4316 cum

303 4334 433 4389 hostibus
458 4336 655 4419 ingruentibus
679 4339 818 4391 certantes
846 4336 877 4389 in
903 4337 997 4388 tutum
1020 4334 1116 4389 orbem
1138 4333 1214 4388 Altis
1242 4351 1271 4388 se
1296 4332 1482 4404 recepissent,
1509 4335 1591 4387 recte

304 4409 401 4461 monet
418 4407 532 4477 hiartm,
551 4407 652 4462 Philol.
669 4413 737 4463 1891
755 4427 783 4492 p.
799 4413 861 4462 496.

393 4481 420 4547 4)
444 4478 540 4532 Trium
563 4480 663 4534 harum
687 4496 842 4551 specrerum
867 4479 939 4532 duae
962 4475 1068 4559 priores
1091 4476 1134 4531 ita
1157 4475 1338 4546 differebant,
1365 4474 1469 4546 utqui
1493 4475 1591 4530 stadio

304 4551 446 4604 certarent
460 4550 546 4604 semel
560 4569 616 4606 uno
635 4555 732 4606 tenore
751 4551 921 4620 (εόθόιονον
938 4548 1019 4604 Pmd.
1034 4549 1066 4604 0.
1081 4569 1098 4602 x
1114 4553 1158 4619 64)
1177 4547 1345 4603 curriculum
1363 4547 1592 4619 permetirentur,

303 4620 353 4689 qui
376 4619 486 4689 diaulo,
511 4622 556 4677 bis
579 4623 748 4677 curriculum
769 4620 909 4694 permensi
933 4620 969 4675 ad
993 4620 1157 4690 stationem,
1186 4621 1261 4674 uude
1287 4619 1426 4688 exierant,
1454 4619 1591 4676 redirent.

303 4691 422 4746 Doliche
441 4709 507 4748 vero
526 4693 575 4763 qui
593 4697 746 4762 certarent,
769 4695 805 4748 iis
824 4692 974 4748 duodecies
994 4692 1097 4762 duplex
1116 4692 1240 4746 stadium
1258 4691 1481 4762 permetiendum
1500 4690 1592 4746 fuisse

304 4763 474 4820 verisimile
493 4768 547 4835 est;
569 4783 594 4820 v.
615 4769 686 4836 Aug.
701 4766 865 4835 Mommsen,
884 4763 1008 4819 Heortol.
1027 4782 1054 4833 p.
1066 4770 1116 4818 145
1136 4766 1216 4819 Anm.
1228 4769 1253 4817 9.
