3417 5434
359 274 423 337 126
834 271 984 323 prunam
1002 272 1169 324 ammom

451 442 577 501 Carmen
605 438 761 517 egregium
787 458 856 497 cum
888 440 919 497 in
951 438 1078 515 privatis
1108 438 1196 497 rebus
1226 440 1257 498 et
1286 438 1492 498 simultatibus
1519 440 1613 500 achare

361 532 443 591 vitae
465 531 614 605 versetur,
641 528 740 587 multa
767 527 859 586 habet
881 528 1016 588 obscura.
1062 526 1203 605 Inprimis
1226 528 1338 589 Ixionis
1361 528 1467 588 fabula
1489 531 1615 605 quomodo
1679 526 1680 611 l

359 641 427 681 cum
451 622 627 699 argumento
651 616 791 677 carminis
814 620 845 676 et
867 620 973 693 poetae
997 618 1121 677 consilio
1141 618 1307 695 cohaereat,
1326 618 1388 677 iam
1406 620 1519 677 veteres
1536 639 1616 697 gram-
1679 624 1680 673 ἐ

360 710 487 770 maticos
506 707 689 786 quaesivisse
708 707 822 766 scholia
840 707 879 765 ad
898 727 923 767 v.
939 718 973 765 39
993 707 1108 779 docent
1142 706 1185 765 Ut
1203 708 1282 767 enim
1300 708 1387 767 Locri
1411 708 1492 784 quod
1514 707 1619 768 Hieroni

359 800 491 859 debitam
514 797 646 876 gratiam
667 796 810 873 referunt,
832 800 912 855 recte
936 796 1047 855 Ixionis
1070 800 1231 873 praecepto
1255 796 1393 857 oboedire
1417 797 1562 873 dicuntur,
1586 798 1621 855 ita

360 909 467 966 parum
489 887 595 964 liquet,
619 905 672 945 cur
694 884 783 944 istius
804 886 924 963 scelera,
943 905 1072 961 quorum
1090 886 1178 946 Locri
1197 890 1276 945 certe
1295 886 1443 945 immunes
1462 890 1621 965 arentiam

358 980 424 1038 fuse
447 980 538 1054 poeta
560 974 707 1036 tractarit.
739 974 841 1050 Atque
865 975 946 1052 quod
965 978 1079 1035 veteres
1102 975 1293 1055 grammatici
1311 975 1503 1051 Bacchylidis
1524 976 1620 1035 calum·

360 1069 426 1127 nias
449 1070 480 1126 et
503 1066 693 1125 dicacitatem
716 1064 800 1140 carpi
822 1064 937 1140 opinati
962 1066 1041 1142 sunt,
1064 1064 1095 1122 id
1118 1083 1215 1140 neque
1234 1066 1334 1141 ipsum
1353 1065 1431 1124 satis
1450 1066 1621 1141 exploratum

360 1161 406 1217 est
424 1176 521 1233 neque
540 1155 578 1213 ad
596 1153 810 1232 digressionem
828 1154 918 1212 istam
936 1153 1143 1229 explicandam
1162 1154 1293 1213 multum
1312 1154 1403 1213 valet.
1432 1153 1518 1224 Quod
1534 1158 1621 1213 autem

361 1246 528 1307 Boeclxhius
546 1244 707 1303 Hieronem
725 1242 834 1318 ipsum,
848 1243 930 1319 quod
947 1243 1071 1302 fratrem
1090 1242 1265 1318 Polyzelum
1282 1244 1396 1303 invidia
1410 1248 1622 1321 persequeretur
1680 1254 1681 1269 ¹

361 1339 392 1394 et
405 1336 605 1411 Demaratum,
623 1351 747 1392 uxorem
766 1332 877 1391 mortui
893 1330 1022 1409 Gelonis,
1041 1332 1271 1411 concupisceret,
1290 1333 1421 1412 imagine
1436 1332 1544 1393 Ixionis
1556 1336 1621 1392 tecte

361 1425 447 1503 tangi
473 1423 607 1501 putavit,
635 1421 665 1479 id
692 1438 814 1497 prorsus
841 1440 861 1479 a
887 1424 998 1480 natura
1025 1422 1152 1482 encomii
1180 1426 1211 1481 et
1237 1422 1355 1499 reliqua
1384 1424 1470 1500 parte
1498 1423 1621 1481 carminis

361 1514 527 1589 abhorrere,
551 1513 740 1571 Hermannus
763 1528 864 1586 opusc.
883 1529 926 1569 vn
946 1522 996 1570 117
1020 1514 1051 1569 et
1074 1510 1269 1590 Luebbertus,
1294 1510 1339 1571 De
1363 1511 1486 1570 Pindari
1508 1512 1622 1571 carmine

361 1603 487 1679 Pythice
511 1602 650 1679 secundo,
672 1600 771 1659 Kiliae
788 1602 873 1660 1880
888 1604 1096 1676 exposuerunt.
1114 1626 1116 1633 ·
1134 1599 1193 1659 Sed
1215 1620 1251 1660 ne
1275 1599 1336 1659 illis
1355 1601 1485 1678 quidem,
1509 1600 1557 1677 qui
1578 1608 1622 1659 aut

360 1692 544 1753 Anaxileum
562 1695 725 1767 tyrannum
743 1681 964 1770 (Hermannus)
979 1694 1033 1748 aut
1051 1689 1130 1749 cives
1149 1689 1307 1750 seditiosos
1327 1690 1530 1766 Syracusanos
1547 1683 1624 1769 (Iler-

361 1803 415 1861 ger
437 1782 468 1840 in
491 1781 599 1841 Philol.
619 1797 701 1837 xxxv
719 1789 772 1836 430
787 1770 849 1859 ss),
874 1782 928 1837 aut
950 1779 1066 1855 plebem
1085 1779 1258 1839 Thebanam
1279 1778 1478 1856 optimatibus
1500 1778 1625 1839 infestam

362 1872 467 1952 (Leop.
491 1869 627 1931 Schmidt
652 1867 738 1927 Pind.
761 1866 831 1925 Leb.
857 1878 908 1925 194
931 1860 983 1949 ss.)
1013 1868 1125 1928 Ixionis
1155 1868 1286 1948 imagine
1317 1868 1453 1929 vellicari
1482 1872 1625 1946 putarunt,

362 1980 448 2019 suam
471 1960 650 2019 sententiam
673 1957 747 2017 satis
769 1955 896 2033 probare
920 1958 1052 2037 contigit.
1100 1957 1166 2029 Qua
1189 1958 1225 2018 de
1248 1977 1340 2019 causa
1363 1958 1439 2017 nihil
1463 1977 1517 2037 ego
1539 1978 1627 2017 recon-
1681 1990 1682 2037 y

362 2050 420 2108 diti
442 2049 473 2107 in
496 2049 550 2107 illa
573 2048 677 2107 fabula
701 2045 906 2123 quaerendum
929 2064 991 2105 esse
1014 2051 1099 2107 ratus
1121 2048 1299 2127 Pindarum,
1324 2048 1406 2126 quod
1429 2047 1561 2107 fabulam
1583 2048 1626 2106 ho·
1681 2058 1682 2085 ἢ

362 2138 494 2198 minibus
516 2138 664 2197 miracula
687 2135 829 2194 audiendi
852 2134 949 2195 avidIs
968 2138 1087 2214 gratam
1105 2142 1136 2197 et
1154 2139 1192 2197 ab
1211 2138 1278 2197 aliis
1297 2138 1433 2198 nondum
1451 2137 1627 2197 decantatam

364 2228 484 2305 longius
506 2230 681 2303 persecutus
704 2227 759 2302 est,
781 2226 940 2301 poetarum
962 2226 1114 2285 communi
1137 2226 1201 2287 iure
1224 2246 1314 2287 usum
1337 2246 1400 2288 esse
1425 2227 1530 2287 sentio.

909 2378 954 2445 De
976 2380 1098 2447 metria

453 2495 535 2556 Odae
553 2495 644 2554 huius
663 2493 919 2572 splendidissimae
937 2494 1080 2570 pleraque
1099 2494 1166 2554 cola
1185 2498 1256 2555 sunt
1274 2495 1457 2575 logaoedica,
1478 2496 1522 2554 ita
1539 2500 1627 2555 tamen

363 2589 543 2664 temperata,
571 2588 608 2643 ut
634 2584 772 2643 anacrusi
800 2583 902 2643 crebro
930 2583 1094 2659 praemissa
1117 2586 1148 2643 et
1171 2584 1311 2645 admixtis
1334 2584 1460 2662 pedibus
1483 2586 1628 2645 trochaicis

365 2676 623 2753 anapaesticisque
638 2673 816 2733 concitatior
830 2690 935 2732 cursus
949 2692 1142 2733 numerorum
1160 2674 1259 2735 factus
1278 2675 1327 2734 sit
1355 2674 1413 2734 Pro
1428 2674 1512 2734 brevi
1525 2674 1629 2750 syllaba

364 2766 509 2825 iambicae
532 2763 670 2841 dipodiae
692 2781 797 2823 versus
815 2762 916 2839 quinti
934 2762 1022 2838 epodi
1041 2766 1144 2822 contra
1163 2784 1275 2824 morem
1293 2764 1393 2841 semel,
1413 2784 1439 2825 v.
1458 2774 1502 2841 45,
1520 2763 1629 2841 longam
1682 2812 1683 2833 ,

364 2855 512 2931 positione
540 2853 688 2930 syllabam
714 2855 806 2929 poeta
828 2851 958 2912 admiaIt.
1004 2852 1191 2927 Tetrapodiis
1214 2853 1362 2929 tripodice
1386 2853 1506 2912 crebrae
1529 2853 1628 2911 admix-
1682 2846 1683 2851 ’

364 2949 413 3003 tae
438 2947 517 3021 sunt,
541 2962 637 3019 neque
661 2943 758 3001 solum
781 2941 812 2999 in
835 2940 893 3000 fine
915 2960 1028 3019 versus,
1052 2944 1088 3000 ut
1106 2945 1156 3000 str.
1178 2954 1201 3002 1.
1222 2954 1246 3000 2.
1267 2953 1290 3001 6.
1311 2962 1356 3018 ep.
1377 2954 1401 3020 2,
1427 2942 1479 3002 sed
1502 2941 1628 3001 etiamin

363 3034 463 3093 media
490 3036 521 3092 et
547 3032 657 3090 initiali
684 3034 770 3107 parte
797 3048 915 3107 versus,
943 3049 1048 3090 earum
1075 3032 1237 3091 nonnullae
1266 3030 1378 3090 initiali
1407 3030 1524 3107 syllaba
1549 3032 1628 3107 longa

366 3122 486 3201 longius
509 3122 656 3199 producta
677 3113 743 3202 (str.
763 3132 787 3179 5.
807 3131 831 3179 6.
851 3130 876 3178 8.
900 3140 946 3197 ep.
967 3111 996 3199 7)
1015 3119 1064 3179 vel
1087 3120 1215 3181 iambica
1238 3120 1379 3180 anacrusi
1402 3124 1487 3179 extra
1510 3120 1629 3179 ordinem

364 3212 465 3289 posita
483 3202 552 3293 (str.
572 3222 595 3269 7.
619 3230 664 3287 ep.
684 3202 715 3290 6)
734 3209 880 3285 removeri
898 3212 1038 3285 possunt3
1061 3212 1176 3269 ceterae
1199 3214 1304 3269 utrum
1327 3210 1466 3271 ferendae
1490 3229 1526 3269 an
1549 3209 1628 3267 auda·

365 3301 496 3361 eioribus
518 3298 656 3360 remediis
679 3299 830 3359 tollendae
853 3299 923 3377 sint,
947 3302 982 3357 ut
1004 3298 1036 3357 in
1055 3299 1142 3375 epodi
1161 3300 1295 3359 versibus
1314 3300 1411 3377 primo
1432 3303 1462 3359 et
1480 3299 1565 3358 tertio
1582 3298 1627 3355 hae

366 3390 519 3451 scansione

790 3486 1229 3523 ωυ,υμ-υωυ-

791 3564 1220 3613 &mmuh-vav-

366 3658 505 3736 equidem
527 3657 559 3715 in
582 3656 680 3717 medio
702 3656 849 3733 relinquo.

456 3748 581 3807 Carmen
610 3747 758 3823 quomodo
783 3749 939 3806 cantatum
962 3765 1024 3806 esse
1048 3746 1229 3823 iudicemus,
1251 3766 1287 3806 ex
1310 3745 1555 3821 interpretatione
1576 3764 1628 3805 ver-

367 3858 456 3899 suum
479 3850 583 3897 67-71
606 3838 725 3915 pendet.
770 3836 894 3895 Veteres
922 3836 1001 3895 enim
1029 3837 1218 3915 grammatici
1241 3836 1407 3895 Pindarum
1430 3836 1490 3897 duo
1514 3837 1629 3896 carmina

367 3928 482 3987 misisse
512 3931 698 4004 statuerunt,
730 3926 786 3985 hoc
809 3944 927 3985 carmen
951 3926 1125 4003 epinicium,
1156 3926 1237 4003 quod
1259 3928 1295 3983 ut
1317 3926 1431 3985 faceret
1452 3922 1629 3986 mercedest

366 4018 496 4077 Hierone
526 4017 691 4077 conductus
720 4016 840 4092 fuisset,
873 4018 904 4073 et
926 4015 1055 4074 alteram
1087 4016 1289 4092 hyporchema
1312 4006 1536 4096 (Καστόρειον),
1564 4012 1629 4091 quod

367 4108 462 4186 gratis
481 4106 651 4166 addidisset.
685 4104 797 4165 Contra
814 4104 984 4163 Boeckhius
1003 4108 1034 4163 et
1052 4105 1170 4165 Gratius
1190 4097 1241 4187 (de
1261 4105 1443 4165 Graecorum
1463 4109 1589 4164 veterum
1606 4122 1629 4159 re

366 4197 482 4256 musica
503 4216 532 4272 p.
548 4188 649 4276 63—5)
674 4194 849 4254 castoreum
872 4193 949 4252 illud
972 4213 1089 4254 carmen
1113 4186 1154 4276 (v.
1175 4188 1224 4275 69)
1248 4194 1286 4253 ab
1309 4194 1364 4253 hoc
1387 4196 1492 4253 nostro
1516 4192 1629 4253 carmine

369 4287 520 4347 diversum
543 4286 635 4345 fuisse
659 4287 780 4363 negant,
798 4283 878 4343 unde
898 4303 975 4359 quae
995 4285 1030 4343 de
1049 4284 1131 4343 illius
1151 4287 1243 4345 cantu
1261 4286 1351 4359 poeta
1370 4302 1416 4343 vv.
1438 4294 1629 4359 69-71prae·

370 4377 471 4455 cipiet,
495 4376 611 4435 adhoc
634 4377 771 4434 nostrum
794 4393 913 4433 carmen
936 4372 1098 4449 epinicium
1122 4373 1268 4433 trahenda
1295 4372 1363 4431 sint.
1410 4372 1547 4442 Quorum
1567 4372 1630 4431 viro·

368 4484 436 4523 rum
457 4466 483 4524 si
500 4485 572 4526 vera
591 4467 637 4525 est
655 4464 813 4541 sententia,
836 4463 1116 4539 hyporchematieus
1140 4462 1246 4523 modus
1266 4462 1356 4521 huius
1379 4461 1503 4538 epinicii
1525 4462 1587 4537 luit,
1603 4463 1630 4516 nt

368 4554 498 4614 Hierone
521 4554 630 4616 fidibus
653 4555 832 4631 succinente,
855 4555 992 4611 cantores
1016 4556 1151 4612 cantasse
1171 4552 1321 4628 simulque
1340 4551 1449 4611 chorus
1468 4550 1629 4628 tripudiasse

369 4644 498 4720 putandi
520 4645 588 4704 sint.
629 4646 769 4705 Alterum
792 4642 957 4720 quaeritur,
980 4645 1083 4703 utrum
1106 4642 1225 4719 publice
1244 4662 1283 4701 an
1301 4641 1381 4699 intra
1399 4642 1530 4717 parietes
1548 4638 1630 4715 regiae

369 4735 457 4794 aulae
484 4753 603 4795 carmen
630 4738 786 4795 cantatum
812 4734 862 4794 sit.
906 4732 1008 4808 Atque
1037 4736 1098 4791 tam
1127 4732 1263 4809 prIvatae
1286 4750 1333 4791 res
1356 4730 1387 4789 in
1411 4749 1446 4790 eo
1471 4732 1630 4803 tractantur,
