3417 5434
869 1244 1030 1298 NEMEON.
1049 1241 1098 1298 11'.

647 1408 925 1493 ΔΕΙΝΙΔΙ
961 1404 1330 1491 ΑΙΓΙΝΗΤΗι

910 1600 1064 1654 ΣΤΑΔΙΕΙ.

898 1884 1074 1955 strophae.

442 3480 580 3539 Diuidem
603 3480 707 3559 Megae
731 3480 826 3539 filium
849 3480 1029 3559 Aeginetam
1048 3501 1064 3540 e
1083 3484 1172 3559 gente
1197 3480 1415 3540 (lhariadarum
1438 3475 1482 3561 (v.
1501 3474 1548 3560 le)
1565 3480 1616 3538 Ne

351 3587 417 3627 mee
440 3588 529 3629 cursu
551 3570 657 3629 vicisse
681 3572 712 3629 et
734 3572 851 3646 patrem
880 3570 943 3628 eius
972 3570 1074 3629 eodem
1103 3588 1210 3647 genere
1234 3569 1431 3631 certaminum
1454 3574 1543 3630 antea
1563 3570 1616 3627 iem

350 3656 507 3717 victorium
535 3662 702 3735 reportasse
731 3678 766 3717 ex
794 3660 925 3719 carmine
953 3660 1019 3735 ipso
1050 3658 1263 3738 cognoscimus.
1308 3659 1457 3735 Didymus
1490 3678 1557 3719 uero
1587 3678 1616 3716 ex

351 3746 489 3826 catalogo
513 3748 761 3808 Nemeonicurum
785 3748 840 3808 hoc
863 3767 957 3807 unum
979 3748 1085 3826 refert,
1108 3748 1246 3807 neutrius
1268 3767 1376 3808 nomeu
1399 3749 1479 3808 inter
1500 3749 1617 3807 victores

350 3836 447 3895 studio
475 3855 658 3914 comparere,
685 3836 764 3896 unde
793 3856 842 3897 eos
871 3857 930 3897 non
959 3837 1070 3915 stadio,
1097 3837 1148 3897 sed
1176 3836 1289 3913 duplici
1318 3838 1415 3898 stadio
1440 3838 1503 3897 eive
1525 3837 1615 3896 disulo

350 3924 455 3985 vicisse
478 3926 632 4002 probabile
655 3925 697 3985 fit.
743 3927 854 3985 Verum
879 3927 1042 4004 aegerrime
1064 3927 1197 4003 ferimus,
1220 3924 1300 4002 quod
1323 3926 1430 3987 doctus
1452 3927 1615 4005 grammati·

350 4032 401 4073 cus
432 4034 467 4074 ex
496 4016 558 4075 suis
586 4015 745 4094 catalogis,
773 4014 899 4075 fortasse
928 4016 1000 4092 quia
1023 4016 1053 4073 in
1076 4016 1114 4074 iis
1137 4015 1213 4074 nihil
1235 4018 1356 4092 praeter
1378 4016 1476 4076 stadio
1499 4017 1614 4076 victores

350 4108 489 4164 notatum
516 4106 640 4181 invenit,
664 4104 699 4164 de
723 4108 857 4180 tempore
883 4104 1078 4165 victoriarum
1105 4104 1181 4163 nihil
1210 4104 1380 4181 adnotavit3
1412 4107 1502 4183 atquu
1532 4105 1615 4167 omnis

353 4193 561 4269 interpretatio
590 4194 679 4253 huius
703 4194 843 4253 carminis
867 4214 886 4253 a
907 4197 1054 4272 tempore,
1085 4214 1145 4271 quo
1168 4194 1200 4252 id
1223 4195 1369 4270 scriptum
1391 4214 1455 4255 osse
1480 4196 1613 4269 videatur,

350 4282 468 4357 pendet.
505 4282 569 4342 Hoc
590 4284 710 4360 quidem
730 4304 764 4343 ex
783 4286 848 4344 toto
868 4286 969 4343 tenore
989 4284 1128 4343 carminis
1147 4284 1293 4359 suspicari
1311 4284 1391 4362 licet,
1410 4304 1510 4343 rernm
1529 4284 1613 4360 publi·

350 4390 453 4430 carum
484 4375 609 4450 statum,
634 4373 733 4450 qualis
756 4372 808 4432 illo
832 4376 965 4448 tempore
988 4373 1061 4450 fuit,
1084 4373 1213 4432 Pindaro
1237 4392 1417 4451 magnopere
1441 4372 1612 4450 displicuisse

350 4460 475 4536 eiusque
504 4460 637 4521 animum
665 4482 724 4522 non
752 4462 849 4522 solum
880 4462 1042 4521 senectutis
1072 4462 1306 4540 ingravescentis
1335 4463 1483 4523 molestiis
1509 4462 1546 4536 (v.
1563 4454 1613 4539 38),

351 4549 401 4607 sed
421 4550 512 4608 etiam
531 4550 631 4610 dolore
651 4555 682 4610 et
700 4552 745 4610 ira
764 4551 801 4611 ob
824 4551 978 4610 hominum
1002 4552 1195 4627 iniquitatem
1218 4555 1249 4609 et
1270 4551 1458 4628 impietatem
1481 4552 1611 4611 afflictum

352 4638 450 4698 fuisse.
497 4638 578 4698 Haeo
607 4642 708 4699 autem
736 4641 863 4699 tristitia
891 4641 1015 4718 optime,
1042 4644 1079 4699 ut
1105 4641 1260 4700 Dissenius
1284 4642 1414 4717 monuit,
1444 4640 1609 4719 quadratiu

351 4746 463 4785 aunum
488 4730 583 4807 459!ss
608 4748 633 4788 a.
654 4728 719 4788 Chr.
741 4724 801 4810 (01.
822 4732 873 4806 80,
893 4724 936 4810 2),
961 4749 1020 4806 quo
1044 4750 1122 4789 anno
1145 4733 1214 4806 post
1236 4750 1370 4809 pugnam
1395 4730 1609 4808 Cecryphaleam

350 4816 546 4879 Athenienses
570 4818 716 4897 Aeginam
747 4838 920 4897 oppugnare
950 4819 1110 4898 perolent,
1140 4820 1188 4877 vel
1218 4838 1268 4877 eos
1299 4821 1352 4896 qui
1381 4821 1512 4897 proxime
1539 4820 1609 4877 aute·
