3417 5434
337 321 434 376 CXXII
839 319 1118 378 Paonaaonaus.

423 485 571 551 Acrisius
597 485 736 551 Abantis
756 485 776 550 f.
796 482 960 572 (Apollod.
978 503 1005 550 11
1023 486 1075 551 24.
1109 484 1199 550 Ouid.
1219 491 1348 552 metam.
1367 503 1391 550 v
1409 485 1500 573 236),
1521 492 1616 552 retus

333 616 390 659 rex
413 592 578 680 Argorum
602 631 643 640 -
667 592 787 670 Acrisii
810 593 880 658 filia
902 592 1018 658 Danaa
1040 591 1092 680 (ll
1110 593 1265 658 1111319.
1302 592 1421 658 Herod.
1439 611 1477 660 vl
1495 592 1556 680 53)
1578 632 1614 644 -

333 701 465 766 Danaae
498 705 531 766 et
562 700 650 766 Iovis
682 699 769 764 filius
802 699 953 785 Perseus,
989 700 1045 784 qui
1078 703 1181 765 matre
1214 723 1234 764 a
1265 697 1455 786 Polydecte,
1488 699 1616 786 Seriphi

332 807 457 873 insulae
489 830 578 895 rege,
611 807 647 872 in
675 807 867 873 servitutem
893 807 1025 873 redacta
1052 807 1159 892 capite
1185 806 1338 873 Medusae
1366 805 1508 872 insulam
1533 808 1616 873 eiua

333 936 394 1000 que
430 914 554 980 incolas
591 914 625 979 in
666 937 744 979 saxa
780 915 879 979 vertit
915 912 1006 1002 (Hes.
1035 913 1143 1001 theog.
1172 915 1246 982 280.
1287 913 1323 979 P.
1348 931 1399 978 111
1424 916 1475 980 17.
1515 931 1541 979 x
1564 916 1615 980 45.

333 1021 374 1088 N.
392 1040 417 1086 x
437 1021 503 1106 11),
521 1020 689 1108 Tirynthia
712 1043 823 1109 regno,
846 1043 921 1086 cum
940 1020 1100 1108 Argivum
1119 1020 1329 1109 Megapenthi
1348 1020 1460 1087 Proeti
1478 1022 1616 1087 111611·

333 1130 443 1215 disset,
465 1129 591 1214 potitus
615 1132 666 1194 est
684 1126 847 1216 (Apollod.
863 1126 971 1215 1148),
989 1127 1142 1214 Mycenas
1165 1129 1279 1194 urbem
1302 1129 1447 1195 condidit
1466 1127 1577 1217 (Paus.
1592 1147 1616 1192 11

335 1237 385 1322 16,
400 1235 445 1324 3),
463 1237 546 1300 unde
565 1234 772 1301 Persidarum
790 1257 929 1321 regnum
947 1235 1062 1301 florere
1081 1235 1189 1321 coepit
1211 1271 1247 1282 -
1268 1233 1379 1300 Persei
1398 1234 1458 1300 filii
1475 1235 1614 1302 Alcaeus
1675 1294 1676 1297 ,

333 1341 384 1431 (Ο.
399 1362 435 1408 VI
450 1341 507 1432 68)
528 1341 700 1408 Sthenelus
720 1341 771 1431 (Il.
787 1361 849 1407 xlx
866 1340 944 1429 116)
963 1342 1141 1429 Electryon
1160 1341 1252 1430 (Hes.
1267 1345 1348 1408 scut.
1363 1339 1421 1430 82)
1444 1379 1483 1390 -
1502 1343 1611 1410 Alcaei

331 1451 418 1516 filius
437 1449 633 1535 Amphitryo
652 1450 802 1517 Herculis
826 1454 919 1536 pater
942 1447 998 1538 (N.
1016 1468 1041 1514 x
1064 1447 1128 1537 13),
1150 1450 1207 1535 qui
1227 1448 1336 1534 patria
1352 1449 1467 1534 pulsus
1486 1449 1613 1516 Thebas

331 1557 418 1644 fugit
435 1595 480 1606 -
499 1557 644 1624 Stheneli
667 1558 753 1624 filius
772 1557 987 1642 Eurystheus,
1009 1558 1066 1642 qui
1084 1556 1357 1642 Amphitryonem
1380 1557 1477 1623 domo
1496 1558 1613 1644 exegit,

332 1665 388 1729 sed
407 1664 448 1729 ab
463 1663 644 1730 Heraclidis
658 1665 693 1730 in
708 1665 819 1730 Attica
832 1665 1026 1729 interemtus
1040 1664 1142 1728 vitam
1157 1664 1277 1750 amisit,
1296 1665 1379 1730 unde
1394 1665 1463 1730 eius
1478 1687 1613 1751 regnum

332 1770 372 1836 ad
386 1771 532 1856 Atreum,
552 1773 643 1837 cuius
663 1793 807 1838 sororem
823 1769 996 1837 Sthenelus
1010 1793 1145 1836 uxorem
1159 1772 1303 1857 duxerat,
1317 1771 1451 1856 eiusque
1464 1777 1612 1856 posteros

332 1877 462 1942 transiit
477 1877 633 1966 (Thucyd.
648 1878 711 1966 19)
733 1917 773 1926 -
794 1877 1000 1963 Electryonis
1019 1878 1088 1942 filia
1102 1877 1267 1964 Alcmena,
1285 1901 1367 1963 quae
1381 1877 1612 1963 Amphitryoni

331 1985 444 2069 nupsit
470 1990 504 2051 et
531 2008 595 2051 una
622 2009 697 2052 cum
724 2008 762 2051 eo
791 1985 920 2050 Thebas
948 1984 1111 2071 confugit3
1142 1984 1350 2071 Electryonis
1377 1985 1499 2051 nothus
1526 1985 1612 2050 filius
1677 1994 1678 2007 ²

295 2090 531 2214 XLicymnius,
553 2115 650 2178 quem
672 2093 879 2178 Tlepolemus
898 2091 1073 2158 Heraclida
1095 2091 1211 2157 baculo
1234 2092 1396 2178 percussit
1417 2090 1612 2180 (011121).

420 2198 572 2286 Proetus,
598 2199 682 2264 unde
711 2221 790 2286 gens
817 2198 1043 2264 Proetidarum
1072 2202 1145 2264 orta
1172 2204 1237 2285 est,
1263 2199 1365 2264 frater
1392 2203 1464 2264 erat
1486 2199 1612 2279 Acrisii,
1678 2280 1679 2287 ¹

332 2307 387 2392 qui
411 2330 485 2373 cum
508 2307 608 2372 fratre
631 2329 768 2393 regnum
786 2306 947 2393 Argivum
970 2306 1111 2391 partitus
1135 2312 1198 2392 est3
1222 2304 1399 2371 mendaciis
1420 2305 1531 2371 uxoris
1551 2306 1613 2371 An·

331 2420 402 2480 1666
436 2418 618 2480 commotus
648 2413 935 2498 Bellerophontem
966 2414 1002 2477 in
1034 2412 1166 2478 exilium
1199 2413 1308 2498 exegit
1335 2410 1544 2500 (ssv1158)
1572 2451 1610 2459 -
1678 2428 1679 2431 ’

331 2522 442 2587 Proeti
464 2522 551 2586 filius·
574 2520 817 2608 Megapenthes,
841 2521 894 2586 cui
917 2518 1054 2585 Perseus
1077 2541 1215 2606 regnum
1238 2519 1330 2584 urbis
1355 2519 1519 2607 Argorum
1542 2543 1612 2585 con·

334 2629 432 2695 cessit
463 2667 501 2676 -
531 2627 759 2715 Megapcnthis
786 2627 847 2692 filii
875 2627 1069 2712 Hipponous
1097 2631 1131 2691 61
1157 2626 1304 2716 Alect0r3
1333 2626 1500 2712 Hipponoi
1526 2627 1612 2691 filius
1679 2710 1680 2725 ,

332 2735 515 2821 Capaneus,
543 2735 707 2801 Alectoris
734 2734 821 2801 filius
845 2733 950 2821 Iphis,
977 2733 1033 2821 qui
1056 2739 1192 2819 uterque
1215 2756 1233 2798 e
1257 2738 1381 2820 septem
1405 2733 1540 2799 ducibus
1563 2733 1612 2798 ad·
1679 2786 1680 2793 ,

332 2865 446 2907 versus
459 2842 588 2906 Thebas
606 2841 739 2906 fuerunt
753 2839 869 2928 (schol.
884 2839 924 2905 N.
939 2859 977 2905 lx
991 2842 1043 2906 30.
1070 2839 1166 2905 Paus.
1180 2859 1206 2904 11
1222 2841 1272 2927 18,
1286 2839 1323 2929 5)
1341 2879 1386 2888 -
1404 2840 1515 2906 Proeti
1528 2840 1611 2905 filiae

331 2949 549 3035 lymphaticae
577 2971 597 3013 a
623 2947 826 3032 Melampode
854 2953 928 3014 rate
957 2950 1087 3013 curatae
1115 2967 1186 3011 csse
1214 2948 1365 3013 dicuntur
1393 2946 1485 3036 (Hes.
1509 2948 1547 3012 fr.
1571 2949 1610 3013 42

335 3079 374 3121 ex
396 3053 541 3140 pleniore
564 3055 750 3120 narratione
774 3051 940 3142 catalogi).

422 3161 623 3227 Posteriores
646 3162 829 3246 scriptores,
852 3165 891 3227 ut
913 3160 1034 3227 Acrisii
1057 3165 1090 3226 61
1110 3160 1221 3227 Ρ16611
1245 3161 1363 3246 stirpes
1386 3167 1609 3246 exaequarent,

334 3271 419 3336 inter
441 3269 692 3356 Megapenthem
715 3275 749 3336 et
769 3270 981 3356 Hippononm
1002 3269 1248 3335 inculcaverant
1266 3267 1412 3354 Argeum
1436 3273 1469 3334 61
1488 3269 1611 3336 Anaxa·

336 3400 449 3465 goram
481 3374 597 3465 (schol.
620 3377 697 3442 Eur.
720 3377 839 3443 Phoen.
866 3376 943 3462 181)
975 3381 1009 3442 61
1037 3378 1233 3463 Anaxagora
1263 3380 1420 3462 regnante
1449 3377 1611 3442 vesaniam

333 3485 503 3549 mulierum
535 3483 730 3570 Argivarum
758 3484 996 3569 Melampodem
1029 3506 1160 3551 sanasse
1193 3483 1368 3549 commenti
1401 3488 1478 3547 sunt
1506 3481 1611 3571 (Diod.

332 3611 368 3656 1v
387 3593 438 3656 68.
476 3590 570 3656 Ρ616.
589 3608 615 3655 11
637 3591 687 3676 18,
706 3593 740 3676 43
763 3615 791 3656 v.
811 3591 985 3676 Luebbert,
1009 3592 1058 3657 De
1077 3590 1210 3656 Adrasti
1233 3611 1334 3677 regno
1354 3587 1507 3674 Sicyonio
1530 3591 1610 3658 1881

331 3722 362 3783 p.
386 3700 442 3784 10,
469 3720 572 3783 neque
600 3697 754 3763 Proetum
783 3721 888 3783 neque
911 3696 1140 3784 Anaxagoram
1167 3697 1330 3762 immiscet
1354 3695 1610 3782 Herod.1x34).

421 3805 512 3871 Inter
543 3804 683 3891 Argivas
719 3806 838 3891 stirpes
873 3809 1042 3891 praeterea
1072 3804 1258 3870 referendae
1290 3808 1367 3869 sunt
1398 3801 1611 3870 Achaicarum

333 3936 414 3998 quas
438 3935 537 3998 supra
559 3913 706 3979 recensui
729 3935 805 3998 pars
829 3916 864 3978 et
886 3935 966 3998 quas
989 3913 1056 3978 iam
1079 3912 1297 3977 recensitarus
1320 3933 1393 3976 sum
1417 3910 1537 3998 stirpes
1559 3911 1612 3976 Pe

334 4019 419 4105 lopis
444 4025 477 4086 et
499 4020 659 4086 Herculis.

797 4195 1018 4283 Pelopidarum
1041 4197 1151 4282 stirps.

423 4339 579 4406 Tantalus
607 4341 730 4427 Lydius
759 4342 799 4408 ad
828 4339 978 4427 Sipylum
1005 4341 1142 4406 conviva
1169 4341 1301 4406 deorum
1329 4337 1504 4429 (0.140),
1532 4341 1610 4428 apud

334 4447 456 4512 inferos
479 4469 600 4532 poenas
623 4448 686 4514 luit
709 4447 868 4536 (0.161)
895 4485 932 4496 -
958 4448 1088 4514 Tantali
1111 4448 1198 4513 filius
1216 4447 1342 4534 Pelops,
1366 4449 1421 4534 qui
1441 4446 1612 4531 Oenomao,

334 4574 411 4640 rege
429 4553 545 4638 Elidis,
567 4555 602 4620 in
626 4555 800 4622 certamine
824 4556 928 4621 curuli
951 4560 1103 4641 superato
1128 4555 1196 4620 eius
1219 4555 1321 4621 filiam
1341 4577 1475 4621 uxorem
1494 4556 1613 4643 Hippo

335 4661 475 4728 damiam
499 4661 592 4728 duxit
613 4685 778 4750 regnoque
796 4662 902 4729 Elidis
925 4662 1050 4748 potitus
1074 4667 1125 4728 est
1147 4661 1243 4748 (0.1)
1264 4662 1438 4747 -Pelopi
1458 4662 1613 4731 successit

334 4768 370 4833 in
388 4789 489 4854 regno
508 4767 636 4856 Atreus,
659 4769 760 4835 Atreo
779 4771 949 4858 Thyestes,
966 4770 1102 4857 Thyesti
1119 4770 1346 4855 Agamemnon
1365 4765 1557 4859 (1111164)
1575 4806 1611 4820 -

1557 5011 1597 5031 ἢ.
