3417 5434
462 353 488 402 Π
524 353 573 402 ΠΕ
592 353 685 404 ARTE
704 353 864 404 Marruca
882 354 1038 406 PINDARI.
1331 351 1392 405 XLI

98 511 169 576 iam
196 512 329 599 integer
362 517 395 578 et
423 513 585 598 perfectus
617 516 739 580 evadat.
784 514 837 579 En
869 514 1029 600 exempla,
1062 538 1145 600 quae
1177 515 1250 600 plus
1283 515 1394 580 valent

101 642 203 704 quam
227 620 496 686 ratiocinationes

446 792 452 802 ·
527 791 546 814 a
614 745 1163 834 'osoassooos(N.1112),

315 895 511 922 -.ιωιυυ
546 871 582 922 [Α
617 852 1154 941 awaw;-(0.xlllep.l),

356 1007 363 1017 ·
442 959 1192 1049 „aowau-rhso-so-(0.113).

104 1105 145 1168 In
173 1127 372 1189 unoquoque
401 1104 486 1168 enim
513 1103 631 1168 horum
659 1103 758 1169 trium
786 1126 939 1169 versuum
961 1127 1027 1169 una
1053 1080 1156 1191 longa
1174 1107 1210 1170 in
1233 1106 1393 1171 ambitum

105 1213 211 1277 totins
234 1211 326 1296 pedis
351 1217 408 1275 aut
430 1210 576 1277 trochaei
595 1209 658 1294 (μ)
682 1216 739 1275 aut
761 1211 883 1296 dactyli
902 1209 965 1294 (rr)
989 1216 1046 1277 aut
1068 1213 1202 1297 paeonis
1221 1211 1300 1298 (ω)
1321 1235 1394 1298 pro·

104 1321 206 1384 ducta
224 1341 339 1384 cursus
358 1340 566 1384 numerorum
582 1319 710 1404 integer
723 1318 917 1383 restituitur.
950 1318 1154 1404 Quamquam
1168 1321 1206 1385 de
1222 1321 1394 1405 quintupla

104 1427 220 1516 longa,
247 1448 344 1509 quam
369 1425 530 1490 Aristides
559 1427 596 1490 de
620 1449 701 1490 mus.
726 1427 799 1490 133
828 1430 862 1490 et
887 1425 1027 1490 fortasse
1056 1427 1155 1492 etiam
1180 1427 1394 1492 Aristoxenus

106 1534 146 1597 de
165 1535 310 1617 rhythm.
331 1533 420 1598 elem.
440 1556 471 1617 p.
491 1533 556 1599 280
575 1533 622 1598 ed.
642 1533 736 1597 Meib.
761 1534 925 1620 ignorant,
947 1534 1020 1598 vide
1044 1557 1125 1618 quae
1149 1536 1189 1598 ad
1208 1535 1246 1599 Ο.
1261 1553 1287 1600 11
1310 1558 1394 1601 com*

106 1641 247 1706 mentsti
273 1663 393 1705 sumus.

198 1747 311 1812 Etiam
338 1748 438 1812 latius
466 1748 568 1812 altera
596 1748 680 1814 ratio
707 1752 811 1833 patet,
842 1749 997 1831 quoniam
1020 1748 1178 1813 Pindarus
1206 1772 1295 1814 mera
1323 1750 1395 1815 cola

8 1913 14 1944 ,
107 1855 276 1922 trochaica
295 1861 328 1920 et
347 1855 495 1939 iambica,
515 1878 597 1939 quae
617 1854 720 1920 multa
737 1856 772 1920 in
791 1854 962 1920 cantilenis
978 1855 1192 1921 Anacreontis
1211 1861 1244 1921 et
1259 1857 1393 1922 canticis

106 1963 312 2028 scenicorum
335 1966 506 2046 poetarum
530 1967 713 2047 occurrunt,
738 1962 818 2027 adeo
842 1967 1034 2046 aspernatus
1058 1968 1118 2048 est,
1141 1968 1178 2028 ut
1200 1985 1302 2047 paene
1325 1986 1394 2028 om-

106 2071 205 2134 nibns
228 2069 263 2132 in
287 2069 436 2133 versibus
459 2068 621 2133 trochaeis
645 2070 791 2155 dactylos
814 2069 1020 2134 immisceret.
1062 2069 1134 2135 Hac
1156 2071 1244 2136 enim
1265 2093 1301 2136 re
1323 2071 1396 2156 ipsa

105 2177 209 2261 lyrica
231 2182 338 2240 metra
362 2176 402 2240 ab
427 2175 526 2260 epicis
546 2181 578 2240 et
597 2175 786 2262 vulgaribus
806 2177 933 2241 differre
953 2184 985 2240 et
1005 2178 1174 2242 modorum
1194 2177 1395 2243 dulcedinem

106 2284 193 2349 effici
220 2289 314 2349 vates
342 2282 467 2348 Aeolici
496 2288 529 2347 et
557 2282 678 2348 chorici
707 2284 932 2368 opinabantur.
980 2284 1094 2368 Neque
1125 2285 1189 2350 hoc
1221 2285 1395 2350 artificium

107 2391 265 2456 miscendi
289 2391 387 2476 pedes
410 2389 592 2454 trochaicos
615 2396 649 2454 et
671 2391 848 2475 dactylicos
873 2391 1049 2475 quidquam
1077 2393 1152 2456 novi
1181 2396 1238 2456 aut
1261 2393 1302 2455 ab
1326 2395 1396 2456 arte

106 2505 279 2583 poetarum
302 2497 439 2561 aliarum
462 2497 632 2561 nationum
652 2497 750 2562 alieni
771 2497 880 2562 habet.
922 2497 1072 2582 Namque
1090 2498 1248 2562 Horatius
1268 2520 1395 2582 quoque

107 2611 139 2669 et
165 2609 335 2670 nostrates
362 2607 490 2689 poetae,
523 2604 579 2687 qui
608 2627 627 2668 a
654 2603 787 2669 licentia
814 2603 877 2668 coli
904 2605 940 2668 in
968 2605 1073 2669 medio
1100 2605 1200 2670 verbo
1227 2606 1314 2669 finiti
1342 2605 1396 2669 ab·

107 2713 257 2796 horrent,
288 2711 352 2776 hoc
379 2710 447 2776 sine
475 2711 542 2775 ulla
570 2711 772 2776 dubitatione
806 2712 870 2776 sibi
902 2712 1129 2797 permiserunt,
1161 2716 1199 2776 ut
1229 2711 1395 2796 dactylum

107 2819 282 2904 trochaeis,
304 2817 422 2883 iambis
446 2823 657 2903 anapaestum
675 2818 922 2903 praemitterent
942 2822 999 2883 aut
1017 2819 1159 2883 medium
1176 2818 1395 2883 intericercnt.

107 2925 167 2991 Sed
189 2949 265 2992 cum
284 2947 351 2990 non
370 2926 481 2991 eadem
501 2926 645 2990 omnium
665 2948 815 2990 versuum
833 2926 918 2990 ratio
938 2925 990 3008 sit,
1009 2930 1042 2990 et
1061 2926 1126 2990 alia
1144 2927 1207 2990 alio
1226 2926 1261 2990 in
1276 2946 1394 3010 genere

107 3034 290 3098 carminum
316 3033 370 3098 via
396 3033 472 3098 iniri
502 3033 631 3118 debeat,
663 3033 792 3118 singula
820 3055 941 3119 genera
965 3033 1002 3098 in
1027 3033 1089 3098 hac
1117 3033 1308 3117 quaestione
1335 3055 1395 3098 nos

108 3141 311 3228 distinguere
334 3162 394 3224 par
417 3145 475 3204 est.

194 3265 252 3330 Dc
277 3263 438 3350 cyclicis
466 3264 643 3351 dactylis.
685 3265 898 3350 Logaoedicis
925 3267 960 3331 in
988 3266 1135 3331 versibus
1163 3266 1311 3351 dactylus
1338 3266 1397 3330 im·

108 3373 231 3438 mixtus
263 3376 315 3436 est
342 3371 519 3457 trochaeis,
551 3374 634 3437 uude
663 3395 736 3437 cum
764 3373 909 3438 trochaei
938 3373 974 3438 in
1000 3373 1062 3438 hoc
1094 3395 1211 3459 genere
1243 3396 1396 3438 versuum

108 3479 319 3564 praevaleant
342 3483 375 3544 et
398 3479 546 3566 dactylus
565 3480 754 3564 plerumque
773 3501 867 3564 unus,
890 3480 919 3545 si
937 3481 1123 3565 plurimum,
1147 3481 1209 3545 duo
1232 3480 1396 3545 trochaeis

105 3586 220 3650 inserti
246 3585 331 3670 sint,
358 3608 423 3650 non
446 3587 617 3652 trochaeos
641 3586 784 3671 dactylo,
815 3589 871 3652 sed
895 3588 1059 3673 dactylum
1083 3588 1244 3653 trochaeis
1268 3588 1397 3652 adsimi-

106 3694 220 3758 landos
245 3715 317 3758 esse
340 3697 440 3778 patet.
481 3693 596 3778 Itaque
620 3693 785 3778 dactylum
813 3694 915 3759 istum
942 3694 1009 3760 fere
1037 3695 1124 3759 idem
1151 3700 1280 3779 tempus
1310 3695 1397 3779 quod

106 3801 297 3866 trochaeum
322 3799 482 3888 explerel)
506 3800 690 3882 statuimus,
715 3802 801 3884 quod
824 3805 861 3864 ut
885 3801 984 3866 etiam
1008 3801 1175 3866 oculorum
1198 3800 1282 3866 visui
1306 3806 1396 3885 pate·

107 3909 206 3992 fieret,
231 3909 298 3973 duc
322 3927 441 3992 genera
465 3907 666 3993 dactylorum
690 3907 742 3971 his
765 3908 853 3972 notis
877 3931 896 3972 a
918 3908 1014 3973 nobis
1038 3908 1192 3973 distincta
1215 3913 1306 3973 sunt:

325 4079 340 4101 ε
367 4077 403 4102 cc
444 4034 593 4118 dactylus
617 4033 721 4098 iustus
746 4038 887 4118 quatuor
909 4038 1109 4118 temporum,

377 4185 395 4208 c
445 4141 594 4227 dactylus
618 4141 759 4226 cyclicus
783 4141 884 4205 trium
907 4141 974 4205 fere
998 4143 1191 4225 temporum.

110 4267 253 4332 Volubili
286 4265 381 4332 alteri
414 4266 543 4350 dactylo
572 4287 691 4330 nomen
723 4264 837 4350 cyclici
869 4264 991 4350 dactyli
1023 4265 1189 4330 Boeckhio
1222 4265 1303 4331 duce
1334 4267 1397 4332 im-

109 4375 290 4460 posuimus,
319 4374 396 4440 licet
424 4395 464 4437 ne
486 4395 546 4438 nos
575 4373 704 4458 quidem
732 4371 854 4459 fugerit
882 4377 1008 4439 veteres
1037 4371 1245 4460 scriptoresl)
1276 4396 1396 4439 nomen

195 4609 221 4674 1)
246 4621 273 4659 v.
293 4601 416 4656 Aristox.
440 4601 535 4658 Harm.
554 4622 574 4655 11
593 4623 619 4674 p.
636 4607 682 4670 ³4,
700 4608 731 4656 16
747 4603 798 4656 M.:
828 4611 884 4656 τῶν
912 4605 1042 4672 μεγεθῶν
1070 4599 1212 4671 μενόντων
1241 4599 1396 4671 ἀνομοίους

111 4672 257 4744 γίγνεσθαι
275 4675 342 4736 τοὺς
361 4670 458 4736 πόδας.

195 4749 224 4816 2)
243 4745 360 4814 Dionys.
383 4744 474 4800 Halic.
499 4745 534 4798 de
556 4762 645 4815 comp.
670 4744 745 4798 verb.
766 4761 788 4799 c.
805 4751 837 4798 17
862 4765 889 4814 p.
905 4751 957 4797 224
976 4744 1052 4800 Sch.:
1082 4744 1109 4798 ot
1135 4741 1231 4813 μέντοι
1259 4740 1395 4814 όοθμικοὶ

112 4813 226 4888 ρὀθμόν,
247 4816 278 4882 ὃς
293 4817 351 4872 ἀπὸ
365 4825 420 4872 τῶν
435 4818 572 4890 βραχειῶν
587 4813 743 4887 ἀρξάμενος
759 4815 805 4870 ἐπὶ
818 4817 870 4886 τὴν
885 4815 988 4886 ἄλογον
1007 4815 1036 4886 (a
1052 4833 1076 4870 s.
1091 4814 1266 4889 βραχυτέραν
1280 4815 1394 4888 μακρὰν
