3417 5434
470 309 504 358 11.
533 309 582 358 DE
601 309 695 359 ARTE
713 309 873 360 METRIOA
891 309 1049 362 PlNDARl.
1325 307 1400 362 XLV

104 489 243 532 omnem
278 468 518 534 dubitationem
546 469 691 553 positum
720 474 784 553 est,
816 469 956 534 Pindaro
985 492 1112 554 quoque
1140 470 1302 536 vindicare
1330 471 1402 536 ausi

107 597 238 640 sumus.
285 574 397 659 Atque
425 579 462 639 ut
489 598 508 640 1
536 576 662 640 duabus
690 576 798 662 longis
821 577 945 641 trinum
968 581 1153 662 temporum
1175 600 1288 642 versus
1310 577 1402 664 loga-

106 681 245 746 oedieos
274 681 466 747 Thebanum
498 687 630 768 poetam
663 683 867 768 auspicatum
899 706 969 749 esse
1001 689 1232 770 statueremus,
1264 685 1403 750 calcaria

108 789 225 853 animo
251 788 398 854 subdidit
421 789 537 855 11111111
561 813 639 855 1111
662 791 697 855 in
720 790 885 876 epitritico
909 814 1005 856 11111
1028 791 1062 855 P.
1082 794 1148 858 13:

590 916 626 984 L
643 943 678 984 μ
697 962 714 983 a
732 957 752 984 o
769 975 787 984 -
805 977 821 984 -
840 962 859 984 i
875 960 894 984 υ
912 975 929 983 -

494 1044 671 1105 πείθονται
693 1039 726 1104 d'
747 1038 857 1104 doedot
879 1039 1031 1125 σάμασιν.

206 1164 261 1229 De
295 1164 546 1249 epitritorum
574 1187 758 1231 mensura.
806 1165 881 1230 Non
909 1166 1023 1231 eodem
1050 1188 1114 1251 quo
1142 1167 1177 1231 in
1204 1167 1401 1254 logaoedicis
1428 1231 1433 1237 ,

111 1273 214 1336 modo
233 1272 270 1335 in
288 1271 605 1356 dactylo-epitriticis
628 1271 775 1337 versibus
799 1273 896 1357 pedes
921 1272 1039 1337 diversi
1063 1273 1201 1359 generis,
1224 1274 1344 1358 dactyli
1368 1278 1401 1338 et

114 1377 280 1462 trochaei,
307 1378 475 1443 commixti
504 1383 588 1443 sunt.
633 1375 705 1444 Illic
733 1377 819 1443 enim
846 1379 880 1442 in
904 1379 1017 1443 eodem
1041 1379 1112 1444 colo
1138 1380 1258 1464 dactyli
1282 1385 1403 1446 11110-

114 1485 210 1550 chaei
234 1486 414 1550 consociati
436 1491 525 1568 sunt,
548 1485 602 1550 hic
625 1485 747 1569 dactyli
770 1491 803 1551 et
827 1484 972 1551 trochaei
994 1486 1043 1550 ita
1065 1486 1099 1550 in
1122 1488 1267 1551 membra
1290 1510 1402 1552 versus

114 1592 288 1656 distributi
308 1596 397 1676 sunt,
416 1597 453 1658 ut
472 1592 536 1656 alia
555 1615 594 1657 11
613 1593 763 1678 dactylis,
782 1593 846 1657 alia
865 1615 903 1656 ex
922 1591 1085 1657 trochaeis
1100 1598 1258 1658 constent.
1293 1594 1403 1680 Atque

114 1699 247 1764 facilius
274 1699 358 1765 hanc
386 1699 577 1765 mixtionem
600 1699 678 1764 ferri
701 1704 734 1764 11
757 1699 938 1763 mutatione
962 1695 1155 1785 (μεταβολῇ)
1182 1700 1329 1785 rhythmi
1352 1724 1402 1765 ex-

115 1807 225 1870 cusari
254 1828 351 1890 posse
378 1828 445 1870 non
470 1805 594 1870 infitias
620 1805 714 1870 imus.
757 1804 818 1870 Sed
847 1805 876 1870 si
902 1804 1005 1870 nihilo
1034 1806 1138 1871 secius
1165 1808 1263 1891 pedes
1289 1831 1402 1873 omnes

117 1913 267 1978 omnium
298 1913 442 1998 partium
474 1934 586 1977 versus
619 1913 817 1998 exaequandi
849 1913 900 1978 vel
935 1913 1053 1978 saltem
1084 1913 1284 1978 assimilandi
1317 1920 1404 1999 sunt,

112 2019 286 2084 maiestate
320 2020 491 2084 modorum
523 2019 619 2083 huius
653 2019 780 2105 generis
813 2025 846 2084 et
878 2018 1085 2104 epitritorum
1118 2021 1211 2085 tarda
1239 2022 1401 2107 gravitate

113 2125 322 2212 adducimur,
345 2131 382 2190 ut
405 2125 576 2190 trochaeos
599 2125 710 2210 potius
734 2127 774 2190 ad
797 2125 957 2190 ambitum
981 2131 1121 2212 quatuor
1144 2131 1330 2212 temporum
1353 2152 1403 2193 ac-

112 2233 226 2297 cedere
252 2255 352 2317 qnam
374 2233 520 2317 dactylos
544 2232 584 2296 ad
602 2232 769 2297 levitatem
789 2231 987 2316 cyclicorum
1006 2234 1124 2318 pedum
1143 2234 1221 2300 reici
1240 2235 1402 2300 existime-

111 2361 195 2404 mus.
235 2337 330 2404 Unde
349 2339 519 2404 Meissueri
539 2343 573 2404 et
592 2339 725 2404 Henrici
741 2337 914 2404 Schmidtii
934 2340 1073 2426 vestigia
1090 2341 1237 2427 legentes
1257 2343 1399 2427 dactylo-

112 2447 298 2531 epitriticos
322 2470 434 2512 versus
457 2446 544 2512 huuc
565 2446 601 2510 in
623 2447 756 2511 modum
780 2446 960 2511 metiendos
984 2469 1054 2512 esse
1077 2448 1314 2514 existimamus:

437 2590 1078 2641 LU‡—ssWssW2UU;-Luss.

112 2715 184 2781 Hoc
209 2721 323 2781 autem
347 2716 443 2780 modo
466 2715 611 2799 rhythmi
635 2715 753 2780 horum
776 2737 928 2779 versuum
951 2736 1025 2780 vere
1049 2715 1148 2799 ampli
1174 2714 1366 2804 (περίπλεω)
1375 2715 1400 2804 l)

113 2823 209 2906 finnt,
234 2824 269 2887 id
294 2823 380 2908 quod
402 2822 504 2888 indoli
527 2822 624 2888 huius
648 2823 776 2908 generis
800 2823 980 2888 carminum
1002 2823 1098 2908 plane
1119 2824 1400 2889 accommodatum

112 2953 183 2994 esse
207 2950 306 2995 nemo
330 2951 395 2994 non
419 2931 513 2995 videt.
552 2929 714 3014 Epitritos
738 2950 813 2994 vero
837 2928 925 2993 ultra
947 2929 1108 2995 ambitum
1131 2935 1303 3016 septenum
1322 2936 1401 2995 tem-

113 3059 231 3119 porum
257 3037 428 3102 extendere
453 3039 485 3100 et
508 3031 650 3101 alteram
667 3035 736 3101 eius
760 3042 887 3122 partem
906 3036 1001 3101 alteri
1020 3037 1213 3122 assimilare,
1237 3060 1275 3103 eo
1294 3038 1399 3125 magis

113 3144 209 3209 nobis
238 3142 337 3208 licere
365 3143 462 3228 duco,
490 3143 575 3227 quod
600 3166 745 3208 summus
770 3143 968 3209 Graecorum
992 3144 1148 3228 musicus,
1174 3145 1400 3229 Aristoxenus,

114 3250 217 3316 Elem.
243 3250 387 3334 rhythm.
404 3274 436 3335 p.
451 3251 515 3315 302
531 3250 588 3336 M,
611 3252 726 3334 pedem
749 3255 875 3337 septem
897 3255 1083 3336 temporum
1106 3274 1176 3317 esse
1198 3253 1344 3339 negavit,
1367 3257 1401 3317 et

113 3357 293 3441 Aristides,
316 3356 365 3421 De
386 3379 467 3421 mus.
486 3358 574 3440 135,
597 3357 768 3442 rhythmos
792 3357 828 3423 ἐν
853 3357 1006 3444 ἐπιτρίτῳ
1030 3361 1117 3447 λόγῳ
1141 3380 1206 3425 101
1230 3360 1270 3424 ab
1296 3359 1400 3425 omni-

113 3465 172 3528 bus
201 3467 355 3547 receptos
385 3467 418 3528 et
445 3464 672 3549 comprobatos
702 3487 772 3530 1111
799 3465 910 3530 tradit.
954 3463 1078 3529 Verum
1106 3467 1192 3531 enim
1220 3488 1296 3531 vero
1325 3489 1400 3531 cum

112 3571 261 3657 plerique
296 3570 471 3655 rhythmici
505 3571 674 3656 epitritum
702 3573 817 3657 pedem
855 3576 981 3656 septem
1015 3575 1201 3657 temporum
1233 3595 1303 3638 esse
1337 3578 1400 3637 sta-

112 3679 251 3762 tuerint,
280 3681 314 3741 et
339 3677 448 3762 ipsum
475 3699 595 3742 nomen
623 3677 792 3763 ἐπιτρίτου
817 3676 852 3764 (3
867 3700 875 3742 :
889 3675 925 3766 4)
952 3677 1037 3743 hanc
1064 3679 1266 3745 rationemne
1294 3680 1400 3746 dicam

113 3807 154 3848 an
186 3805 333 3849 errorem
366 3784 537 3868 antiquum
569 3789 602 3848 et
632 3784 849 3849 inveteratum
883 3806 953 3848 esse
981 3785 1109 3871 doceat,
1140 3785 1400 3852 dubitationibus

113 3892 286 3957 homiuum
305 3892 475 3957 doctorum
495 3890 558 3956 hoc
577 3892 718 3956 dandum
737 3914 807 3956 esse
826 3892 1026 3977 putavimus,
1045 3898 1081 3956 ut
1101 3914 1198 3977 quam
1214 3915 1400 3958 mensuram

115 4005 271 4064 octonum
299 4004 484 4083 temporum
512 4021 610 4064 unam
637 4021 747 4063 111111
775 4021 845 4064 1111
874 3999 1048 4084 credimus,
1075 4023 1146 4064 eam
1173 4001 1262 4065 notis
1289 4007 1399 4065 tamen

114 4129 179 4171 non
202 4105 468 4190 exprimeremus.
509 4105 656 4171 Arbitrio
678 4105 782 4192 igitur
801 4105 961 4172 lectorum
978 4106 1199 4192 permisimus,
1218 4129 1282 4192 quo
1301 4108 1398 4172 modo

114 4213 211 4298 pedes
239 4211 662 4296 dactylo-epititriticorum
687 4235 840 4277 versuum
867 4213 1043 4280 recitantes
1073 4235 1250 4297 exaequare
1272 4213 1401 4300 malint,

116 4320 261 4404 primane
293 4319 395 4405 longa
427 4319 577 4405 epititriti
609 4319 740 4404 longius
772 4320 932 4404 producta
964 4342 1005 4385 an
1038 4319 1176 4404 dactylis
1203 4321 1239 4384 in
1266 4321 1398 4386 brevius

116 4427 324 4492 intervallum
343 4426 519 4492 contractis
538 4448 580 4491 an
599 4427 663 4491 alio
683 4427 819 4511 denique
837 4449 1029 4512 quocunque
1044 4429 1152 4513 m0d03
1173 4430 1398 4512 exsequendos

119 4540 222 4599 autem
251 4555 366 4599 omnes
394 4535 491 4618 pedes
518 4533 635 4598 horum
663 4556 814 4599 versuum
837 4557 907 4599 esse
930 4557 1025 4600 nemo
1049 4533 1227 4619 dubitabit,
1254 4535 1317 4598 nisi
1342 4535 1398 4620 qui

203 4767 229 4836 1)
249 4761 331 4819 Cous.
350 4761 465 4818 Aristid.
485 4762 519 4818 de
537 4767 689 4818 1111131.
