3417 5434
311 315 385 370 XLII
816 317 1094 369 Puonsuouuus.

311 480 394 565 cycli
416 501 482 545 non
501 480 542 545 ad
562 503 662 546 unum
682 481 776 546 illum
795 479 961 565 dactylum
979 480 1202 545 irrationalem
1222 480 1385 546 trochaeis
1403 479 1614 565 immixtum,

311 588 368 652 sed
395 588 435 652 ad
462 610 575 653 versus
609 611 647 653 ex
674 587 919 653 irrationalibus
952 587 1089 672 dactylis
1122 588 1173 653 vel
1206 588 1391 673 anapaestis
1419 588 1498 653 solis
1527 611 1613 654 con-

311 699 436 760 stantes
459 695 634 760 rettulisse.
676 695 799 762 Eadem
827 695 914 760 enim
943 717 1041 760 causa
1068 695 1214 760 omnium
1244 696 1446 781 dactylorum
1473 696 1613 762 irratio-

310 801 435 867 nalium
463 807 526 886 est,
559 803 627 868 sive
659 803 769 888 plures
802 824 873 868 sese
905 800 1071 886 excipiunt
1104 802 1171 867 sive
1204 803 1325 890 singuli
1358 803 1430 868 aliis
1462 803 1610 889 pedibus

311 908 473 974 interiecti
506 914 590 974 sunt.
646 909 739 974 Nihil
774 915 884 974 autem
919 931 1029 973 moror
1064 931 1169 994 neque
1205 910 1370 976 novicium
1406 911 1610 997 scriptorem

311 1015 490 1081 Aristidem
514 1017 552 1081 de
576 1019 765 1104 mus.137,
796 1017 851 1102 qui
880 1039 954 1082 cum
982 1014 1091 1080 omnia
1119 1016 1190 1081 cola
1217 1017 1320 1102 lyrica
1346 1018 1381 1082 in
1408 1018 1506 1103 pedes
1534 1019 1610 1083 dis-

312 1123 456 1209 syllabos
480 1125 634 1190 solvenda
658 1147 727 1190 esse
746 1124 809 1189 sibi
827 1123 1052 1209 persuasisset,
1075 1123 1142 1188 vim
1161 1124 1275 1210 cyclici
1293 1124 1415 1209 dactyli
1433 1125 1514 1191 adeo
1533 1148 1608 1191 non
1704 1198 1705 1203 η

311 1231 486 1317 perspexit,
503 1237 542 1296 ut
560 1232 683 1316 dactyli
699 1230 862 1298 trochaeis
876 1230 1018 1296 immixti
1033 1231 1112 1296 duas
1129 1232 1241 1296 breves
1257 1231 1399 1317 syllabas
1413 1232 1499 1297 iuter
1518 1234 1608 1298 duos

311 1338 408 1422 pedes
432 1337 464 1424 (
482 1383 500 1407 a
516 1357 520 1422 χ
536 1385 553 1407 e
573 1359 644 1423 ,10
662 1338 693 1426 )
719 1340 801 1404 miro
826 1361 934 1404 errore
958 1337 1181 1422 distribueret,
1213 1361 1317 1424 neque
1343 1339 1607 1425 Byzantinorum

312 1445 513 1511 melodorum
536 1469 640 1530 usum,
665 1447 719 1532 qui
744 1470 817 1513 cum
840 1447 876 1510 in
899 1445 1127 1511 ecclesiasticis
1152 1446 1349 1511 carminibus
1373 1448 1606 1512 acantoribus

311 1553 474 1618 stantibus
503 1554 673 1620 cantandis
700 1554 892 1640 rhythmum
919 1552 1026 1618 minus
1055 1558 1237 1638 curassent,
1265 1554 1429 1639 periodos,
1460 1575 1605 1638 quarum
1705 1568 1706 1597 ί

311 1658 401 1744 prius
426 1660 521 1726 colon
543 1661 577 1726 iu
601 1661 721 1727 thesim
745 1661 861 1746 exiret,
885 1660 1023 1725 alterum
1046 1682 1067 1724 a
1089 1660 1175 1725 thesi
1197 1661 1413 1744 exordiretur,
1443 1661 1603 1746 effingere

311 1788 378 1831 non
401 1768 600 1854 dubitarunt,
624 1773 662 1834 ut
954 1864 959 1934 1

508 1972 563 2040 καί
587 1973 623 2040 ἐν
646 1975 805 2059 ἀγκάλαις
828 1975 920 2060 ἔσχες
939 1971 945 2061 l
965 1975 1025 2041 τὸν
1046 1974 1154 2040 πάντα
1177 1972 1401 2060 συνέχονται)

313 2115 469 2182 Veterum
493 2117 580 2182 enim
604 2115 802 2184 Graecorum
826 2140 879 2182 ars
903 2141 977 2183 cum
1001 2141 1021 2181 a
1042 2117 1187 2182 motibus
1211 2118 1423 2184 saltationum
1448 2123 1483 2184 et
1506 2142 1602 2205 pom·

311 2245 426 2307 parum
450 2224 598 2309 profecta
621 2230 708 2291 esset
730 2230 763 2290 et
787 2247 914 2311 semper
938 2248 1011 2290 cum
1038 2224 1079 2289 iis
1103 2225 1278 2291 coniuncta
1304 2231 1484 2312 teneretur,
1512 2251 1602 2292 seve

312 2329 454 2395 nuribus
476 2331 606 2418 legibus
630 2331 776 2417 rhythmi
798 2355 866 2398 non
889 2332 1048 2416 adstringi
1070 2354 1138 2396 non
1159 2332 1276 2417 potuit.

401 2438 492 2504 Duae
503 2462 583 2524 quas
593 2439 801 2524 exposuimus
816 2441 960 2506 rationes
975 2439 1072 2504 simul
1086 2439 1285 2504 adhibendae
1300 2441 1425 2506 suntin
1439 2441 1601 2508 choriam-

312 2544 394 2610 bicis
417 2547 577 2631 versibus,
605 2551 643 2611 ut
666 2551 698 2612 et
720 2547 820 2634 longa
843 2548 972 2634 longius
998 2547 1157 2632 producta
1184 2569 1298 2613 cursus
1326 2548 1473 2633 rhythmi
1500 2549 1603 2614 inter·

310 2653 399 2737 rupti
423 2653 568 2719 salebrae
591 2659 820 2724 removeantur
846 2659 880 2720 et
904 2654 1033 2740 dactylo
1059 2655 1140 2740 pede
1166 2654 1201 2720 iu
1228 2655 1410 2722 breviorem
1437 2657 1600 2722 ambitum

311 2759 425 2845 cyclici
448 2760 569 2848 dactyli
592 2762 724 2828 redacto
748 2762 963 2846 aequabilitas
985 2762 1105 2846 pedum
1127 2762 1327 2846 restituatur,
1350 2768 1388 2828 ut

668 2896 1242 2938 acclamamus-auo--

329 2997 526 3078 παννυχίοις
547 2993 668 3070 πάντες
691 2993 884 3078 ἐπέλθωμεν
906 2993 925 3060 ὁ
950 2995 1064 3078 Θήβας
1087 2993 1238 3073 ἐλελίζων
1261 2992 1374 3081 (Soph.
1393 2992 1471 3060 Ant.
1492 2993 1581 3080 152).

312 3135 516 3220 Quamquam
540 3137 626 3202 enim
649 3137 700 3202 his
723 3138 758 3202 in
781 3137 929 3202 versibus
952 3135 1099 3222 rhythmi
1120 3136 1385 3220 aequabilitatem
1402 3137 1452 3202 ita
1470 3160 1601 3222 quoque

311 3244 483 3309 restituere
506 3245 622 3330 possis,
645 3249 683 3309 ut
706 3245 931 3310 choriambum
955 3243 1106 3308 similiter
1129 3248 1227 3326 atque
1248 3243 1284 3307 in
1306 3245 1484 3329 paeanibus
1506 3245 1602 3311 creti-

312 3374 386 3417 cum
408 3351 512 3417 vicem
535 3353 626 3437 pedis
655 3352 812 3437 simplicis
837 3374 893 3417 sex
916 3373 1081 3417 morarum
1105 3349 1222 3438 (ποδὸς
1245 3350 1422 3438 ἕξασήμου)
1452 3352 1600 3418 obtinere

311 3479 415 3544 neque
437 3459 473 3523 in
497 3459 577 3526 duos
601 3461 698 3544 pedes
722 3459 886 3544 simplices
911 3457 1125 3524 dirimendum
1149 3481 1220 3524 esse
1244 3458 1332 3525 dicas

685 3715 1222 3757 ssW-;W-aw-;w-..,

311 3819 422 3880 tamen
440 3815 589 3901 pluribus
609 3817 715 3882 causis
735 3823 772 3882 ut
790 3817 951 3882 rationem
969 3838 1067 3902 supra
1085 3816 1288 3902 propositam
1306 3816 1469 3902 potiorem
1483 3818 1601 3884 ducam

311 3944 530 3988 commoveor,
564 3923 705 4008 primum
735 3926 820 4010 quod
846 3946 998 3989 versuum
1027 3923 1319 3988 choriambicorum
1347 3924 1472 3988 indoles
1502 3948 1601 4010 quam

311 4029 450 4095 maxime
474 4031 638 4097 concitata
663 4037 696 4096 et
723 4055 742 4096 a
765 4031 927 4118 gravitate
949 4030 1073 4095 heroici
1096 4029 1218 4116 dactyli
1241 4030 1347 4096 aliena
1369 4053 1440 4096 esse
1463 4031 1602 4117 videtur,

310 4137 424 4202 deinde
458 4138 543 4223 quod
574 4138 720 4224 plerique
751 4161 865 4203 versus
896 4135 1107 4202 choriambici
1137 4137 1173 4200 in
1203 4137 1407 4224 lagaoedicas
1437 4137 1601 4204 clausulas

311 4249 495 4329 excurrunt,
518 4245 608 4310 velut

311 4445 361 4508 τῆς
379 4436 486 4503 τελείας
504 4441 623 4510 μακρᾶς)
642 4442 764 4515 τελευτᾷ,
780 4435 950 4530 χωρίσαντες
968 4438 1026 4492 ἀπὸ
1044 4446 1100 4492 τῶν
1119 4436 1302 4493 ἀναπαίστων
1320 4438 1348 4508 (i.
1363 4455 1387 4493 e.
1401 4436 1514 4494 τελείων
1528 4441 1601 4494 ἀνα-

311 4508 437 4566 παίστων
455 4509 597 4582 τεσσάρων
615 4509 735 4582 χρόνων)
753 4515 857 4564 κυκλον
876 4515 1000 4578 καλοῦσι,
1019 4508 1199 4580 παράδειγμα
1219 4511 1306 4565 αὐτοῦ
1325 4508 1459 4580 ’ρέραντες
1472 4510 1599 4566 τοιόνδε

682 4598 797 4671 κέχυται
814 4599 895 4664 πόλις
914 4597 1054 4670 ὑψίπυλος
1073 4600 1145 4656 κατὰ
1164 4608 1226 4670 χᾶν.

363 4779 373 4833 l
402 4709 427 4778 1)
443 4705 619 4836 cquqllrologiu
638 4723 739 4778 graeca
758 4707 914 4762 carminum
933 4707 1150 4763 christianorum
1168 4707 1265 4762 aloru.
1284 4706 1380 4762 Christ
1397 4708 1427 4761 at
1439 4706 1599 4763 Paranikas

311 4795 380 4850 pro.
401 4797 427 4850 p.
520 4821 525 4833 .
