3417 5434
334 332 400 399 296
806 335 954 389 PlNDARI
972 335 1138 391 nummu.

332 504 381 561 tus
405 504 435 560 et
458 500 545 578 epodi
568 501 675 559 tertius
698 504 801 561 riuum
825 522 901 561 cum>
917 503 1109 563 antecedente
1132 521 1221 563 versu
1243 503 1423 565 cohaereant
1440 506 1611 566 arr-maiore

332 591 491 651 intervallo
511 590 547 649 ab
568 610 602 650 eo
621 590 781 650 divellendi
800 592 869 669 siut,
888 612 923 652 eo
942 592 1038 670 magis
1057 591 1183 651 dubium
1202 596 1256 671 cst,
1275 594 1356 670 quod
1374 593 1405 652 in
1426 594 1484 655 line
1501 596 1611 672 prioris

334 698 437 739 versus
462 680 559 739 modo⁴
573 680 703 739 maxima
727 672 787 759 (vv.
807 692 832 739 3.
852 690 876 739 8.
898 692 939 740 12.
959 674 1018 761 25),
1041 682 1129 741 modo
1152 682 1237 741 nulla
1260 682 1463 759 interpunctio
1482 679 1548 764 (etr.
1568 697 1610 743 νο.

334 780 375 828 29.
396 780 438 828 37.
458 780 501 828 42.
521 760 570 849 tt)
589 770 688 845 posita
711 772 764 830 est.
789 803 832 811 -
856 768 921 839 Quo
944 769 1032 831 modo
1055 788 1174 830 carmen
1197 774 1354 831 cantatum
1377 772 1426 851 sit,
1449 793 1510 833 nou
1533 774 1610 833 indi-

333 862 433 917 catum
458 877 475 916 a
498 862 588 934 pocta
611 858 745 936 invenio,
777 858 835 917 nisi
858 859 940 935 quod
962 859 1115 936 epitheton
1139 856 1297 938 ἐπικώμιος
1320 860 1415 938 ὕμνος
1438 855 1478 941 (v.
1499 857 1548 943 50)
1573 864 1610 922 ad

333 947 456 1007 chorum
480 948 511 1005 et
533 946 774 1008 comissatioucm
801 952 935 1024 spectare
963 947 1090 1008 ridetur.
1135 949 1282 1026 Pompam
1304 950 1427 1027 quidem
1449 953 1611 1028 quominus

332 1035 425 1096 fuisse
440 1039 619 1115 statuamus,
634 1036 787 1097 obstaculo
806 1040 878 1097 sunt
897 1037 1043 1114 tripediae
1062 1037 1228 1115 dactylicae
1246 1040 1439 1101 catalecticae
1453 1034 1514 1121 (ep.
1530 1054 1554 1101 1.
1570 1037 1609 1122 ε),

332 1129 439 1201 utpote
464 1144 540 1202 quac
565 1126 702 1202 passibus
726 1125 807 1186 cbori
831 1125 996 1205 gradientis
1019 1126 1068 1187 rix
1091 1128 1313 1187 adcommodant
1336 1130 1460 1205 possint

1412 1288 1493 1371 Στρ.
1512 1284 1554 1349 α’.

378 1386 463 1474 Ὥρα
485 1390 614 1471 πότνια,
637 1386 739 1471 κᾶρυξ
761 1387 968 1474 Ἀφροδίτας
990 1388 1177 1474 ἀμβροσιᾶν
1197 1389 1397 1474 φιλοτάτων,

387 1496 442 1559 cre
465 1499 682 1578 παρθενηίοις
704 1497 835 1561 παίδων
859 1494 886 1559 τ’
914 1494 1062 1580 ἐφίζοισα
1085 1496 1265 1582 γλεφάροις

389 1603 447 1667 τὸν
470 1598 530 1686 μέν
553 1600 686 1686 ἁμέροις
709 1601 854 1685 ἀνάγκας
877 1599 968 1687 χερσὶ
991 1603 1174 1687 βαστάζεις,
1198 1602 1312 1687 ἕτερον
1335 1603 1367 1670 δ’
1392 1603 1524 1691 ἑτέραις.
1594 1626 1609 1671 5

387 1708 536 1791 ἀγαπατὰ
560 1705 595 1773 δὲ
618 1718 737 1793 καιροῦ
760 1711 804 1793 μὴ
827 1714 950 1774 πλανα-

431 1815 535 1881 θέντα
557 1818 640 1903 πρὸς
663 1820 762 1900 ἔργον
784 1816 923 1881 ἕκαστον

353 1942 368 1987 5
387 1935 455 1988 τῶν
477 1922 639 2009 ἀρειόνων
663 1922 740 2005 ἐρώ-

432 2054 500 2095 των
523 2028 709 2115 ἐπικρατεῖν
732 2031 913 2095 δύνασθαι·

1410 2174 1492 2241 ’Ana
1511 2176 1554 2241 α’.

389 2270 454 2345 οἷοι
477 2277 532 2344 καὶ
555 2280 638 2356 Διὸς
662 2282 801 2362 Αἰγίνας
825 2304 859 2345 τε
883 2279 1019 2366 λέκτρον
1042 2280 1195 2365 ποιμένες
1218 2281 1456 2366 ἀμφεπόλησαν
1577 2303 1611 2349 1ο

390 2390 541 2473 Κυπρίας
564 2388 695 2470 δώρων·
720 2390 877 2469 ἔβλαστεν
900 2386 932 2452 δ’
957 2390 1031 2464 υίὸς
1055 2390 1207 2466 Οἰνώνας
1229 2392 1386 2474 βασιλεὺς

390 2492 473 2577 χειρὶ
496 2492 550 2557 καί
573 2496 710 2578 βουλαῖς
733 2496 880 2580 ἀριστος·
905 2495 1010 2559 πολλά
1032 2520 1088 2559 νιν
1110 2494 1227 2559 πολλοὶ
1250 2495 1426 2561 λιτάνευον
1448 2499 1544 2562 ἰδεῖν·

388 2598 503 2685 ἀβοατὶ
528 2600 590 2684 γάρ
613 2600 732 2685 ἡρώων
754 2602 816 2665 ἀω-
1577 2626 1609 2670 15

432 2732 483 2773 τοι
505 2712 802 2793 περιναιεταόντων

336 2834 368 2880 10
388 2818 512 2899 ἤθελον
535 2818 646 2881 κείνου
670 2839 706 2898 γε
728 2819 797 2881 πεί-

432 2921 530 2987 θεσθ’
557 2921 706 2999 ἀναξίαις
729 2920 871 3004 ἑκόντες,

406 3172 487 3205 venri
511 3170 614 3205 urcrro.
652 3152 736 3205 Inscr.
756 3168 801 3205 om
821 3152 884 3207 BD
904 3184 935 3192 —
957 3152 1061 3207 Sahal:
1082 3150 1151 3208 ένιοί
1169 3172 1257 3224 φασιν
1276 3157 1398 3217 σταδιεῑς
1418 3153 1505 3209 αὐτόν
1518 3175 1548 3209 τε
1563 3157 1610 3209 τόν

337 3221 454 3278 Δεινίαν
481 3224 528 3277 καλ
553 3223 603 3276 τόν
627 3222 748 3291 πατέρα,
777 3224 825 3277 καὶ
850 3231 932 3278 τοῦτο
958 3223 1095 3295 βλέποντα
1119 3224 1169 3279 τὸν
1194 3224 1340 3295 Πίνδαρον
1364 3229 1495 3290 Δείνιδος
1511 3229 1611 3282 δισσῶν

337 3292 457 3348 σταδίων
476 3295 524 3348 καλ
542 3294 648 3363 πατρὸς
667 3294 765 3349 εἰπεῖν.
800 3294 917 3364 παρέχει
936 3294 969 3348 δέ
986 3314 1073 3365 φησιν
1091 3294 1106 3349 ό
1126 3293 1257 3366 Δίδυμος,
1277 3297 1353 3369 [τὴν]
1371 3296 1497 3365 ἀπορίαν
1513 3299 1545 3353 rt
1563 3319 1610 3367 μη·
1684 3309 1685 3366 s

337 3366 450 3433 δέιερον
469 3366 562 3420 αὐτῶν
581 3364 612 3420 ἐν
630 3374 688 3429 τοῖς
706 3368 895 3436 Νεμεονίκαις
913 3365 1135 3435 ἀναγεγράφθαι
1158 3400 1192 3407 —·
1217 3374 1241 3423 2.
1264 3370 1466 3437 παρδενηίοισι
1483 3371 1520 3437 Β,
1542 3391 1609 3437 παρ
1684 3379 1685 3424 J

336 3435 458 3491 θενίοισι
477 3438 506 3492 D
528 3469 559 3477 -
581 3438 658 3509 βλεφ.
680 3437 747 3491 BD
771 3470 803 3477 -
829 3443 853 3492 3.
880 3436 991 3508 ἀμάρας
1009 3439 1047 3505 D,
1072 3436 1189 3507 ἁμέραις
1214 3439 1323 3494 Heclser
1348 3440 1460 3494 collatis
1479 3440 1512 3495 N.
1527 3458 1609 3496 rusa
1684 3443 1685 3448 ’

335 3528 362 3561 rx
382 3525 407 3563 ιι
426 3508 611 3578 probabiliter
640 3541 674 3548 —
701 3506 838 3578 ἀνάγκαις
865 3508 1020 3577 Hermann,
1044 3508 1092 3564 ἀν’
1113 3508 1203 3579 ἀγκὰς
1230 3510 1344 3564 Schmid
1371 3512 1555 3583 probabiliter
1576 3545 1606 3552 —
1684 3557 1685 3566 ,

336 3585 359 3633 6.
381 3578 512 3647 ποιμένος
528 3580 557 3633 D
571 3612 604 3619 -
624 3586 648 3633 9.
668 3580 713 3651 ἀβ.
733 3578 828 3635 Tricl:
848 3580 911 3653 κάβ.
932 3581 959 3633 B
966 3580 995 3633 D
1014 3582 1042 3634 et
1060 3580 1146 3635 schol.
1167 3614 1200 3621 —

407 3740 595 3775 comerrien.
623 3740 649 3781 s.
668 3728 690 3775 l.
711 3721 747 3775 ab
763 3724 910 3777 Iuventute
925 3726 954 3777 ct
967 3723 1116 3779 Amoribus
1133 3723 1245 3778 initium
1263 3724 1396 3779 carminis
1414 3729 1500 3795 poeta
1518 3726 1604 3790 sumit,

335 3794 411 3862 quod
437 3792 516 3847 Dinis
540 3792 629 3847 victor
655 3793 743 3847 amori
769 3796 798 3847 et
820 3794 926 3863 nuptiis
951 3799 1077 3849 maturus
1103 3800 1176 3865 erat,
1205 3796 1280 3850 unde
1307 3814 1341 3850 ne
1368 3795 1476 3851 iustum
1502 3802 1604 3868 tempus

336 3864 447 3932 (καιρὸν
460 3882 486 3919 r.
501 3867 524 3933 a)
544 3863 658 3917 amandi
677 3881 845 3934 uxoremque
864 3865 985 3920 ducendi
1003 3866 1137 3937 neglegat
1154 3870 1251 3921 monet
1268 3899 1303 3907 -
1321 3873 1345 3921 t.
1366 3867 1494 3936 ἐφίζοισα
1511 3868 1603 3938 γλεφά-

334 3954 405 4002 ροις·
426 3935 460 3990 cs.
481 3934 585 3990 Mosch.
605 3955 615 3987 1
633 3952 645 3989 a
663 3934 753 3998 ὕπνος
771 3936 955 4008 βλεφάροισιν
973 3936 1084 4006 ἐφίζων,
1108 3938 1191 4008 Soph.
1210 3939 1274 3992 Ant.
1295 3955 1334 3993 tao
1352 3938 1502 4011 βλεφάρων
1520 3938 1604 4009 ἵμερος

333 4004 481 4073 εὐλέκτρου
500 4006 624 4076 νύμφας,
648 4006 713 4061 Hor.
734 4006 761 4061 C.
781 4026 809 4060 ιν
829 4024 861 4073 ιε,
882 4026 894 4061 e
915 4009 1022 4078 Cupido
1038 4011 1164 4090 pulchris
1182 4012 1297 4065 excubat
1315 4013 1347 4063 ιἰι
1364 4013 1442 4081 penis
1460 4043 1495 4051 -
1513 4017 1536 4065 3.
1555 4010 1603 4065 ἑτέ-

334 4099 397 4144 ραις
415 4078 432 4133 i.
453 4095 475 4132 c.
496 4078 603 4147 asperis
622 4081 651 4133 et
670 4078 821 4144 ferocibns;
848 4079 954 4133 similia
972 4083 1066 4134 nutrix
1085 4080 1115 4135 in
1138 4080 1203 4135 Eur.
1222 4080 1305 4161 Hipp.
1325 4098 1365 4135 ιιι
1380 4100 1415 4136 ss.
1436 4080 1558 4151 loquitur
1574 4114 1601 4121 -

334 4156 359 4204 4.
378 4149 525 4219 ἀγαπαιά,
545 4150 619 4218 quod
639 4149 712 4203 idem
733 4152 817 4218 atque
837 4151 985 4221 ἀγαπατόν
1003 4151 1092 4221 valet,
1112 4169 1175 4205 cum
1194 4151 1287 4206 verbis
1305 4151 1375 4221 πρὸς
1394 4152 1478 4222 ἔργον
1497 4152 1603 4207 ἕκαστον

332 4220 485 4291 coniunge,
505 4223 537 4274 ut
556 4238 667 4275 omnem
685 4222 721 4274 ad
742 4237 800 4276 rem
819 4222 1015 4292 opportunitas
1033 4222 1185 4293 plurimum
1204 4222 1297 4277 valere
1317 4223 1441 4291 dicatum
1467 4225 1501 4279 cs.
1520 4225 1551 4279 fr.
1569 4241 1602 4278 irs

334 4325 365 4331 —
386 4298 410 4347 6.
436 4292 503 4355 Διὸς
524 4290 636 4361 Αἰγίνας
653 4312 694 4345 τε·
720 4292 794 4347 Iovis
813 4293 859 4347 dci
878 4297 908 4347 et
928 4294 1051 4364 Aeginae
1070 4313 1136 4363 nym
1157 4294 1224 4363 hae,
1244 4312 1262 4347 a
1280 4294 1383 4363 quibus
1404 4296 1513 4349 Aeacus
1531 4296 1602 4350 beroe

333 4363 532 4488 Aapinrrtnmm
547 4367 701 4433 prognatus
717 4368 772 4431 est;
792 4380 888 4419 corum
902 4366 1016 4435 nuptiae
1029 4366 1123 4435 lepide
1138 4314 1217 4419 lind.
1232 4367 1252 4420 Ι.
1263 4384 1313 4418 rm
1327 4383 1352 4419 ιι
1367 4366 1455 4421 refert
1469 4399 1503 4407 -
1518 4374 1540 4421 ἵ.
1554 4372 1601 4421 lle-

332 4454 370 4502 πρ
382 4456 415 4498 ας
429 4436 538 4502 δώρων·
554 4435 589 4490 cf.
605 4435 636 4489 Ο.
651 4454 660 4487 1
676 4452 700 4489 rr
739 4433 796 4489 ίλια
811 4438 888 4504 δῶρα
902 4435 1041 4505 Κυπρίας·
1063 4436 1161 4505 ἔρωτες
1175 4436 1222 4491 hio
1235 4435 1359 4490 medium
1374 4438 1468 4492 locum
1483 4439 1600 4493 obtinent

331 4505 405 4560 inter
423 4506 540 4560 affectus
560 4506 647 4561 animi
667 4510 695 4560 ct
729 4524 776 4562 eos
791 4506 934 4562 ministros
945 4508 1074 4575 Veneris,
1093 4508 1128 4562 cf.
1143 4508 1176 4562 fr.
1192 4524 1238 4577 ιιι,
1252 4525 1266 4562 ι
1280 4541 1314 4548 -
1332 4508 1469 4580 Οἰνώνας,
1484 4509 1601 4581 Aeginae

332 4576 449 4646 insulae,
460 4594 523 4631 eam
533 4581 628 4633 auteur
639 4579 765 4633 obsoleto
775 4578 829 4634 hcc
843 4579 956 4634 nomine
970 4579 1151 4650 nuncupavit,
1165 4597 1201 4633 ne
1215 4580 1313 4634 eodem
1327 4580 1440 4635 nomine
1451 4584 1481 4636 et
1490 4582 1600 4635 insulam

333 4651 362 4702 et
379 4650 532 4719 nympham
551 4650 720 4720 appellaret;
739 4650 814 4704 idem
833 4654 929 4705 tamen
942 4667 1044 4705 nomen
1058 4650 1176 4705 recurrit
1188 4650 1208 4704 I.
1223 4670 1242 4704 r
1255 4667 1288 4706 ει.
1303 4670 1353 4704 vm
1367 4667 1391 4706 er
1409 4684 1444 4692 -
1459 4659 1475 4706 9
1491 4671 1529 4721 sq.
1543 4654 1601 4724 ἀβο·

332 4721 377 4773 orl
393 4764 398 4774 .
414 4764 419 4774 .
437 4763 442 4773 .
459 4720 579 4783 ἑκόντες·
607 4722 724 4776 eandem
751 4739 808 4777 rem
833 4721 938 4791 duplici
957 4723 1040 4776 modo
1067 4726 1096 4776 et
1120 4722 1244 4793 negandi
1262 4724 1385 4794 (βοατλ)
1404 4726 1433 4777 et
1452 4722 1602 4778 affirmandi

330 4789 461 4859 (ἑκόντες)
488 4792 625 4861 expressit
651 4793 743 4848 verbis
767 4792 795 4846 in
819 4794 957 4864 principio
981 4798 1010 4848 et
1032 4796 1086 4849 fine
1110 4793 1249 4848 enuntiati
1272 4793 1387 4864 positis,
1417 4798 1449 4850 nt
1473 4798 1600 4864 quantum
1684 4791 1685 4824 l
