<?xml version="1.0" encoding="UTF-8"?>
<!DOCTYPE html PUBLIC "-//W3C//DTD XHTML 1.0 Transitional//EN"
    "http://www.w3.org/TR/xhtml1/DTD/xhtml1-transitional.dtd">
<html xmlns="http://www.w3.org/1999/xhtml" xml:lang="en" lang="en">
 <head>
  <title>
</title>
<meta http-equiv="Content-Type" content="text/html;charset=utf-8" />
  <meta name='ocr-system' content='tesseract 3.04.00' />
  <meta name='ocr-capabilities' content='ocr_page ocr_carea ocr_par ocr_line ocrx_word'/>
</head>
<body>
  <div class='ocr_page' id='page_1' title='image "./pindaricarminap01chrigoog_0211.png"; bbox 0 0 3417 5434; ppageno 0'>
   <div class='ocr_carea' id='block_1_1' title="bbox 593 316 1342 380">
    <p class='ocr_par' dir='ltr' id='par_1_1' title="bbox 593 316 1342 380">
     <span class='ocr_line' id='line_1_1' title="bbox 593 316 1342 380; baseline -0.011 -2"><span class='ocrx_word' id='word_1_1' title='bbox 593 326 751 378; x_wconf 82' lang='lat' dir='ltr'><strong><em>OLYMPIA</em></strong></span> <span class='ocrx_word' id='word_1_2' title='bbox 769 324 816 375; x_wconf 85' lang='lat' dir='ltr'><strong>IX.</strong></span> <span class='ocrx_word' id='word_1_3' title='bbox 1301 316 1342 380; x_wconf 73' lang='grc'><strong>75</strong></span> 
     </span>
    </p>
   </div>
   <div class='ocr_carea' id='block_1_2' title="bbox 139 482 1282 1324">
    <p class='ocr_par' dir='ltr' id='par_1_2' title="bbox 139 482 1281 683">
     <span class='ocr_line' id='line_1_2' title="bbox 226 482 1281 577; baseline -0.011 -19"><span class='ocrx_word' id='word_1_4' title='bbox 226 494 300 559; x_wconf 80' lang='lat' dir='ltr'><strong>vito</strong></span> <span class='ocrx_word' id='word_1_5' title='bbox 324 490 356 556; x_wconf 86' lang='grc' dir='ltr'><strong>δ’</strong></span> <span class='ocrx_word' id='word_1_6' title='bbox 372 489 531 577; x_wconf 89' lang='grc' dir='ltr'><strong><em>Ἀκτορος</em></strong></span> <span class='ocrx_word' id='word_1_7' title='bbox 554 488 672 573; x_wconf 78' lang='grc' dir='ltr'><em>ἐξόχως</em></span> <span class='ocrx_word' id='word_1_8' title='bbox 694 490 832 572; x_wconf 78' lang='grc' dir='ltr'><strong><em>τίμασεν</em></strong></span> <span class='ocrx_word' id='word_1_9' title='bbox 855 482 996 550; x_wconf 80' lang='grc' dir='ltr'><strong><em>ἐποίκων</em></strong></span> <span class='ocrx_word' id='word_1_10' title='bbox 1231 498 1281 547; x_wconf 86' lang='lat'><strong>105</strong></span> 
     </span>
     <span class='ocr_line' id='line_1_3' title="bbox 139 589 1109 683; baseline -0.013 -17"><span class='ocrx_word' id='word_1_11' title='bbox 139 619 177 667; x_wconf 76' lang='grc' dir='ltr'><strong><em>το</em></strong></span> <span class='ocrx_word' id='word_1_12' title='bbox 227 602 367 683; x_wconf 79' lang='grc' dir='ltr'><strong><em>Αἰγίνας</em></strong></span> <span class='ocrx_word' id='word_1_13' title='bbox 388 622 423 663; x_wconf 91' lang='grc' dir='ltr'><strong>τε</strong></span> <span class='ocrx_word' id='word_1_14' title='bbox 445 600 643 664; x_wconf 80' lang='grc' dir='ltr'><strong><em>Μενοίτιον·</em></strong></span> <span class='ocrx_word' id='word_1_15' title='bbox 667 604 727 661; x_wconf 90' lang='grc' dir='ltr'><strong><em>τοῦ</em></strong></span> <span class='ocrx_word' id='word_1_16' title='bbox 749 606 828 670; x_wconf 90' lang='grc' dir='ltr'><strong><em>παῖς</em></strong></span> <span class='ocrx_word' id='word_1_17' title='bbox 849 590 902 677; x_wconf 80' lang='grc' dir='ltr'><strong>ἅμ’</strong></span> <span class='ocrx_word' id='word_1_18' title='bbox 929 589 1109 676; x_wconf 74' lang='grc' dir='ltr'><strong><em>Ἀτρείδαις</em></strong></span> 
     </span>
    </p>

    <p class='ocr_par' dir='ltr' id='par_1_3' title="bbox 232 696 1067 794">
     <span class='ocr_line' id='line_1_4' title="bbox 232 696 1067 794; baseline -0.013 -23"><span class='ocrx_word' id='word_1_19' title='bbox 232 709 443 794; x_wconf 79' lang='grc' dir='ltr'><strong><em>Τεύθραντος</em></strong></span> <span class='ocrx_word' id='word_1_20' title='bbox 464 706 581 770; x_wconf 78' lang='grc' dir='ltr'><strong><em>πεδίον</em></strong></span> <span class='ocrx_word' id='word_1_21' title='bbox 604 704 717 789; x_wconf 85' lang='grc' dir='ltr'><strong><em>μολὼν</em></strong></span> <span class='ocrx_word' id='word_1_22' title='bbox 740 705 818 768; x_wconf 79' lang='grc' dir='ltr'><strong><em>ἔστα</em></strong></span> <span class='ocrx_word' id='word_1_23' title='bbox 840 701 905 765; x_wconf 83' lang='grc' dir='ltr'><strong><em>σὺν</em></strong></span> <span class='ocrx_word' id='word_1_24' title='bbox 926 696 1067 782; x_wconf 77' lang='grc' dir='ltr'><strong>Ἀχιλλεῖ</strong></span> 
     </span>
    </p>

    <p class='ocr_par' dir='ltr' id='par_1_4' title="bbox 227 804 1282 899">
     <span class='ocr_line' id='line_1_5' title="bbox 227 804 1282 899; baseline -0.013 -18"><span class='ocrx_word' id='word_1_25' title='bbox 227 817 337 899; x_wconf 81' lang='grc' dir='ltr'><strong><em>μόνος,</em></strong></span> <span class='ocrx_word' id='word_1_26' title='bbox 360 812 410 879; x_wconf 83' lang='grc' dir='ltr'><strong>δι’</strong></span> <span class='ocrx_word' id='word_1_27' title='bbox 435 812 615 899; x_wconf 70' lang='grc' dir='ltr'><strong><em>ἀλκάεντας</em></strong></span> <span class='ocrx_word' id='word_1_28' title='bbox 632 810 790 885; x_wconf 87' lang='grc' dir='ltr'><strong><em>Δαναοὺς</em></strong></span> <span class='ocrx_word' id='word_1_29' title='bbox 807 806 944 893; x_wconf 81' lang='grc' dir='ltr'><strong><em>τρέψαις</em></strong></span> <span class='ocrx_word' id='word_1_30' title='bbox 963 804 1109 870; x_wconf 78' lang='grc' dir='ltr'><strong><em>ἁλίαισιν</em></strong></span> <span class='ocrx_word' id='word_1_31' title='bbox 1232 820 1282 868; x_wconf 86' lang='grc'><strong>110</strong></span> 
     </span>
    </p>

    <p class='ocr_par' dir='ltr' id='par_1_5' title="bbox 227 920 744 1006">
     <span class='ocr_line' id='line_1_6' title="bbox 227 920 744 1006; baseline -0.012 -19"><span class='ocrx_word' id='word_1_32' title='bbox 227 922 392 1006; x_wconf 80' lang='grc' dir='ltr'><strong><em>πρύμναις</em></strong></span> <span class='ocrx_word' id='word_1_33' title='bbox 420 921 568 1004; x_wconf 71' lang='grc' dir='ltr'><strong><em>Ῥήλεφος</em></strong></span> <span class='ocrx_word' id='word_1_34' title='bbox 590 920 744 1003; x_wconf 81' lang='grc' dir='ltr'><strong><em>ἔμβαλεν·</em></strong></span> 
     </span>
    </p>

    <p class='ocr_par' dir='ltr' id='par_1_6' title="bbox 228 1024 599 1114">
     <span class='ocr_line' id='line_1_7' title="bbox 228 1024 599 1114; baseline -0.011 -20"><span class='ocrx_word' id='word_1_35' title='bbox 228 1026 303 1094; x_wconf 79' lang='grc' dir='ltr'><strong><em>ὥστ’</em></strong></span> <span class='ocrx_word' id='word_1_36' title='bbox 330 1027 474 1114; x_wconf 79' lang='grc' dir='ltr'><strong><em>ἔμφρονι</em></strong></span> <span class='ocrx_word' id='word_1_37' title='bbox 497 1024 599 1104; x_wconf 81' lang='grc' dir='ltr'><strong><em>δεῖξαι</em></strong></span> 
     </span>
    </p>

    <p class='ocr_par' dir='ltr' id='par_1_7' title="bbox 228 1131 840 1221">
     <span class='ocr_line' id='line_1_8' title="bbox 228 1131 840 1221; baseline -0.01 -21"><span class='ocrx_word' id='word_1_38' title='bbox 228 1142 349 1221; x_wconf 87' lang='grc' dir='ltr'><strong><em>μαθεῖν</em></strong></span> <span class='ocrx_word' id='word_1_39' title='bbox 372 1135 570 1219; x_wconf 87' lang='grc' dir='ltr'><strong><em>Πατρόκλου</em></strong></span> <span class='ocrx_word' id='word_1_40' title='bbox 593 1131 728 1216; x_wconf 80' lang='grc' dir='ltr'><strong><em>βία-τὰν</em></strong></span> <span class='ocrx_word' id='word_1_41' title='bbox 750 1131 840 1196; x_wconf 90' lang='grc' dir='ltr'><strong><em>νόον.</em></strong></span> 
     </span>
    </p>

    <p class='ocr_par' dir='ltr' id='par_1_8' title="bbox 229 1232 974 1324">
     <span class='ocr_line' id='line_1_9' title="bbox 229 1232 974 1324; baseline -0.011 -18"><span class='ocrx_word' id='word_1_42' title='bbox 229 1240 260 1320; x_wconf 76' lang='grc' dir='ltr'><strong>ἐξ</strong></span> <span class='ocrx_word' id='word_1_43' title='bbox 283 1235 324 1305; x_wconf 88' lang='grc' dir='ltr'><strong>οὗ</strong></span> <span class='ocrx_word' id='word_1_44' title='bbox 349 1239 603 1322; x_wconf 81' lang='grc' dir='ltr'><strong><em>Θέτιος-γοῦνος</em></strong></span> <span class='ocrx_word' id='word_1_45' title='bbox 626 1236 727 1324; x_wconf 88' lang='grc' dir='ltr'><strong><em>οὐλίῳ</em></strong></span> <span class='ocrx_word' id='word_1_46' title='bbox 751 1260 807 1301; x_wconf 92' lang='grc' dir='ltr'><strong>νιν</strong></span> <span class='ocrx_word' id='word_1_47' title='bbox 830 1234 868 1300; x_wconf 78' lang='grc' dir='ltr'><strong>ἐν</strong></span> <span class='ocrx_word' id='word_1_48' title='bbox 881 1232 974 1320; x_wconf 81' lang='grc' dir='ltr'><strong><em>’Ἀρει</em></strong></span> 
     </span>
    </p>
   </div>
   <div class='ocr_carea' id='block_1_3' title="bbox 228 1408 1290 2362">
    <p class='ocr_par' dir='ltr' id='par_1_9' title="bbox 228 1408 1290 2362">
     <span class='ocr_line' id='line_1_10' title="bbox 228 1408 1231 1506; baseline -0.012 -21"><span class='ocrx_word' id='word_1_49' title='bbox 228 1430 448 1506; x_wconf 78' lang='grc' dir='ltr'><strong><em>παραγορεῖτο</em></strong></span> <span class='ocrx_word' id='word_1_50' title='bbox 471 1418 515 1502; x_wconf 78' lang='grc' dir='ltr'><strong>μή</strong></span> <span class='ocrx_word' id='word_1_51' title='bbox 538 1438 618 1482; x_wconf 92' lang='grc' dir='ltr'><strong><em>ποτε</em></strong></span> <span class='ocrx_word' id='word_1_52' title='bbox 1097 1409 1165 1475; x_wconf 87' lang='grc' dir='ltr'><strong>Ἐπ.</strong></span> <span class='ocrx_word' id='word_1_53' title='bbox 1189 1408 1231 1493; x_wconf 86' lang='grc' dir='ltr'><strong>γ’.</strong></span> 
     </span>
     <span class='ocr_line' id='line_1_11' title="bbox 231 1522 752 1613; baseline -0.012 -20"><span class='ocrx_word' id='word_1_54' title='bbox 231 1526 391 1613; x_wconf 81' lang='grc' dir='ltr'><strong><em>σφετέρας</em></strong></span> <span class='ocrx_word' id='word_1_55' title='bbox 413 1527 534 1609; x_wconf 77' lang='grc' dir='ltr'><strong><em>ἄτερθε</em></strong></span> <span class='ocrx_word' id='word_1_56' title='bbox 555 1522 752 1601; x_wconf 84' lang='grc' dir='ltr'><strong><em>ταξιοῦσθαι</em></strong></span> 
     </span>
     <span class='ocr_line' id='line_1_12' title="bbox 231 1631 651 1719; baseline -0.014 -20"><span class='ocrx_word' id='word_1_57' title='bbox 231 1634 501 1719; x_wconf 79' lang='grc' dir='ltr'><strong><em>δαμασιμβρότου</em></strong></span> <span class='ocrx_word' id='word_1_58' title='bbox 524 1631 651 1714; x_wconf 79' lang='grc' dir='ltr'><strong><em>αἰχμᾶς.</em></strong></span> 
     </span>
     <span class='ocr_line' id='line_1_13' title="bbox 231 1736 741 1825; baseline -0.01 -20"><span class='ocrx_word' id='word_1_59' title='bbox 231 1746 302 1824; x_wconf 77' lang='grc' dir='ltr'><strong><em>είχν</em></strong></span> <span class='ocrx_word' id='word_1_60' title='bbox 324 1738 521 1825; x_wconf 79' lang='grc' dir='ltr'><strong><em>εὑρησιεπὴς</em></strong></span> <span class='ocrx_word' id='word_1_61' title='bbox 543 1736 741 1819; x_wconf 80' lang='grc' dir='ltr'><strong><em>ἀναγεῖσθαι</em></strong></span> 
     </span>
     <span class='ocr_line' id='line_1_14' title="bbox 231 1844 788 1934; baseline -0.011 -22"><span class='ocrx_word' id='word_1_62' title='bbox 231 1850 423 1934; x_wconf 90' lang='grc' dir='ltr'><strong><em>πρόσφορος</em></strong></span> <span class='ocrx_word' id='word_1_63' title='bbox 445 1844 481 1911; x_wconf 79' lang='grc' dir='ltr'><strong>ἐν</strong></span> <span class='ocrx_word' id='word_1_64' title='bbox 504 1848 641 1910; x_wconf 87' lang='grc' dir='ltr'><strong><em>Μοισᾶν</em></strong></span> <span class='ocrx_word' id='word_1_65' title='bbox 665 1844 788 1930; x_wconf 93' lang='grc' dir='ltr'><strong><em>δίφρῳ·</em></strong></span> 
     </span>
     <span class='ocr_line' id='line_1_15' title="bbox 231 1950 854 2039; baseline -0.01 -19"><span class='ocrx_word' id='word_1_66' title='bbox 231 1957 334 2039; x_wconf 84' lang='grc' dir='ltr'><strong><em>τόλμα</em></strong></span> <span class='ocrx_word' id='word_1_67' title='bbox 357 1951 393 2018; x_wconf 74' lang='grc' dir='ltr'><strong>δὲ</strong></span> <span class='ocrx_word' id='word_1_68' title='bbox 415 1950 471 2018; x_wconf 83' lang='grc' dir='ltr'><strong>καὶ</strong></span> <span class='ocrx_word' id='word_1_69' title='bbox 495 1952 690 2037; x_wconf 78' lang='grc' dir='ltr'><strong><em>ἀμφιλαφὴς</em></strong></span> <span class='ocrx_word' id='word_1_70' title='bbox 713 1951 854 2034; x_wconf 89' lang='grc' dir='ltr'><strong><em>δύναμις</em></strong></span> 
     </span>
     <span class='ocr_line' id='line_1_16' title="bbox 233 2052 942 2146; baseline -0.006 -21"><span class='ocrx_word' id='word_1_71' title='bbox 233 2060 372 2125; x_wconf 79' lang='grc' dir='ltr'><strong><em>ἕσποιτο.</em></strong></span> <span class='ocrx_word' id='word_1_72' title='bbox 418 2057 575 2146; x_wconf 82' lang='grc' dir='ltr'><strong><em>προξενίᾳ</em></strong></span> <span class='ocrx_word' id='word_1_73' title='bbox 598 2055 630 2122; x_wconf 82' lang='grc' dir='ltr'><strong>δ’</strong></span> <span class='ocrx_word' id='word_1_74' title='bbox 656 2056 756 2143; x_wconf 82' lang='grc' dir='ltr'><strong><em>ἀρετᾷ</em></strong></span> <span class='ocrx_word' id='word_1_75' title='bbox 778 2054 807 2122; x_wconf 89' lang='grc' dir='ltr'><strong><em>τ’</em></strong></span> <span class='ocrx_word' id='word_1_76' title='bbox 832 2052 942 2140; x_wconf 79' lang='grc' dir='ltr'><strong><em>ἦλθον</em></strong></span> 
     </span>
     <span class='ocr_line' id='line_1_17' title="bbox 233 2164 862 2255; baseline -0.008 -22"><span class='ocrx_word' id='word_1_77' title='bbox 233 2167 391 2255; x_wconf 64' lang='grc' dir='ltr'><strong><em>τιμάορος</em></strong></span> <span class='ocrx_word' id='word_1_78' title='bbox 410 2165 590 2251; x_wconf 88' lang='grc' dir='ltr'><strong><em>Ἰσθμίαισι</em></strong></span> <span class='ocrx_word' id='word_1_79' title='bbox 613 2164 862 2251; x_wconf 79' lang='grc' dir='ltr'><strong><em>Λαμπρομάχου</em></strong></span> 
     </span>
     <span class='ocr_line' id='line_1_18' title="bbox 285 2270 1290 2362; baseline -0.009 -21"><span class='ocrx_word' id='word_1_80' title='bbox 285 2280 431 2362; x_wconf 79' lang='grc' dir='ltr'><strong><em>μίτραις,</em></strong></span> <span class='ocrx_word' id='word_1_81' title='bbox 454 2272 501 2339; x_wconf 82' lang='grc' dir='ltr'><strong><em>ὅτ’</em></strong></span> <span class='ocrx_word' id='word_1_82' title='bbox 529 2272 711 2359; x_wconf 81' lang='grc' dir='ltr'><strong><em>ἀμφότεροι</em></strong></span> <span class='ocrx_word' id='word_1_83' title='bbox 734 2270 903 2356; x_wconf 86' lang='grc' dir='ltr'><strong><em>κράτησαν</em></strong></span> <span class='ocrx_word' id='word_1_84' title='bbox 1240 2284 1290 2333; x_wconf 76' lang='lat'><strong>125</strong></span> 
     </span>
    </p>
   </div>
   <div class='ocr_carea' id='block_1_4' title="bbox 235 2445 1237 2645">
    <p class='ocr_par' dir='ltr' id='par_1_10' title="bbox 235 2445 1237 2645">
     <span class='ocr_line' id='line_1_19' title="bbox 236 2445 1237 2541; baseline -0.01 -21"><span class='ocrx_word' id='word_1_85' title='bbox 236 2458 315 2539; x_wconf 88' lang='grc' dir='ltr'><strong><em>μίαν</em></strong></span> <span class='ocrx_word' id='word_1_86' title='bbox 338 2456 438 2541; x_wconf 82' lang='grc' dir='ltr'><strong><em>ἔργον</em></strong></span> <span class='ocrx_word' id='word_1_87' title='bbox 461 2451 511 2517; x_wconf 85' lang='grc' dir='ltr'><strong>ἀν’</strong></span> <span class='ocrx_word' id='word_1_88' title='bbox 539 2448 672 2537; x_wconf 78' lang='grc' dir='ltr'><strong><em>ἁμέραν.</em></strong></span> <span class='ocrx_word' id='word_1_89' title='bbox 1088 2452 1168 2532; x_wconf 91' lang='grc' dir='ltr'><strong><em>Στρ.</em></strong></span> <span class='ocrx_word' id='word_1_90' title='bbox 1192 2445 1237 2511; x_wconf 88' lang='grc' dir='ltr'><strong>δ’.</strong></span> 
     </span>
     <span class='ocr_line' id='line_1_20' title="bbox 235 2557 677 2645; baseline -0.009 -18"><span class='ocrx_word' id='word_1_91' title='bbox 235 2564 331 2627; x_wconf 83' lang='grc' dir='ltr'><strong><em>άλλαι</em></strong></span> <span class='ocrx_word' id='word_1_92' title='bbox 354 2557 391 2625; x_wconf 73' lang='grc' dir='ltr'><strong>δὲ</strong></span> <span class='ocrx_word' id='word_1_93' title='bbox 415 2558 466 2625; x_wconf 82' lang='grc' dir='ltr'><strong>δύ’</strong></span> <span class='ocrx_word' id='word_1_94' title='bbox 496 2559 532 2624; x_wconf 82' lang='grc' dir='ltr'><strong>όν</strong></span> <span class='ocrx_word' id='word_1_95' title='bbox 555 2561 677 2645; x_wconf 86' lang='grc' dir='ltr'><strong><em>Κορίν-</em></strong></span> 
     </span>
    </p>
   </div>
   <div class='ocr_carea' id='block_1_5' title="bbox 225 2663 1291 2967">
    <p class='ocr_par' dir='ltr' id='par_1_11' title="bbox 225 2663 1291 2967">
     <span class='ocr_line' id='line_1_21' title="bbox 285 2663 960 2750; baseline -0.009 -16"><span class='ocrx_word' id='word_1_96' title='bbox 285 2675 354 2734; x_wconf 88' lang='grc' dir='ltr'><strong>θαυ</strong></span> <span class='ocrx_word' id='word_1_97' title='bbox 376 2668 496 2743; x_wconf 87' lang='grc' dir='ltr'><strong><em>πύλαις</em></strong></span> <span class='ocrx_word' id='word_1_98' title='bbox 519 2664 662 2748; x_wconf 82' lang='grc' dir='ltr'><strong><em>ἐγένοντ’</em></strong></span> <span class='ocrx_word' id='word_1_99' title='bbox 691 2668 801 2730; x_wconf 82' lang='grc' dir='ltr'><strong><em>ἔπειτα</em></strong></span> <span class='ocrx_word' id='word_1_100' title='bbox 823 2663 960 2750; x_wconf 90' lang='grc' dir='ltr'><strong><em>χάρμαι,</em></strong></span> 
     </span>
     <span class='ocr_line' id='line_1_22' title="bbox 234 2770 1291 2860; baseline -0.008 -20"><span class='ocrx_word' id='word_1_101' title='bbox 234 2773 287 2840; x_wconf 83' lang='grc' dir='ltr'><strong>ταὶ</strong></span> <span class='ocrx_word' id='word_1_102' title='bbox 310 2772 348 2839; x_wconf 71' lang='grc' dir='ltr'><strong>δὲ</strong></span> <span class='ocrx_word' id='word_1_103' title='bbox 370 2772 426 2839; x_wconf 86' lang='grc' dir='ltr'><strong>καὶ</strong></span> <span class='ocrx_word' id='word_1_104' title='bbox 449 2772 580 2858; x_wconf 79' lang='grc' dir='ltr'><strong><em>Νεμέας</em></strong></span> <span class='ocrx_word' id='word_1_105' title='bbox 600 2770 814 2860; x_wconf 81' lang='grc' dir='ltr'><strong><em>Ἐφαρμόστῳ</em></strong></span> <span class='ocrx_word' id='word_1_106' title='bbox 838 2772 921 2836; x_wconf 83' lang='grc' dir='ltr'><strong><em>κατά</em></strong></span> <span class='ocrx_word' id='word_1_107' title='bbox 943 2771 1080 2836; x_wconf 89' lang='grc' dir='ltr'><strong><em>κόλπον·</em></strong></span> <span class='ocrx_word' id='word_1_108' title='bbox 1241 2785 1291 2833; x_wconf 86' lang='grc'><strong>130</strong></span> 
     </span>
     <span class='ocr_line' id='line_1_23' title="bbox 225 2874 1238 2967; baseline -0.006 -21"><span class='ocrx_word' id='word_1_109' title='bbox 225 2881 339 2967; x_wconf 88' lang='grc' dir='ltr'><strong><em>Ἀργει</em></strong></span> <span class='ocrx_word' id='word_1_110' title='bbox 362 2881 392 2945; x_wconf 92' lang='grc' dir='ltr'><strong><em>τ’</em></strong></span> <span class='ocrx_word' id='word_1_111' title='bbox 419 2884 534 2966; x_wconf 79' lang='grc' dir='ltr'><strong><em>ἔσχεθε</em></strong></span> <span class='ocrx_word' id='word_1_112' title='bbox 556 2881 658 2956; x_wconf 86' lang='grc' dir='ltr'><strong><em>κῦδος</em></strong></span> <span class='ocrx_word' id='word_1_113' title='bbox 681 2878 830 2965; x_wconf 80' lang='grc' dir='ltr'><strong><em>ἀνδρῶν,</em></strong></span> <span class='ocrx_word' id='word_1_114' title='bbox 853 2890 931 2955; x_wconf 88' lang='grc' dir='ltr'><strong><em>παῖς</em></strong></span> <span class='ocrx_word' id='word_1_115' title='bbox 954 2875 985 2941; x_wconf 84' lang='grc' dir='ltr'><strong>δ’</strong></span> <span class='ocrx_word' id='word_1_116' title='bbox 1013 2876 1049 2942; x_wconf 80' lang='grc' dir='ltr'><strong>ἐν</strong></span> <span class='ocrx_word' id='word_1_117' title='bbox 1068 2874 1238 2952; x_wconf 82' lang='grc' dir='ltr'><strong><em>Ἀθάναις.</em></strong></span> 
     </span>
    </p>
   </div>
   <div class='ocr_carea' id='block_1_6' title="bbox 90 3068 1356 3576">
    <p class='ocr_par' dir='ltr' id='par_1_12' title="bbox 90 3068 1356 3576">
     <span class='ocr_line' id='line_1_24' title="bbox 150 3068 1354 3147; baseline -0.005 -18"><span class='ocrx_word' id='word_1_118' title='bbox 150 3083 191 3131; x_wconf 74' lang='lat' dir='ltr'><strong>ea.</strong></span> <span class='ocrx_word' id='word_1_119' title='bbox 210 3073 258 3131; x_wconf 80' lang='grc' dir='ltr'><strong>νὶα</strong></span> <span class='ocrx_word' id='word_1_120' title='bbox 272 3078 342 3147; x_wconf 75' lang='lat' dir='ltr'><strong>Byr.</strong></span> <span class='ocrx_word' id='word_1_121' title='bbox 356 3074 453 3129; x_wconf 89' lang='lat' dir='ltr'><strong>inutili</strong></span> <span class='ocrx_word' id='word_1_122' title='bbox 468 3076 627 3129; x_wconf 87' lang='lat' dir='ltr'><strong>correctura</strong></span> <span class='ocrx_word' id='word_1_123' title='bbox 641 3072 760 3127; x_wconf 85' lang='lat' dir='ltr'><strong>metrica</strong></span> <span class='ocrx_word' id='word_1_124' title='bbox 778 3104 811 3113; x_wconf 93' lang='lat'>-</span> <span class='ocrx_word' id='word_1_125' title='bbox 832 3078 874 3127; x_wconf 80' lang='lat'><strong>71.</strong></span> <span class='ocrx_word' id='word_1_126' title='bbox 892 3069 988 3141; x_wconf 80' lang='grc' dir='ltr'><strong><em>Ἀχιλεῖ</em></strong></span> <span class='ocrx_word' id='word_1_127' title='bbox 1002 3072 1030 3124; x_wconf 84' lang='grc' dir='ltr'><strong><em>Α</em></strong></span> <span class='ocrx_word' id='word_1_128' title='bbox 1047 3102 1082 3110; x_wconf 97' lang='grc'>-</span> <span class='ocrx_word' id='word_1_129' title='bbox 1102 3075 1144 3125; x_wconf 77' lang='grc'><strong>76,</strong></span> <span class='ocrx_word' id='word_1_130' title='bbox 1164 3078 1264 3139; x_wconf 81' lang='grc' dir='ltr'><strong><em>γοῦνος</em></strong></span> <span class='ocrx_word' id='word_1_131' title='bbox 1283 3068 1354 3123; x_wconf 90' lang='lat' dir='ltr'><strong>ooui.</strong></span> 
     </span>
     <span class='ocr_line' id='line_1_25' title="bbox 90 3138 1355 3218; baseline -0.008 -14"><span class='ocrx_word' id='word_1_132' title='bbox 90 3146 249 3218; x_wconf 61' lang='lat' dir='ltr'><strong>singaram:</strong></span> <span class='ocrx_word' id='word_1_133' title='bbox 264 3146 347 3217; x_wconf 79' lang='grc' dir='ltr'><strong><em>γόνος</em></strong></span> <span class='ocrx_word' id='word_1_134' title='bbox 361 3146 451 3214; x_wconf 63' lang='lat' dir='ltr'><strong>codd„</strong></span> <span class='ocrx_word' id='word_1_135' title='bbox 465 3144 493 3216; x_wconf 84' lang='grc' dir='ltr'><strong>γ’</strong></span> <span class='ocrx_word' id='word_1_136' title='bbox 505 3144 567 3211; x_wconf 63' lang='lat' dir='ltr'><strong>icoc</strong></span> <span class='ocrx_word' id='word_1_137' title='bbox 579 3145 682 3216; x_wconf 65' lang='lat' dir='ltr'><strong>Berge,</strong></span> <span class='ocrx_word' id='word_1_138' title='bbox 698 3144 814 3217; x_wconf 83' lang='grc' dir='ltr'><strong><em>βλαστδς</em></strong></span> <span class='ocrx_word' id='word_1_139' title='bbox 827 3143 971 3197; x_wconf 79' lang='lat' dir='ltr'>Hermann</span> <span class='ocrx_word' id='word_1_140' title='bbox 985 3173 1018 3181; x_wconf 92' lang='lat'><em>-</em></span> <span class='ocrx_word' id='word_1_141' title='bbox 1034 3138 1114 3196; x_wconf 80' lang='grc' dir='ltr'><strong><em>ούλία</em></strong></span> <span class='ocrx_word' id='word_1_142' title='bbox 1127 3138 1159 3196; x_wconf 74' lang='lat'><strong>0¹</strong></span> <span class='ocrx_word' id='word_1_143' title='bbox 1173 3172 1207 3181; x_wconf 93' lang='lat'>-</span> <span class='ocrx_word' id='word_1_144' title='bbox 1224 3146 1264 3197; x_wconf 79' lang='grc'><strong>78.</strong></span> <span class='ocrx_word' id='word_1_145' title='bbox 1280 3142 1355 3195; x_wconf 75' lang='grc' dir='ltr'><strong><em>ἀντι-</em></strong></span> 
     </span>
     <span class='ocr_line' id='line_1_26' title="bbox 90 3212 1356 3289; baseline -0.002 -20"><span class='ocrx_word' id='word_1_146' title='bbox 90 3223 182 3274; x_wconf 68' lang='lat' dir='ltr'><strong>ossen</strong></span> <span class='ocrx_word' id='word_1_147' title='bbox 204 3218 275 3274; x_wconf 88' lang='lat' dir='ltr'><strong>coni.</strong></span> <span class='ocrx_word' id='word_1_148' title='bbox 294 3218 391 3274; x_wconf 82' lang='lat' dir='ltr'><strong>Nabar</strong></span> <span class='ocrx_word' id='word_1_149' title='bbox 413 3250 448 3258; x_wconf 96' lang='lat'><em>-</em></span> <span class='ocrx_word' id='word_1_150' title='bbox 472 3222 514 3272; x_wconf 74' lang='lat'><strong>79.</strong></span> <span class='ocrx_word' id='word_1_151' title='bbox 538 3213 765 3289; x_wconf 81' lang='grc' dir='ltr'><strong><em>δαμασιμβρότας</em></strong></span> <span class='ocrx_word' id='word_1_152' title='bbox 789 3216 830 3269; x_wconf 80' lang='lat'><strong>13¹</strong></span> <span class='ocrx_word' id='word_1_153' title='bbox 849 3246 882 3255; x_wconf 86' lang='lat'><strong>-</strong></span> <span class='ocrx_word' id='word_1_154' title='bbox 907 3218 949 3267; x_wconf 85' lang='lat'><strong>80.</strong></span> <span class='ocrx_word' id='word_1_155' title='bbox 974 3214 1022 3283; x_wconf 84' lang='grc' dir='ltr'><strong>εὑρ</strong></span> <span class='ocrx_word' id='word_1_156' title='bbox 1043 3230 1066 3268; x_wconf 93' lang='grc' dir='ltr'><strong><em>σ.</em></strong></span> <span class='ocrx_word' id='word_1_157' title='bbox 1092 3214 1129 3267; x_wconf 87' lang='lat' dir='ltr'><strong>B:</strong></span> <span class='ocrx_word' id='word_1_158' title='bbox 1154 3212 1242 3279; x_wconf 81' lang='grc' dir='ltr'><strong><em>εδρεσ.</em></strong></span> <span class='ocrx_word' id='word_1_159' title='bbox 1266 3213 1356 3268; x_wconf 83' lang='lat' dir='ltr'><strong>AOD</strong></span> 
     </span>
     <span class='ocr_line' id='line_1_27' title="bbox 93 3233 1354 3364; baseline -0.007 -18"><span class='ocrx_word' id='word_1_160' title='bbox 93 3322 117 3328; x_wconf 90' lang='lat'>-</span> <span class='ocrx_word' id='word_1_161' title='bbox 130 3296 169 3345; x_wconf 78' lang='lat'><strong>83.</strong></span> <span class='ocrx_word' id='word_1_162' title='bbox 188 3290 313 3346; x_wconf 74' lang='grc' dir='ltr'><strong><em>ἕσποιτο·</em></strong></span> <span class='ocrx_word' id='word_1_163' title='bbox 332 3286 468 3364; x_wconf 71' lang='grc' dir='ltr'><strong><em>προξενίᾳ</em></strong></span> <span class='ocrx_word' id='word_1_164' title='bbox 490 3287 558 3358; x_wconf 73' lang='lat' dir='ltr'><strong>(uisi</strong></span> <span class='ocrx_word' id='word_1_165' title='bbox 572 3290 638 3341; x_wconf 86' lang='lat' dir='ltr'><strong>aute</strong></span> <span class='ocrx_word' id='word_1_166' title='bbox 651 3289 730 3356; x_wconf 81' lang='grc' dir='ltr'><strong><em>προξ.</em></strong></span> <span class='ocrx_word' id='word_1_167' title='bbox 745 3285 834 3340; x_wconf 92' lang='lat' dir='ltr'><strong>minio</strong></span> <span class='ocrx_word' id='word_1_168' title='bbox 849 3285 914 3340; x_wconf 88' lang='lat' dir='ltr'><strong>add.</strong></span> <span class='ocrx_word' id='word_1_169' title='bbox 931 3284 965 3351; x_wconf 82' lang='lat'><strong>0)</strong></span> <span class='ocrx_word' id='word_1_170' title='bbox 980 3233 1070 3340; x_wconf 55' lang='lat'><em>1331)</em></span> <span class='ocrx_word' id='word_1_171' title='bbox 1084 3286 1113 3338; x_wconf 87' lang='lat' dir='ltr'><strong>et</strong></span> <span class='ocrx_word' id='word_1_172' title='bbox 1127 3284 1226 3339; x_wconf 65' lang='lat' dir='ltr'><strong>schot:</strong></span> <span class='ocrx_word' id='word_1_173' title='bbox 1248 3282 1354 3338; x_wconf 75' lang='grc' dir='ltr'><strong><em>ἕστατ’</em></strong></span> 
     </span>
     <span class='ocr_line' id='line_1_28' title="bbox 92 3353 1355 3435; baseline -0.002 -23"><span class='ocrx_word' id='word_1_174' title='bbox 92 3361 137 3415; x_wconf 77' lang='grc' dir='ltr'><strong><em>αἰεί</em></strong></span> <span class='ocrx_word' id='word_1_175' title='bbox 155 3365 230 3433; x_wconf 75' lang='grc' dir='ltr'><strong><em>κροξ.</em></strong></span> <span class='ocrx_word' id='word_1_176' title='bbox 250 3358 341 3435; x_wconf 72' lang='grc' dir='ltr'><strong><em>(ξενίᾳ</em></strong></span> <span class='ocrx_word' id='word_1_177' title='bbox 355 3361 470 3430; x_wconf 87' lang='lat' dir='ltr'><strong>lemma)</strong></span> <span class='ocrx_word' id='word_1_178' title='bbox 489 3362 525 3427; x_wconf 87' lang='lat' dir='ltr'><strong>A,</strong></span> <span class='ocrx_word' id='word_1_179' title='bbox 543 3359 618 3413; x_wconf 87' lang='lat' dir='ltr'><strong>unde</strong></span> <span class='ocrx_word' id='word_1_180' title='bbox 637 3356 743 3413; x_wconf 74' lang='grc' dir='ltr'><strong><em>ἕστατ’</em></strong></span> <span class='ocrx_word' id='word_1_181' title='bbox 765 3354 829 3412; x_wconf 74' lang='lat' dir='ltr'><strong>otei.</strong></span> <span class='ocrx_word' id='word_1_182' title='bbox 849 3353 927 3430; x_wconf 76' lang='grc' dir='ltr'><strong><em>ξενίῳ</em></strong></span> <span class='ocrx_word' id='word_1_183' title='bbox 946 3356 1102 3409; x_wconf 86' lang='lat' dir='ltr'><strong>Mommsen</strong></span> <span class='ocrx_word' id='word_1_184' title='bbox 1121 3354 1225 3410; x_wconf 85' lang='lat' dir='ltr'><strong>collato</strong></span> <span class='ocrx_word' id='word_1_185' title='bbox 1244 3356 1275 3411; x_wconf 91' lang='lat' dir='ltr'><strong>P.</strong></span> <span class='ocrx_word' id='word_1_186' title='bbox 1290 3375 1308 3408; x_wconf 85' lang='lat' dir='ltr'>x</span> <span class='ocrx_word' id='word_1_187' title='bbox 1322 3372 1355 3411; x_wconf 77' lang='grc' dir='ltr'><strong><em>ει.</em></strong></span> 
     </span>
     <span class='ocr_line' id='line_1_29' title="bbox 93 3424 1355 3503; baseline -0.002 -18"><span class='ocrx_word' id='word_1_188' title='bbox 93 3430 119 3485; x_wconf 71' lang='lat' dir='ltr'><strong>N.</strong></span> <span class='ocrx_word' id='word_1_189' title='bbox 130 3451 166 3485; x_wconf 83' lang='lat' dir='ltr'><strong>ru</strong></span> <span class='ocrx_word' id='word_1_190' title='bbox 183 3451 207 3490; x_wconf 78' lang='grc' dir='ltr'><strong>σε</strong></span> <span class='ocrx_word' id='word_1_191' title='bbox 225 3466 262 3474; x_wconf 93' lang='grc'>-</span> <span class='ocrx_word' id='word_1_192' title='bbox 280 3427 373 3503; x_wconf 80' lang='grc' dir='ltr'><strong><em>ἦλθον</em></strong></span> <span class='ocrx_word' id='word_1_193' title='bbox 386 3433 469 3503; x_wconf 75' lang='grc' dir='ltr'><strong><em>Βγα,;</em></strong></span> <span class='ocrx_word' id='word_1_194' title='bbox 489 3429 599 3498; x_wconf 80' lang='grc' dir='ltr'><strong><em>ἤλυθον</em></strong></span> <span class='ocrx_word' id='word_1_195' title='bbox 617 3430 739 3485; x_wconf 81' lang='grc' dir='ltr'><em>ΑΒΟΙ)</em></span> <span class='ocrx_word' id='word_1_196' title='bbox 753 3462 788 3469; x_wconf 95' lang='grc'>-</span> <span class='ocrx_word' id='word_1_197' title='bbox 807 3434 849 3484; x_wconf 82' lang='lat'><strong>84.</strong></span> <span class='ocrx_word' id='word_1_198' title='bbox 869 3424 1009 3498; x_wconf 89' lang='grc' dir='ltr'><strong><em>μίτραισιν</em></strong></span> <span class='ocrx_word' id='word_1_199' title='bbox 1023 3428 1050 3482; x_wconf 87' lang='lat' dir='ltr'><strong><em>A</em></strong></span> <span class='ocrx_word' id='word_1_200' title='bbox 1070 3458 1103 3467; x_wconf 88' lang='lat'>-</span> <span class='ocrx_word' id='word_1_201' title='bbox 1123 3430 1165 3482; x_wconf 84' lang='grc'><strong>86.</strong></span> <span class='ocrx_word' id='word_1_202' title='bbox 1182 3426 1310 3498; x_wconf 77' lang='grc' dir='ltr'><strong><em>ἐγένοντο</em></strong></span> <span class='ocrx_word' id='word_1_203' title='bbox 1325 3425 1355 3483; x_wconf 84' lang='grc' dir='ltr'><strong>δ’</strong></span> 
     </span>
     <span class='ocr_line' id='line_1_30' title="bbox 96 3503 713 3576; baseline -0.01 -15"><span class='ocrx_word' id='word_1_204' title='bbox 96 3503 636 3576; x_wconf 77' lang='grc' dir='ltr'><strong><em>ί)-χάρμαΑ-8’λ,τᾶδεΑ-</em></strong></span> <span class='ocrx_word' id='word_1_205' title='bbox 710 3558 713 3567; x_wconf 67' lang='grc'><strong><em>,</em></strong></span> 
     </span>
    </p>
   </div>
   <div class='ocr_carea' id='block_1_7' title="bbox 95 3642 1360 4579">
    <p class='ocr_par' dir='ltr' id='par_1_13' title="bbox 95 3642 1358 4215">
     <span class='ocr_line' id='line_1_31' title="bbox 151 3642 1357 3715; baseline -0.006 -13"><span class='ocrx_word' id='word_1_206' title='bbox 151 3654 188 3702; x_wconf 82' lang='grc' dir='ltr'><strong>λθ.</strong></span> <span class='ocrx_word' id='word_1_207' title='bbox 206 3657 259 3702; x_wconf 81' lang='grc' dir='ltr'><strong><em>τοῦ</em></strong></span> <span class='ocrx_word' id='word_1_208' title='bbox 272 3656 348 3715; x_wconf 81' lang='grc' dir='ltr'><strong><em>ταῖς,</em></strong></span> <span class='ocrx_word' id='word_1_209' title='bbox 366 3644 522 3713; x_wconf 77' lang='lat' dir='ltr'><strong>Patroclus,</strong></span> <span class='ocrx_word' id='word_1_210' title='bbox 541 3644 620 3699; x_wconf 91' lang='lat' dir='ltr'><strong>cuius</strong></span> <span class='ocrx_word' id='word_1_211' title='bbox 633 3661 736 3698; x_wconf 85' lang='lat' dir='ltr'><strong>nornen</strong></span> <span class='ocrx_word' id='word_1_212' title='bbox 749 3644 862 3697; x_wconf 88' lang='lat' dir='ltr'><strong>demum</strong></span> <span class='ocrx_word' id='word_1_213' title='bbox 881 3659 962 3697; x_wconf 88' lang='lat' dir='ltr'><strong>versu</strong></span> <span class='ocrx_word' id='word_1_214' title='bbox 977 3658 1003 3697; x_wconf 81' lang='lat' dir='ltr'><strong>rs</strong></span> <span class='ocrx_word' id='word_1_215' title='bbox 1016 3644 1206 3713; x_wconf 56' lang='lat' dir='ltr'><strong>nuncupatum</strong></span> <span class='ocrx_word' id='word_1_216' title='bbox 1228 3642 1264 3695; x_wconf 82' lang='lat' dir='ltr'><strong>ad</strong></span> <span class='ocrx_word' id='word_1_217' title='bbox 1284 3642 1357 3696; x_wconf 89' lang='lat' dir='ltr'><strong>hune</strong></span> 
     </span>
     <span class='ocr_line' id='line_1_32' title="bbox 96 3711 1357 3788; baseline -0.001 -21"><span class='ocrx_word' id='word_1_218' title='bbox 96 3721 175 3772; x_wconf 85' lang='lat' dir='ltr'><strong>autem</strong></span> <span class='ocrx_word' id='word_1_219' title='bbox 191 3718 348 3774; x_wconf 88' lang='lat' dir='ltr'><strong>orationem</strong></span> <span class='ocrx_word' id='word_1_220' title='bbox 365 3720 452 3788; x_wconf 88' lang='lat' dir='ltr'><strong>poeta</strong></span> <span class='ocrx_word' id='word_1_221' title='bbox 469 3715 647 3771; x_wconf 73' lang='lat' dir='ltr'><strong>transtulisse</strong></span> <span class='ocrx_word' id='word_1_222' title='bbox 662 3714 781 3782; x_wconf 83' lang='lat' dir='ltr'><strong>ridetur,</strong></span> <span class='ocrx_word' id='word_1_223' title='bbox 796 3714 871 3783; x_wconf 91' lang='lat' dir='ltr'><strong>quod</strong></span> <span class='ocrx_word' id='word_1_224' title='bbox 886 3714 960 3767; x_wconf 88' lang='lat' dir='ltr'><strong>inter</strong></span> <span class='ocrx_word' id='word_1_225' title='bbox 975 3713 1073 3768; x_wconf 88' lang='lat' dir='ltr'><strong>heroes</strong></span> <span class='ocrx_word' id='word_1_226' title='bbox 1088 3714 1237 3767; x_wconf 84' lang='lat' dir='ltr'>Locrorum</span> <span class='ocrx_word' id='word_1_227' title='bbox 1252 3711 1357 3783; x_wconf 81' lang='lat' dir='ltr'>insigni</span> 
     </span>
     <span class='ocr_line' id='line_1_33' title="bbox 95 3784 1357 3860; baseline -0.002 -19"><span class='ocrx_word' id='word_1_228' title='bbox 95 3785 181 3845; x_wconf 79' lang='lat' dir='ltr'>honore</span> <span class='ocrx_word' id='word_1_229' title='bbox 201 3792 354 3853; x_wconf 69' lang='lat' dir='ltr'><strong>frueretun</strong></span> <span class='ocrx_word' id='word_1_230' title='bbox 377 3791 525 3860; x_wconf 88' lang='lat' dir='ltr'><strong>praeterea</strong></span> <span class='ocrx_word' id='word_1_231' title='bbox 543 3787 638 3842; x_wconf 83' lang='lat' dir='ltr'><strong>confer</strong></span> <span class='ocrx_word' id='word_1_232' title='bbox 657 3804 730 3855; x_wconf 89' lang='lat' dir='ltr'><strong>quae</strong></span> <span class='ocrx_word' id='word_1_233' title='bbox 750 3787 787 3841; x_wconf 85' lang='lat' dir='ltr'><strong>ad</strong></span> <span class='ocrx_word' id='word_1_234' title='bbox 805 3805 831 3840; x_wconf 88' lang='lat' dir='ltr'><strong>v.</strong></span> <span class='ocrx_word' id='word_1_235' title='bbox 846 3802 873 3841; x_wconf 85' lang='lat' dir='ltr'><strong>so</strong></span> <span class='ocrx_word' id='word_1_236' title='bbox 892 3785 1090 3839; x_wconf 84' lang='lat' dir='ltr'><strong>adnotavimus</strong></span> <span class='ocrx_word' id='word_1_237' title='bbox 1114 3816 1148 3825; x_wconf 89' lang='lat'>—</span> <span class='ocrx_word' id='word_1_238' title='bbox 1174 3790 1208 3838; x_wconf 81' lang='lat'><strong>70</strong></span> <span class='ocrx_word' id='word_1_239' title='bbox 1224 3802 1258 3838; x_wconf 86' lang='lat' dir='ltr'><strong>ss.</strong></span> <span class='ocrx_word' id='word_1_240' title='bbox 1286 3784 1357 3839; x_wconf 88' lang='lat' dir='ltr'><strong>haec</strong></span> 
     </span>
     <span class='ocr_line' id='line_1_34' title="bbox 98 3854 1355 3931; baseline -0.003 -18"><span class='ocrx_word' id='word_1_241' title='bbox 98 3865 173 3915; x_wconf 80' lang='lat' dir='ltr'><strong>sunta</strong></span> <span class='ocrx_word' id='word_1_242' title='bbox 194 3865 262 3917; x_wconf 90' lang='lat' dir='ltr'><strong>sunt</strong></span> <span class='ocrx_word' id='word_1_243' title='bbox 279 3879 314 3916; x_wconf 85' lang='lat' dir='ltr'><strong>ex</strong></span> <span class='ocrx_word' id='word_1_244' title='bbox 332 3860 412 3931; x_wconf 82' lang='lat' dir='ltr'><strong>spico</strong></span> <span class='ocrx_word' id='word_1_245' title='bbox 431 3858 554 3914; x_wconf 77' lang='lat' dir='ltr'><strong>carmine</strong></span> <span class='ocrx_word' id='word_1_246' title='bbox 573 3858 749 3928; x_wconf 83' lang='lat' dir='ltr'><strong>Cypriorum,</strong></span> <span class='ocrx_word' id='word_1_247' title='bbox 772 3858 847 3912; x_wconf 87' lang='lat' dir='ltr'><strong>unde</strong></span> <span class='ocrx_word' id='word_1_248' title='bbox 865 3856 981 3911; x_wconf 89' lang='lat' dir='ltr'><strong>Proclus</strong></span> <span class='ocrx_word' id='word_1_249' title='bbox 1000 3857 1151 3926; x_wconf 79' lang='lat' dir='ltr'><strong>excerpsit:</strong></span> <span class='ocrx_word' id='word_1_250' title='bbox 1181 3855 1308 3925; x_wconf 85' lang='grc' dir='ltr'><strong><em>Τήλεφος</em></strong></span> <span class='ocrx_word' id='word_1_251' title='bbox 1327 3854 1355 3909; x_wconf 91' lang='grc' dir='ltr'><strong>δ’</strong></span> 
     </span>
     <span class='ocr_line' id='line_1_35' title="bbox 97 3926 1357 4008; baseline -0.007 -19"><span class='ocrx_word' id='word_1_252' title='bbox 97 3928 212 4001; x_wconf 54' lang='lat' dir='ltr'><strong>itioris?</strong></span> <span class='ocrx_word' id='word_1_253' title='bbox 226 3930 409 4001; x_wconf 78' lang='grc' dir='ltr'><strong><em>Θέρσανδρόν</em></strong></span> <span class='ocrx_word' id='word_1_254' title='bbox 426 3950 456 3986; x_wconf 87' lang='grc' dir='ltr'><strong>τε</strong></span> <span class='ocrx_word' id='word_1_255' title='bbox 474 3930 524 3985; x_wconf 84' lang='grc' dir='ltr'><strong><em>τὸν</em></strong></span> <span class='ocrx_word' id='word_1_256' title='bbox 539 3928 726 3993; x_wconf 83' lang='grc' dir='ltr'><strong><em>Πολυνείκους</em></strong></span> <span class='ocrx_word' id='word_1_257' title='bbox 744 3927 848 3985; x_wconf 85' lang='grc' dir='ltr'><strong><em>κτείνει</em></strong></span> <span class='ocrx_word' id='word_1_258' title='bbox 866 3929 914 3983; x_wconf 76' lang='grc' dir='ltr'><strong>καὶ</strong></span> <span class='ocrx_word' id='word_1_259' title='bbox 933 3927 1018 3992; x_wconf 76' lang='grc' dir='ltr'><strong><em>αὐτὸς</em></strong></span> <span class='ocrx_word' id='word_1_260' title='bbox 1037 3928 1092 3982; x_wconf 67' lang='lat' dir='ltr'><strong>sus</strong></span> <span class='ocrx_word' id='word_1_261' title='bbox 1109 3926 1245 4008; x_wconf 79' lang='grc' dir='ltr'><strong><em>Ἀχιλλέως</em></strong></span> <span class='ocrx_word' id='word_1_262' title='bbox 1263 3928 1357 3994; x_wconf 78' lang='grc' dir='ltr'><strong><em>τιτρόι·</em></strong></span> 
     </span>
     <span class='ocr_line' id='line_1_36' title="bbox 96 3998 1358 4073; baseline -0.003 -18"><span class='ocrx_word' id='word_1_263' title='bbox 96 4016 174 4057; x_wconf 72' lang='lat' dir='ltr'><strong>osam</strong></span> <span class='ocrx_word' id='word_1_264' title='bbox 190 4038 222 4046; x_wconf 89' lang='lat'><em>-</em></span> <span class='ocrx_word' id='word_1_265' title='bbox 243 4010 285 4059; x_wconf 77' lang='lat'><strong>78.</strong></span> <span class='ocrx_word' id='word_1_266' title='bbox 306 4002 453 4073; x_wconf 82' lang='grc' dir='ltr'><strong><em>σφετέρας·</em></strong></span> <span class='ocrx_word' id='word_1_267' title='bbox 474 4002 527 4056; x_wconf 92' lang='lat' dir='ltr'><strong>hoo</strong></span> <span class='ocrx_word' id='word_1_268' title='bbox 543 4019 696 4072; x_wconf 87' lang='lat' dir='ltr'><strong>pronomen</strong></span> <span class='ocrx_word' id='word_1_269' title='bbox 711 4019 775 4055; x_wconf 89' lang='lat' dir='ltr'><strong>cum</strong></span> <span class='ocrx_word' id='word_1_270' title='bbox 790 4000 827 4055; x_wconf 86' lang='lat' dir='ltr'><strong>ab</strong></span> <span class='ocrx_word' id='word_1_271' title='bbox 840 4001 961 4055; x_wconf 86' lang='lat' dir='ltr'><strong>Homero</strong></span> <span class='ocrx_word' id='word_1_272' title='bbox 977 4002 1006 4053; x_wconf 92' lang='lat' dir='ltr'><strong>et</strong></span> <span class='ocrx_word' id='word_1_273' title='bbox 1020 3999 1202 4068; x_wconf 85' lang='lat' dir='ltr'><strong>scriptorrbur</strong></span> <span class='ocrx_word' id='word_1_274' title='bbox 1221 3998 1358 4069; x_wconf 72' lang='lat' dir='ltr'><strong>prosaicis</strong></span> 
     </span>
     <span class='ocr_line' id='line_1_37' title="bbox 98 4070 1356 4146; baseline 0 -21"><span class='ocrx_word' id='word_1_275' title='bbox 98 4087 186 4144; x_wconf 83' lang='lat' dir='ltr'><strong>semper</strong></span> <span class='ocrx_word' id='word_1_276' title='bbox 199 4076 237 4130; x_wconf 89' lang='lat' dir='ltr'><strong>ad</strong></span> <span class='ocrx_word' id='word_1_277' title='bbox 250 4075 346 4146; x_wconf 87' lang='lat' dir='ltr'><strong>plures</strong></span> <span class='ocrx_word' id='word_1_278' title='bbox 360 4074 505 4142; x_wconf 84' lang='lat' dir='ltr'><strong>referatur,</strong></span> <span class='ocrx_word' id='word_1_279' title='bbox 521 4090 539 4127; x_wconf 91' lang='lat' dir='ltr'><strong>a</strong></span> <span class='ocrx_word' id='word_1_280' title='bbox 552 4072 674 4127; x_wconf 81' lang='lat' dir='ltr'><strong>Pindaro</strong></span> <span class='ocrx_word' id='word_1_281' title='bbox 690 4076 719 4127; x_wconf 89' lang='lat' dir='ltr'><strong>et</strong></span> <span class='ocrx_word' id='word_1_282' title='bbox 733 4073 770 4127; x_wconf 89' lang='lat' dir='ltr'><strong>ad</strong></span> <span class='ocrx_word' id='word_1_283' title='bbox 785 4071 910 4142; x_wconf 81' lang='lat' dir='ltr'><strong>singulos</strong></span> <span class='ocrx_word' id='word_1_284' title='bbox 926 4074 968 4140; x_wconf 88' lang='lat' dir='ltr'><strong>(ut</strong></span> <span class='ocrx_word' id='word_1_285' title='bbox 982 4070 1028 4125; x_wconf 89' lang='lat' dir='ltr'><strong>hic</strong></span> <span class='ocrx_word' id='word_1_286' title='bbox 1043 4072 1072 4125; x_wconf 89' lang='lat' dir='ltr'><strong>et</strong></span> <span class='ocrx_word' id='word_1_287' title='bbox 1086 4070 1117 4125; x_wconf 91' lang='lat'><strong>0.</strong></span> <span class='ocrx_word' id='word_1_288' title='bbox 1132 4089 1181 4123; x_wconf 86' lang='lat' dir='ltr'><strong>xm</strong></span> <span class='ocrx_word' id='word_1_289' title='bbox 1196 4086 1229 4125; x_wconf 83' lang='lat' dir='ltr'><strong>er.</strong></span> <span class='ocrx_word' id='word_1_290' title='bbox 1245 4070 1274 4125; x_wconf 92' lang='lat' dir='ltr'><strong>P.</strong></span> <span class='ocrx_word' id='word_1_291' title='bbox 1285 4089 1313 4123; x_wconf 77' lang='grc' dir='ltr'><strong>ιτ</strong></span> <span class='ocrx_word' id='word_1_292' title='bbox 1323 4086 1356 4125; x_wconf 85' lang='lat' dir='ltr'><strong>ss.</strong></span> 
     </span>
     <span class='ocr_line' id='line_1_38' title="bbox 97 4140 730 4215; baseline 0 -18"><span class='ocrx_word' id='word_1_293' title='bbox 97 4140 111 4193; x_wconf 87' lang='lat' dir='ltr'><strong>l.</strong></span> <span class='ocrx_word' id='word_1_294' title='bbox 124 4162 146 4197; x_wconf 80' lang='lat' dir='ltr'><strong>rr</strong></span> <span class='ocrx_word' id='word_1_295' title='bbox 157 4164 187 4202; x_wconf 82' lang='lat' dir='ltr'><strong>u.</strong></span> <span class='ocrx_word' id='word_1_296' title='bbox 206 4166 255 4200; x_wconf 83' lang='lat' dir='ltr'><strong>rm</strong></span> <span class='ocrx_word' id='word_1_297' title='bbox 268 4148 307 4215; x_wconf 81' lang='lat' dir='ltr'><strong>ss)</strong></span> <span class='ocrx_word' id='word_1_298' title='bbox 324 4149 354 4200; x_wconf 87' lang='lat' dir='ltr'><strong>st</strong></span> <span class='ocrx_word' id='word_1_299' title='bbox 372 4146 408 4200; x_wconf 88' lang='lat' dir='ltr'><strong>ad</strong></span> <span class='ocrx_word' id='word_1_300' title='bbox 426 4145 521 4215; x_wconf 88' lang='lat' dir='ltr'><strong>plures</strong></span> <span class='ocrx_word' id='word_1_301' title='bbox 539 4145 661 4198; x_wconf 89' lang='lat' dir='ltr'><strong>relatum</strong></span> <span class='ocrx_word' id='word_1_302' title='bbox 680 4147 730 4199; x_wconf 88' lang='lat' dir='ltr'><strong>est.</strong></span> 
     </span>
    </p>

    <p class='ocr_par' dir='ltr' id='par_1_14' title="bbox 99 4211 1360 4579">
     <span class='ocr_line' id='line_1_39' title="bbox 153 4211 1358 4288; baseline -0.006 -16"><span class='ocrx_word' id='word_1_303' title='bbox 153 4223 190 4272; x_wconf 84' lang='lat'><strong>80.</strong></span> <span class='ocrx_word' id='word_1_304' title='bbox 208 4234 283 4272; x_wconf 83' lang='lat' dir='ltr'><strong>noro</strong></span> <span class='ocrx_word' id='word_1_305' title='bbox 296 4216 439 4288; x_wconf 87' lang='lat' dir='ltr'><strong>prooemio</strong></span> <span class='ocrx_word' id='word_1_306' title='bbox 453 4214 484 4270; x_wconf 91' lang='lat' dir='ltr'><strong>in</strong></span> <span class='ocrx_word' id='word_1_307' title='bbox 496 4232 572 4270; x_wconf 83' lang='lat' dir='ltr'><strong>nova</strong></span> <span class='ocrx_word' id='word_1_308' title='bbox 585 4218 666 4286; x_wconf 89' lang='lat' dir='ltr'><strong>parte</strong></span> <span class='ocrx_word' id='word_1_309' title='bbox 681 4215 812 4270; x_wconf 87' lang='lat' dir='ltr'><strong>carminis</strong></span> <span class='ocrx_word' id='word_1_310' title='bbox 830 4217 916 4286; x_wconf 89' lang='lat' dir='ltr'><strong>poeta</strong></span> <span class='ocrx_word' id='word_1_311' title='bbox 935 4213 1032 4281; x_wconf 77' lang='lat' dir='ltr'><strong>utitur,</strong></span> <span class='ocrx_word' id='word_1_312' title='bbox 1052 4215 1085 4266; x_wconf 88' lang='lat' dir='ltr'><strong>ut</strong></span> <span class='ocrx_word' id='word_1_313' title='bbox 1102 4211 1133 4265; x_wconf 91' lang='grc' dir='ltr'><strong>Ο.</strong></span> <span class='ocrx_word' id='word_1_314' title='bbox 1149 4218 1234 4266; x_wconf 74' lang='lat' dir='ltr'>v18‘2.</span> <span class='ocrx_word' id='word_1_315' title='bbox 1253 4212 1283 4266; x_wconf 89' lang='lat' dir='ltr'><strong>P.</strong></span> <span class='ocrx_word' id='word_1_316' title='bbox 1299 4230 1309 4265; x_wconf 89' lang='lat'>1</span> <span class='ocrx_word' id='word_1_317' title='bbox 1323 4228 1358 4267; x_wconf 77' lang='grc' dir='ltr'><strong>τε.</strong></span> 
     </span>
     <span class='ocr_line' id='line_1_40' title="bbox 99 4282 1360 4370; baseline -0.003 -30"><span class='ocrx_word' id='word_1_318' title='bbox 99 4302 158 4368; x_wconf 56' lang='lat' dir='ltr'><strong>usoj</strong></span> <span class='ocrx_word' id='word_1_319' title='bbox 170 4289 322 4343; x_wconf 84' lang='lat' dir='ltr'><strong>transitum</strong></span> <span class='ocrx_word' id='word_1_320' title='bbox 336 4291 430 4343; x_wconf 86' lang='lat' dir='ltr'><strong>autem</strong></span> <span class='ocrx_word' id='word_1_321' title='bbox 443 4286 548 4342; x_wconf 86' lang='lat' dir='ltr'><strong>eximia</strong></span> <span class='ocrx_word' id='word_1_322' title='bbox 557 4290 619 4341; x_wconf 86' lang='lat' dir='ltr'><strong>arte</strong></span> <span class='ocrx_word' id='word_1_323' title='bbox 633 4286 676 4341; x_wconf 89' lang='lat' dir='ltr'><strong>ita</strong></span> <span class='ocrx_word' id='word_1_324' title='bbox 688 4287 744 4341; x_wconf 86' lang='lat' dir='ltr'><strong>sibi</strong></span> <span class='ocrx_word' id='word_1_325' title='bbox 758 4286 878 4370; x_wconf 73' lang='lat' dir='ltr'><strong>paravit,</strong></span> <span class='ocrx_word' id='word_1_326' title='bbox 889 4289 922 4340; x_wconf 88' lang='lat' dir='ltr'><strong>ut</strong></span> <span class='ocrx_word' id='word_1_327' title='bbox 935 4285 965 4339; x_wconf 92' lang='lat' dir='ltr'><strong>iu</strong></span> <span class='ocrx_word' id='word_1_328' title='bbox 978 4285 1032 4338; x_wconf 89' lang='lat' dir='ltr'><strong>fine</strong></span> <span class='ocrx_word' id='word_1_329' title='bbox 1047 4282 1189 4352; x_wconf 80' lang='lat' dir='ltr'><strong>mythicae</strong></span> <span class='ocrx_word' id='word_1_330' title='bbox 1204 4282 1294 4353; x_wconf 86' lang='lat' dir='ltr'><strong>partis</strong></span> <span class='ocrx_word' id='word_1_331' title='bbox 1307 4300 1360 4353; x_wconf 87' lang='lat' dir='ltr'><strong>par</strong></span> 
     </span>
     <span class='ocr_line' id='line_1_41' title="bbox 100 4353 1360 4428; baseline -0.002 -18"><span class='ocrx_word' id='word_1_332' title='bbox 100 4353 195 4413; x_wconf 81' lang='lat' dir='ltr'><strong>fortium</strong></span> <span class='ocrx_word' id='word_1_333' title='bbox 213 4359 380 4427; x_wconf 86' lang='lat' dir='ltr'><strong>amicorum,</strong></span> <span class='ocrx_word' id='word_1_334' title='bbox 398 4358 540 4414; x_wconf 81' lang='lat' dir='ltr'><strong>Pactrocli</strong></span> <span class='ocrx_word' id='word_1_335' title='bbox 559 4361 588 4413; x_wconf 92' lang='lat' dir='ltr'><strong>et</strong></span> <span class='ocrx_word' id='word_1_336' title='bbox 604 4358 737 4428; x_wconf 80' lang='lat' dir='ltr'><strong>Achillis,</strong></span> <span class='ocrx_word' id='word_1_337' title='bbox 756 4377 787 4412; x_wconf 89' lang='lat' dir='ltr'><strong>m</strong></span> <span class='ocrx_word' id='word_1_338' title='bbox 805 4358 889 4412; x_wconf 90' lang='lat' dir='ltr'><strong>initio</strong></span> <span class='ocrx_word' id='word_1_339' title='bbox 908 4355 1011 4411; x_wconf 86' lang='lat' dir='ltr'><strong>tertiae</strong></span> <span class='ocrx_word' id='word_1_340' title='bbox 1030 4354 1161 4409; x_wconf 86' lang='lat' dir='ltr'><strong>carminis</strong></span> <span class='ocrx_word' id='word_1_341' title='bbox 1179 4354 1283 4425; x_wconf 87' lang='lat' dir='ltr'><strong>partis,</strong></span> <span class='ocrx_word' id='word_1_342' title='bbox 1303 4371 1360 4423; x_wconf 86' lang='lat' dir='ltr'><strong>qua</strong></span> 
     </span>
     <span class='ocr_line' id='line_1_42' title="bbox 101 4426 1359 4500; baseline -0.002 -18"><span class='ocrx_word' id='word_1_343' title='bbox 101 4427 128 4479; x_wconf 77' lang='lat' dir='ltr'><strong>sd</strong></span> <span class='ocrx_word' id='word_1_344' title='bbox 145 4429 238 4486; x_wconf 87' lang='lat' dir='ltr'><strong>laudes</strong></span> <span class='ocrx_word' id='word_1_345' title='bbox 281 4430 453 4486; x_wconf 82' lang='lat' dir='ltr'><strong>ressontium</strong></span> <span class='ocrx_word' id='word_1_346' title='bbox 475 4430 614 4485; x_wconf 85' lang='lat' dir='ltr'><strong>victorum</strong></span> <span class='ocrx_word' id='word_1_347' title='bbox 637 4430 751 4496; x_wconf 81' lang='lat' dir='ltr'><strong>transit,</strong></span> <span class='ocrx_word' id='word_1_348' title='bbox 771 4447 824 4500; x_wconf 90' lang='lat' dir='ltr'><strong>par</strong></span> <span class='ocrx_word' id='word_1_349' title='bbox 842 4432 1019 4484; x_wconf 88' lang='lat' dir='ltr'><strong>strenuorum</strong></span> <span class='ocrx_word' id='word_1_350' title='bbox 1037 4426 1208 4481; x_wconf 88' lang='lat' dir='ltr'><strong>luctatorum</strong></span> <span class='ocrx_word' id='word_1_351' title='bbox 1226 4426 1295 4480; x_wconf 87' lang='lat' dir='ltr'><strong>Lam</strong></span> <span class='ocrx_word' id='word_1_352' title='bbox 1316 4443 1359 4480; x_wconf 90' lang='lat' dir='ltr'><strong>ro-</strong></span> 
     </span>
     <span class='ocr_line' id='line_1_43' title="bbox 100 4444 1359 4579; baseline -0.002 -26"><span class='ocrx_word' id='word_1_353' title='bbox 100 4502 173 4556; x_wconf 84' lang='lat' dir='ltr'><strong>nachi</strong></span> <span class='ocrx_word' id='word_1_354' title='bbox 196 4506 226 4558; x_wconf 89' lang='lat' dir='ltr'><strong>et</strong></span> <span class='ocrx_word' id='word_1_355' title='bbox 277 4503 433 4573; x_wconf 88' lang='lat' dir='ltr'><strong>pharmosti</strong></span> <span class='ocrx_word' id='word_1_356' title='bbox 457 4503 575 4573; x_wconf 88' lang='lat' dir='ltr'><strong>poneret</strong></span> <span class='ocrx_word' id='word_1_357' title='bbox 600 4533 633 4543; x_wconf 86' lang='lat'>—</span> <span class='ocrx_word' id='word_1_358' title='bbox 660 4506 703 4555; x_wconf 80' lang='grc'><strong>84.</strong></span> <span class='ocrx_word' id='word_1_359' title='bbox 729 4499 956 4571; x_wconf 83' lang='grc' dir='ltr'><strong><em>Λαμπρομάχου·</em></strong></span> <span class='ocrx_word' id='word_1_360' title='bbox 977 4496 1059 4552; x_wconf 87' lang='lat' dir='ltr'><strong>amici</strong></span> <span class='ocrx_word' id='word_1_361' title='bbox 1078 4501 1107 4551; x_wconf 89' lang='lat' dir='ltr'><strong>et</strong></span> <span class='ocrx_word' id='word_1_362' title='bbox 1126 4495 1232 4551; x_wconf 85' lang='lat' dir='ltr'><strong>sodalis</strong></span> <span class='ocrx_word' id='word_1_363' title='bbox 1252 4444 1359 4579; x_wconf 67' lang='grc' dir='ltr'><strong><em>ῌρδαε-</em></strong></span> 
     </span>
    </p>
   </div>
   <div class='ocr_carea' id='block_1_8' title="bbox 37 4568 1359 4645">
    <p class='ocr_par' dir='ltr' id='par_1_15' title="bbox 37 4568 1359 4645">
     <span class='ocr_line' id='line_1_44' title="bbox 37 4568 1359 4645; baseline -0.003 -19"><span class='ocrx_word' id='word_1_364' title='bbox 37 4613 38 4638; x_wconf 54' lang='lat'>3</span> <span class='ocrx_word' id='word_1_365' title='bbox 99 4573 165 4627; x_wconf 82' lang='lat' dir='ltr'><strong>uasti</strong></span> <span class='ocrx_word' id='word_1_366' title='bbox 179 4608 211 4615; x_wconf 86' lang='lat'>-</span> <span class='ocrx_word' id='word_1_367' title='bbox 225 4576 349 4645; x_wconf 83' lang='grc' dir='ltr'><strong><em>μίτραις·</em></strong></span> <span class='ocrx_word' id='word_1_368' title='bbox 368 4577 485 4645; x_wconf 84' lang='lat' dir='ltr'><strong>partam,</strong></span> <span class='ocrx_word' id='word_1_369' title='bbox 499 4573 597 4627; x_wconf 82' lang='lat' dir='ltr'><strong>laneas</strong></span> <span class='ocrx_word' id='word_1_370' title='bbox 611 4572 731 4642; x_wconf 85' lang='lat' dir='ltr'><strong>taenias,</strong></span> <span class='ocrx_word' id='word_1_371' title='bbox 746 4590 796 4644; x_wconf 89' lang='lat' dir='ltr'><strong>pro</strong></span> <span class='ocrx_word' id='word_1_372' title='bbox 810 4575 881 4640; x_wconf 78' lang='lat' dir='ltr'><strong>toto,</strong></span> <span class='ocrx_word' id='word_1_373' title='bbox 901 4587 1004 4625; x_wconf 87' lang='lat' dir='ltr'><strong>corona</strong></span> <span class='ocrx_word' id='word_1_374' title='bbox 1018 4568 1108 4624; x_wconf 85' lang='lat' dir='ltr'><strong>laneis</strong></span> <span class='ocrx_word' id='word_1_375' title='bbox 1122 4568 1226 4623; x_wconf 91' lang='lat' dir='ltr'><strong>taeniis</strong></span> <span class='ocrx_word' id='word_1_376' title='bbox 1241 4586 1359 4623; x_wconf 81' lang='lat' dir='ltr'><strong>circum-</strong></span> 
     </span>
    </p>
   </div>
   <div class='ocr_carea' id='block_1_9' title="bbox 102 4639 1360 4721">
    <p class='ocr_par' dir='ltr' id='par_1_16' title="bbox 102 4639 1360 4721">
     <span class='ocr_line' id='line_1_45' title="bbox 102 4639 1360 4721; baseline -0.001 -25"><span class='ocrx_word' id='word_1_377' title='bbox 102 4642 185 4721; x_wconf 59' lang='lat' dir='ltr'><strong>voluta</strong></span> <span class='ocrx_word' id='word_1_378' title='bbox 204 4644 303 4716; x_wconf 91' lang='lat' dir='ltr'><strong>posuit</strong></span> <span class='ocrx_word' id='word_1_379' title='bbox 316 4676 351 4685; x_wconf 91' lang='lat'>—</span> <span class='ocrx_word' id='word_1_380' title='bbox 364 4644 529 4716; x_wconf 73' lang='grc' dir='ltr'><strong><em>ἀμφότεροι·</em></strong></span> <span class='ocrx_word' id='word_1_381' title='bbox 550 4644 787 4714; x_wconf 86' lang='lat' dir='ltr'><strong>Lampromachus</strong></span> <span class='ocrx_word' id='word_1_382' title='bbox 806 4648 836 4698; x_wconf 89' lang='lat' dir='ltr'><strong>et</strong></span> <span class='ocrx_word' id='word_1_383' title='bbox 854 4642 1064 4713; x_wconf 81' lang='lat' dir='ltr'><strong>Ephannostus,</strong></span> <span class='ocrx_word' id='word_1_384' title='bbox 1084 4639 1133 4709; x_wconf 92' lang='lat' dir='ltr'><strong>qui</strong></span> <span class='ocrx_word' id='word_1_385' title='bbox 1153 4640 1177 4693; x_wconf 89' lang='lat' dir='ltr'><strong>si</strong></span> <span class='ocrx_word' id='word_1_386' title='bbox 1196 4640 1295 4695; x_wconf 88' lang='lat' dir='ltr'><strong>eodem</strong></span> <span class='ocrx_word' id='word_1_387' title='bbox 1312 4640 1360 4695; x_wconf 88' lang='lat' dir='ltr'><strong>dio</strong></span> 
     </span>
    </p>
   </div>
   <div class='ocr_carea' id='block_1_10' title="bbox 37 4709 1358 4786">
    <p class='ocr_par' dir='ltr' id='par_1_17' title="bbox 37 4709 1358 4786">
     <span class='ocr_line' id='line_1_46' title="bbox 37 4709 1358 4786; baseline -0.001 -18"><span class='ocrx_word' id='word_1_388' title='bbox 37 4731 38 4736; x_wconf 49' lang='lat'>¹</span> <span class='ocrx_word' id='word_1_389' title='bbox 102 4721 215 4785; x_wconf 73' lang='lat' dir='ltr'><strong>vicerunt,</strong></span> <span class='ocrx_word' id='word_1_390' title='bbox 234 4717 348 4771; x_wconf 87' lang='lat' dir='ltr'><strong>diversa</strong></span> <span class='ocrx_word' id='word_1_391' title='bbox 365 4734 468 4786; x_wconf 81' lang='lat' dir='ltr'><strong>genera</strong></span> <span class='ocrx_word' id='word_1_392' title='bbox 486 4716 672 4771; x_wconf 86' lang='lat' dir='ltr'><strong>certaminum</strong></span> <span class='ocrx_word' id='word_1_393' title='bbox 690 4716 821 4771; x_wconf 87' lang='lat' dir='ltr'><strong>obierunt</strong></span> <span class='ocrx_word' id='word_1_394' title='bbox 839 4747 875 4756; x_wconf 93' lang='lat'><em>-</em></span> <span class='ocrx_word' id='word_1_395' title='bbox 893 4720 936 4769; x_wconf 82' lang='grc'><strong>87.</strong></span> <span class='ocrx_word' id='word_1_396' title='bbox 956 4710 1068 4781; x_wconf 75' lang='grc' dir='ltr'><strong><em>Νεμέας</em></strong></span> <span class='ocrx_word' id='word_1_397' title='bbox 1085 4757 1089 4767; x_wconf 96' lang='grc'><strong><em>.</em></strong></span> <span class='ocrx_word' id='word_1_398' title='bbox 1107 4754 1111 4765; x_wconf 96' lang='grc'><strong><em>.</em></strong></span> <span class='ocrx_word' id='word_1_399' title='bbox 1129 4712 1223 4767; x_wconf 83' lang='grc' dir='ltr'><strong><em>,κατὰ</em></strong></span> <span class='ocrx_word' id='word_1_400' title='bbox 1241 4709 1358 4779; x_wconf 88' lang='grc' dir='ltr'><strong><em>κόλπον;</em></strong></span> 
     </span>
    </p>
   </div>
   <div class='ocr_carea' id='block_1_11' title="bbox 103 4780 1359 4856">
    <p class='ocr_par' dir='ltr' id='par_1_18' title="bbox 103 4780 1359 4856">
     <span class='ocr_line' id='line_1_47' title="bbox 103 4780 1359 4856; baseline -0.001 -18"><span class='ocrx_word' id='word_1_401' title='bbox 103 4780 203 4844; x_wconf 80' lang='lat' dir='ltr'><strong>insulis</strong></span> <span class='ocrx_word' id='word_1_402' title='bbox 221 4788 377 4856; x_wconf 76' lang='lat' dir='ltr'><strong>Nemeaea3</strong></span> <span class='ocrx_word' id='word_1_403' title='bbox 397 4784 720 4843; x_wconf 60' lang='lat' dir='ltr'><strong>ammirationem</strong></span> <span class='ocrx_word' id='word_1_404' title='bbox 739 4786 829 4851; x_wconf 83' lang='grc' dir='ltr'><strong><em>Πίσας</em></strong></span> <span class='ocrx_word' id='word_1_405' title='bbox 852 4820 885 4829; x_wconf 86' lang='grc'>-</span> <span class='ocrx_word' id='word_1_406' title='bbox 910 4788 952 4841; x_wconf 83' lang='lat'><strong>88.</strong></span> <span class='ocrx_word' id='word_1_407' title='bbox 977 4786 1063 4848; x_wconf 81' lang='grc' dir='ltr'><strong><em>κῦδος</em></strong></span> <span class='ocrx_word' id='word_1_408' title='bbox 1081 4785 1207 4853; x_wconf 81' lang='grc' dir='ltr'><strong><em>ἀνδρῶν,</em></strong></span> <span class='ocrx_word' id='word_1_409' title='bbox 1230 4792 1297 4849; x_wconf 83' lang='grc' dir='ltr'><strong><em>παῖς</em></strong></span> <span class='ocrx_word' id='word_1_410' title='bbox 1316 4784 1359 4837; x_wconf 82' lang='grc' dir='ltr'><strong>δέ·</strong></span> 
     </span>
    </p>
   </div>
   <div class='ocr_carea' id='block_1_12' title="bbox 0 0 1742 5434">
    <p class='ocr_par' dir='ltr' id='par_1_19' title="bbox 0 0 1742 5434">
     <span class='ocr_line' id='line_1_48' title="bbox 0 0 1742 5434; baseline 0 0"><span class='ocrx_word' id='word_1_411' title='bbox 0 0 1742 5434; x_wconf 95' lang='lat' dir='ltr'><strong> </strong></span> 
     </span>
    </p>
   </div>
  </div>
 </body>
</html>
