3417 5434
562 351 609 402 IV.
637 349 686 400 DE
705 349 789 401 vm
807 349 964 402 PINDARI.
1206 293 1216 314 ι
1335 347 1409 402 ovn

117 509 324 599 πυθομένῳ,
353 512 409 576 διδ
436 515 471 576 τί
495 511 577 596 μέλη
605 511 746 597 γράφων
769 510 864 599 ᾅδειν
887 512 947 577 οὐκ
971 510 1154 594 ἐπίσταται,
1181 509 1246 576 καὶ
1273 513 1344 595 γάρ
1373 513 1413 576 οί

116 616 403 702 ναυπηγοὶέφη
417 595 588 702 πηδάλια
606 629 815 696 ποιοῦντες
833 623 1031 703 κυβερνᾶν
1050 618 1281 685 ούκολδασι.
1312 628 1410 684 τοῦτο
1459 687 1467 699 .

118 724 159 790 δέ
190 747 269 803 πως
299 724 452 811 παρέοικε
483 727 566 813 πρὸς
593 727 630 792 τὸ
659 725 869 812 ἐρωτηθῆναι
895 724 956 810 μέν
982 749 1057 790 τινα
1085 728 1263 810 σοφιστήν,
1296 726 1352 790 διὰ
1378 729 1414 790 τί

119 834 332 919 δημηγορεῖν
363 835 485 910 ἄλλους
517 834 600 919 πρὸς
631 835 731 917 όχλον
764 833 932 898 διδάσκων
961 833 1062 909 αὐτὸς
1088 832 1129 897 ού
1157 833 1297 897 δύναται
1324 832 1410 897 οὕτω

118 952 250 1021 ποιεῖν;
275 939 403 1006 ἐκεῖνον
426 935 464 1005 δὲ
486 939 650 1025 εὐστόχως
668 942 782 1024 εἰπεῖν,
806 941 851 1018 ὡς
874 938 937 1005 καί
955 938 976 1023 ἡ
996 940 1116 1023 ἀκόνη
1139 938 1334 1018 ὀξύνουσα
1356 941 1446 1016 είςσ

119 1049 250 1132 τομὴν
274 1049 319 1114 τά
342 1047 519 1132 σιδήρια,
542 1047 643 1131 ὅμως
665 1048 761 1131 αὐτῆ
784 1046 942 1132 τέμνειν
964 1047 1009 1113 ού
1028 1049 1205 1113 δύναται.
1246 1047 1297 1113 ὅτι
1316 1043 1352 1112 δὲ
1371 1047 1412 1112 οὐ

120 1151 235 1232 δεξιὸς
259 1148 302 1237 ἦν
324 1155 424 1231 αὐτὸς
447 1152 542 1240 ᾅδειν
565 1154 582 1220 ὁ
607 1155 789 1240 Πίνδαρος,
812 1153 885 1220 ἀλλ’
904 1153 1071 1239 ύποβολέα
1093 1146 1167 1220 οἷον
1190 1149 1278 1239 εἶχεν
1300 1152 1412 1240 ἕτερον

120 1271 183 1326 τοῦ
213 1262 372 1328 τοιούτου
400 1263 515 1348 ἔργον,
543 1261 683 1344 δηλώσει
713 1260 749 1328 έν
776 1255 826 1338 οἷς
853 1263 1014 1346 μνήσεταί
1037 1285 1130 1340 τινος
1152 1265 1292 1329 Αἰνείου
1316 1285 1412 1347 χορο-

121 1369 263 1452 στάτου,
286 1368 327 1434 δν
349 1366 404 1434 καὶ
428 1369 521 1434 δοκεῖ
541 1373 653 1452 φιλεῖν
676 1359 730 1434 οἷα
754 1367 995 1453 ἐπικοσμοῦντα
1013 1371 1118 1457 οἰκείᾳ
1135 1367 1233 1455 τέχνη
1251 1370 1310 1446 τάς
1328 1374 1412 1434 Πιν·

123 1479 270 1563 δαριιαὶς
292 1475 382 1564 ᾠδάς
405 1475 450 1552 ὡς
472 1486 658 1561 κορυφαῖον
681 1484 784 1562 χοροῦ
808 1477 953 1560 άριστου.
1431 1492 1464 1542 10

217 1585 251 1650 εί
280 1579 317 1648 δὲ
343 1584 426 1647 κατὰ
453 1585 532 1659 τοὺς
557 1584 719 1660 παλαιοὺς
747 1585 919 1670 Πίνδαρος
946 1585 1009 1668 ἔφη
1036 1586 1116 1660 τοὺς
1142 1590 1412 1668 φιλοσοφοῦντας

125 1691 245 1776 ἀτελῆ
269 1694 413 1776 σοφίας
437 1689 598 1776 δρέπειν
620 1693 785 1776 καρπόν,
810 1689 893 1756 ἀλλὰ
915 1693 1015 1756 τοῦτό
1037 1715 1074 1774 γε
1098 1692 1145 1768 είς
1166 1694 1274 1774 ψόγον
1297 1689 1340 1756 ἂν
1358 1691 1411 1776 ἐμ

124 1802 257 1884 πίπτοι,
290 1798 404 1876 ὁποῖος
434 1797 490 1864 καὶ
521 1807 567 1886 τῷ
594 1807 727 1886 κωμικῷ
754 1797 1023 1885 προστέτριπται,
1056 1798 1092 1876 ός
1117 1821 1184 1864 που
1211 1800 1290 1875 τοὺς
1316 1802 1412 1883 φιλο-

127 1909 258 1990 σόφους
282 1905 339 1970 διά
361 1907 399 1971 τὸ
423 1905 637 1992 ἀπράγμονας
659 1901 745 1972 εἶναι
768 1907 911 1972 σκώπτει
933 1905 978 1982 ὡς
1001 1905 1132 1991 ἀργούς.

216 2014 384 2098 ποιήματα
408 2009 444 2077 δὲ
467 2014 574 2078 πολλὰ
597 2014 722 2098 γράψαι
746 2013 919 2098 Πίνδαρος
942 2011 1080 2096 λέγεται,
1104 2007 1151 2078 ὧν
1173 2011 1230 2078 καί
1252 2011 1413 2098 φέρονται
1433 2028 1465 2077 1ο

127 2120 188 2186 οὐκ
221 2119 334 2203 ὀλίγα,
366 2119 408 2185 ού
439 2121 506 2205 μὴν
538 2121 588 2206 τά,
605 2121 713 2186 πάντα
740 2117 1061 2205 ύπεμνηματισμένα.
1111 2118 1174 2186 είσί
1202 2117 1239 2184 δέ
1267 2129 1414 2204 παιᾶνες,

128 2229 352 2314 διθύραμβοι,
379 2227 557 2311 προσόδια,
584 2226 765 2314 παρθένια,
793 2228 833 2292 τά
860 2225 917 2294 καί
944 2227 1028 2292 αὐτά
1053 2226 1326 2312 μνημονευθέντα
1349 2228 1413 2313 πρὸ

127 2335 291 2421 βραχέων,
313 2335 541 2420 ὑπορχήματα,
565 2333 718 2420 ἐγκώμια,
742 2341 866 2422 θρῆνοι
883 2332 939 2400 καὶ
958 2333 1123 2418 ἐπινίκιοι,
1145 2336 1228 2400 κατὰ
1246 2337 1308 2419 την
1327 2337 1413 2400 ίστο-

127 2447 205 2526 ρίαν
233 2441 312 2508 ὡσεί
340 2437 609 2528 τετρακισχίλιοι,
637 2442 697 2519 οὓς
723 2441 778 2508 καὶ
807 2441 976 2519 ἐπινίκους
1001 2441 1272 2526 τετρασυλλάβως
1299 2445 1414 2528 φασίν,

128 2553 163 2614 οἳ
183 2549 240 2616 καὶ
263 2549 478 2634 περιάγονται
501 2550 644 2634 μάλιστα
667 2550 723 2614 διὰ
747 2550 783 2616 τὸ
808 2549 1094 2636 άνθρωπικότεροι
1117 2544 1282 2615 εἶναικαὶ
1305 2549 1413 2632 ὀλιγό-
1432 2566 1467 2617 ευ

129 2665 234 2743 μνθοι
262 2656 316 2722 καλ
345 2653 429 2742 μηδὲ
457 2657 546 2723 πάνυ
574 2660 662 2741 ἔχειν
688 2656 827 2742 ἀσαφῶς
853 2655 937 2721 κατά
964 2680 1000 2739 γε
1028 2657 1068 2722 τά
1094 2658 1188 2723 ὀλλα.
1238 2658 1269 2722 εί
1295 2652 1332 2721 δὲ
1359 2654 1414 2721 καὶ

129 2765 227 2849 ύμνοι
255 2763 409 2848 λέγονται
436 2766 472 2830 oc
496 2765 606 2847 αύτοί,
634 2765 715 2828 ἄλλο
744 2763 824 2828 αὐτὸ
850 2765 1086 2850 παραχρήσεως
1109 2757 1198 2840 εἶδος
1221 2761 1304 2845 ἐστί,
1332 2760 1412 2828 καθ’

130 2869 248 2955 ἦνκαὶ
271 2873 309 2936 τὸ
333 2870 513 2955 ὑμνεῖσθαι
537 2869 803 2956 άντιφραστικῶς
825 2890 891 2936 που
916 2868 969 2936 ἐπὶ
991 2872 1100 2953 φόγου
1124 2867 1233 2954 ἐτέθη,
1256 2869 1301 2948 ὡς
1320 2872 1418 2953 δηλοῖ

131 2977 182 3044 καί
205 2981 257 3044 τό·
277 2976 449 3063 Ὑμνεῖθ’
469 2976 531 3044 ὑπ’
553 2977 683 3044 ἀστῶν
706 2980 912 3064 φροιμίοις
934 2980 1214 3064 πολυρρόθοις.

216 3087 323 3170 δῆλον
350 3081 387 3150 δὲ
414 3085 460 3162 ὡς
487 3087 525 3151 αί
552 3084 706 3150 έπινίκιοι
734 3081 819 3172 ᾠδαὶ
841 3093 902 3149 τοῦ
927 3085 1103 3170 Πινδάρου
1126 3084 1181 3150 καί
1205 3086 1292 3169 είδη,
1320 3109 1414 3151 τουτ-
1434 3103 1467 3152 25

133 3193 219 3260 ἐστιν
253 3191 354 3275 ίδέαι,
386 3192 484 3276 χάριν
516 3195 715 3276 σεμνότητος
742 3191 973 3278 ὀνομάζονται,
1005 3193 1086 3279 ὅπερ
1113 3189 1342 3279 ὑποκορισθὲν
1369 3195 1417 3270 είς

133 3301 280 3366 είδύλλια
313 3297 479 3385 ἐπιγραφὴ
507 3297 623 3382 γέγονε
650 3311 720 3376 τοῖς
750 3302 931 3385 Θεοκρίτου
958 3302 1127 3384 ποιήμασι.
1176 3301 1352 3384 μελοποιὸς
1379 3296 1416 3365 δὲ

133 3408 177 3472 ῶν
204 3405 238 3484 ἐς
266 3407 304 3472 τὸ
331 3408 481 3472 καθόλου
510 3405 528 3472 ό
552 3406 724 3492 Πίνδαρος
752 3418 1000 3494 παρωνυμεῐται
1026 3409 1110 3494 πρὸς
1132 3405 1232 3494 μέρος
1253 3416 1416 3492 μουσικοῦ

133 3513 277 3600 ὀργάνου
304 3514 440 3600 λυρικὸς
461 3514 679 3598 καλούμενος,
707 3513 798 3580 καθά
820 3537 871 3590 τις
893 3512 1003 3601 ἕτερος
1026 3515 1217 3603 κιθαρῳδὸς
1240 3513 1295 3580 καὶ
1318 3516 1417 3592 ἄλλος

133 3621 193 3688 ἀπὸ
221 3621 374 3708 ψάλτρου
402 3621 584 3708 ψαλτφδός.
631 3621 692 3686 ούκ
720 3619 752 3700 ἐξ
781 3617 927 3704 άνάγκης
954 3620 995 3686 δέ
1014 3645 1051 3703 γε
1073 3622 1157 3707 πρὸς
1181 3622 1287 3708 λύραν
1309 3624 1416 3706 μόνην
1434 3639 1469 3690 ευ

135 3727 300 3816 ἐμελῴδει,
328 3726 402 3794 ἀλλ’
427 3727 508 3794 αὐτὸ
536 3724 597 3814 μὲν
625 3726 758 3811 έπελέγη
786 3730 870 3814 πρός
896 3751 928 3792 τι
957 3725 1122 3814 ἐξαίρετον
1151 3730 1197 3805 είς
1224 3733 1342 3812 κλῆσιν
1370 3737 1415 3816 τῷ

134 3845 257 3930 ποιητῆ.
305 3835 501 3920 σεμνύνεται
530 3836 593 3921 γάρ
621 3839 756 3912 πολλοῖς
783 3833 838 3900 καὶ
865 3839 1038 3920 πολλαχῶς
1065 3836 1086 3920 ἡ
1114 3837 1207 3920 λύρα.
1254 3834 1272 3900 ό
1301 3831 1338 3900 δέ
1361 3833 1416 3900 καὶ

135 3940 254 4028 ἑτέροις
277 3942 436 4029 ὀργάνοις
458 3939 551 4029 ᾅδων
575 3941 702 4028 ἐχρᾶτο,
727 3942 817 4007 καθά
837 3942 936 4025 δηλοῖ
951 3941 1007 4007 καὶ
1025 3943 1062 4008 τὸ
1082 3941 1416 4026 ἀναξιφόρμιγγες

135 4050 247 4135 ὕμνοι
272 4047 328 4115 καὶ
353 4045 432 4134 ἑξῆς.
475 4050 506 4113 εί
523 4046 554 4112 δ’
573 4054 652 4125 ἴσως
670 4047 793 4114 ταύτόν
811 4073 843 4114 τι
863 4046 1007 4135 φόρμιγξ
1025 4047 1081 4114 καὶ
1101 4049 1195 4135 λύρα,
1219 4045 1293 4113 οὐδ’
1310 4048 1416 4124 οὕτως

135 4157 219 4246 αὐτῷ
248 4157 355 4242 μόνον
378 4156 415 4221 τὸ
439 4163 497 4240 τῆς
519 4156 622 4242 λύρας
644 4165 753 4242 χρῆμα
775 4156 859 4242 πρὸς
883 4157 971 4221 ίδιόν
993 4180 1025 4220 τι
1047 4156 1323 4239 ἀποκεκλήρωται.
1369 4155 1415 4231 ὡς
1434 4173 1467 4222 3⁶

135 4261 168 4328 δὲ
195 4265 282 4348 λύρα
309 4268 436 4349 εἴρηται
464 4261 485 4346 ἢ
513 4263 601 4348 παρά
628 4264 666 4328 τὸ
696 4264 788 4328 λύειν
816 4262 913 4348 ἀράς,
941 4254 991 4340 οἷς
1013 4264 1097 4350 πρὸς
1119 4263 1246 4348 ἡδονὴν
1269 4260 1417 4345 γλυκέος

136 4370 336 4458 ἆρμόττεται,
355 4369 376 4454 ἢ
393 4370 483 4455 παρὰ
501 4371 539 4435 τὸ
557 4377 710 4454 μυθικῶς
727 4371 776 4447 είς
795 4371 917 4455 λύτρον
935 4371 1217 4455 καταλλακτήριον
1235 4368 1415 4456 εὑρεθῆναι

221 4605 245 4654 8.
270 4597 406 4669 σοφιστήν
426 4597 443 4654 i.
460 4613 483 4652 e.
503 4597 667 4666 Isocratem
692 4597 726 4654 cs.
746 4597 820 4653 Plut.
840 4597 890 4653 vit.
905 4617 924 4651 x
942 4615 980 4652 or.
1021 4603 1108 4652 ,838⁰
1132 4631 1165 4638 -
1189 4604 1256 4667 δερ.
1282 4597 1313 4653 0.
1328 4617 1357 4652 τι
1371 4605 1413 4653 88.

138 4691 175 4733 τις
188 4671 247 4726 eod.
268 4702 300 4710 —
323 4675 363 4724 13.
379 4669 521 4740 Aristoph.
537 4669 610 4724 Nub.
626 4675 686 4724 334.
707 4703 740 4712 -
760 4677 802 4728 18.
819 4667 945 4737 ἱστορίαν
959 4618 1033 4726 τοδε
1049 4667 1242 4741 στιχομετρίαν
1256 4687 1325 4724 corr.
1340 4670 1414 4738 Birt;

140 4742 171 4798 οῖ.
192 4759 277 4812 ευριπ
300 4761 326 4812 p.
346 4741 410 4809 XV;
435 4740 582 4811 μετὰτῶν
605 4740 733 4812 ἱστοριῶν
756 4741 828 4798 coni.
851 4740 960 4797 vitelli.
990 4771 1023 4783 -
1053 4748 1094 4796 22.
1119 4739 1181 4796 ἀλλ’
1203 4741 1271 4796 αὐτὸ
1294 4742 1355 4796 cod.
1381 4773 1414 4783 -

141 4819 178 4867 24.
196 4813 293 4869 Aesch.
309 4814 384 4884 Sept.
401 4821 424 4868 6.
446 4845 479 4853 -
498 4819 541 4866 33.
561 4811 592 4867 Ο.
607 4833 627 4866 11
644 4819 667 4867 1.
1387 4850 1392 4860 ·
1409 4851 1414 4860 .
