3417 5434
352 330 403 391 tn
588 393 591 400 ,
851 333 1131 392 Paeaneenaus.

352 501 434 586 Equ.
461 501 525 567 559
546 523 593 586 sq.
622 500 694 566 cela
722 499 874 567 similiter
901 499 1127 589 conglutinata
1153 505 1296 584 exstant,
1328 500 1438 568 nescio
1469 524 1512 566 an
1540 498 1643 566 etiam

351 630 407 673 ees
426 630 553 693 versus,
577 630 716 694 querum
735 608 851 674 ultime
870 609 991 676 cretico
1010 609 1061 675 vel
1081 608 1216 694 epitrito
1236 608 1391 674 eatalexis
1410 609 1536 674 anteire
1556 610 1645 673 vide
1698 594 1699 669 l

350 720 418 800 tur,
448 716 496 782 ita
528 721 696 801 percutere
729 717 840 802 liceat,
872 721 910 782 ut
940 716 1091 804 neglecta
1122 715 1261 780 catalexi
1292 716 1404 782 cretici
1431 717 1483 782 vel
1512 717 1643 800 epitriti
1698 690 1699 711 Χ

349 823 439 908 prior
461 847 537 908 pars
562 825 601 888 ad
625 824 721 890 celon
744 825 939 889 antecedens
962 823 1163 908 retrahatur,
1185 827 1223 887 ut

681 926 1303 1016 .2ee-wu',r-ea'n-lt(P.16).

438 1045 522 1111 'Ibam
544 1069 646 1131 paene
669 1047 804 1112 dimidia
826 1070 903 1133 pars
924 1046 1139 1132 tripudiarum
1159 1046 1422 1111 catalecticarum
1441 1069 1516 1112 cum
1535 1047 1642 1111 altera
1699 1028 1700 1033 ἵ

348 1153 491 1238 tripedia
519 1155 693 1220 coniuncta
720 1159 784 1240 est,
810 1158 848 1220 ut
872 1153 1013 1219 O.1v7.
1041 1171 1102 1217 nv
1123 1154 1151 1217 7.
1185 1151 1218 1216 Ρ.
1237 1170 1263 1216 11
1287 1175 1335 1238 ep.
1357 1155 1385 1218 1.
1404 1155 1434 1220 3.
1462 1172 1513 1217 vn
1538 1175 1588 1237 ep.
1610 1158 1640 1219 1.

348 1259 422 1325 P.x
440 1263 470 1326 4.
493 1279 530 1324 XI
549 1263 577 1327 6.
602 1261 642 1326 N.
661 1279 700 1326 111
724 1284 773 1346 ep.
792 1263 821 1327 3.
845 1262 876 1326 4.
900 1279 936 1326 vl
956 1263 986 1326 u.
1009 1279 1059 1324 vn
1078 1283 1127 1345 ap.
1146 1261 1175 1326 3.
1195 1262 1224 1324 4.
1248 1259 1274 1324 Ι.
1293 1278 1356 1324 vm
1375 1261 1405 1326 5.
1437 1260 1507 1325 Has
1527 1268 1639 1325 autem

348 1368 506 1454 tripediae
535 1368 563 1433 si
591 1368 787 1456 coniungere
815 1368 964 1453 audebis,
990 1391 1031 1432 ex
1054 1367 1178 1432 duabus
1203 1366 1353 1452 tripodiis
1377 1389 1461 1432 unus
1488 1368 1642 1432 trimeter

348 1475 477 1561 evadet,
500 1481 538 1540 ut

461 1602 1315 1652 ·emer:,esee-=2c-eer..ze-ec-
1340 1581 1528 1668 (Lvurbl.

439 1698 563 1763 Deinde
592 1698 751 1783 dactylica
779 1699 923 1784 tripodis
947 1698 1087 1783 dipodiis
1109 1698 1261 1764 immixta
1283 1697 1412 1764 facilius
1436 1698 1515 1762 ferri
1538 1721 1638 1782 posse

349 1805 478 1870 videtur
508 1829 605 1891 quam
637 1805 828 1892 legaeedica
861 1811 894 1870 et
921 1806 1101 1890 trochaica,
1134 1805 1287 1890 quoniam
1314 1804 1477 1888 tripedica
1506 1805 1639 1868 scansio

347 1934 460 1977 versus
484 1913 636 1997 dactylici
658 1912 839 1978 hexametri
862 1912 937 1977 inde
960 1912 1001 1976 ab
1024 1911 1261 1996 antiquissimis
1280 1912 1482 1997 temporibus
1502 1914 1640 1996 propria

348 2017 425 2102 fiiit,
448 2023 481 2083 et
505 2019 589 2104 apud
609 2018 753 2084 scenicos
773 2022 887 2103 poetas
903 2017 1045 2082 Graecos
1064 2017 1242 2102 dactylicae
1261 2018 1422 2103 tripediae
1441 2019 1639 2102 tetrapodiis

346 2123 559 2211 legaeediois,
588 2148 660 2191 cum
686 2131 823 2211 utraque
851 2126 1035 2191 duodenum
1064 2129 1248 2209 temporem
1272 2131 1372 2210 esset,
1398 2125 1536 2190 nonita
1560 2148 1638 2189 raro
1701 2164 1702 2205 3

348 2233 511 2298 admixtae
536 2215 629 2297 sunt.¹

436 2337 583 2424 Denique
615 2339 649 2404 in
682 2340 770 2405 omni
802 2340 864 2406 hac
897 2339 1087 2424 quaestione
1119 2338 1158 2403 de
1187 2339 1339 2425 tripediis
1365 2339 1459 2404 iuxta
1486 2339 1639 2424 dipodius

346 2447 487 2512 ferendis
515 2447 656 2512 multum
680 2447 800 2531 differt,
829 2452 936 2512 statne
958 2448 1046 2512 inter
1069 2446 1249 2512 canendum
1273 2446 1391 2512 chorus
1414 2470 1455 2510 an
1478 2448 1639 2532 procedat

346 2554 543 2640 paribusque
570 2553 722 2640 passibus
751 2555 920 2644 spatietur.
968 2553 1013 2618 Ut
1040 2554 1126 2618 enim
1154 2576 1271 2638 passus
1295 2553 1524 2618 choreutarum
1548 2554 1639 2618 inter

348 2662 529 2727 cauendum
555 2661 799 2747 procedentium
828 2661 1011 2747 dipodicam
1036 2661 1279 2747 percussionem
1304 2665 1432 2726 tantum
1454 2683 1522 2725 non
1544 2661 1640 2746 flagi-

347 2772 434 2853 tant,
461 2767 510 2832 ita
537 2767 572 2833 in
601 2769 742 2834 carmine
771 2791 790 2833 a
818 2772 927 2833 stante
955 2767 1054 2833 chore
1081 2768 1133 2832 vel
1161 2774 1293 2834 cantore
1319 2771 1449 2832 canmto
1473 2767 1638 2851 tripudias

346 2876 438 2940 iuxta
471 2875 618 2960 dipodius
650 2875 728 2940 ferri
756 2896 852 2959 pesse
883 2880 917 2940 et
948 2875 1014 2940 iam
1041 2897 1061 2938 a
1087 2874 1235 2940 Lesbicis
1262 2875 1368 2959 poetis
1395 2875 1431 2938 in
1459 2875 1639 2939 notissima

347 2982 496 3067 stropha,
524 3005 606 3066 quae
630 2982 671 3046 ab
690 2981 813 3047 Alcaeo
835 3005 955 3047 nemen
977 2983 1093 3068 traxit,
1122 2982 1280 3048 admissas
1303 3005 1373 3047 esse
1397 2981 1479 3046 mihi
1503 2981 1638 3066 quidem

346 3111 537 3174 persuasum
561 3095 619 3154 est.
665 3088 780 3174 Neque
804 3112 855 3154 me
878 3090 914 3154 in
936 3112 1031 3154 versu
1055 3087 1091 3154 Ο.
1111 3107 1172 3153 xrv
1191 3091 1212 3155 5

719 3207 1257 3247 Lvu-uul.LuL³vc-u-

346 3294 428 3360 duae
456 3294 616 3379 tripediae
644 3299 815 3380 tantopere
844 3295 1025 3378 offendunt,
1052 3299 1090 3358 ut
1117 3294 1267 3380 neglecta
1294 3295 1382 3358 omni
1411 3295 1636 3361 concinnitate

346 3406 380 3467 et
403 3401 592 3487 symmetria
613 3423 743 3466 versum
765 3401 852 3466 hunc
875 3399 911 3464 in
933 3401 1066 3466 modum

720 3533 756 3559 m
772 3533 791 3559 υ
809 3550 825 3558 -
826 3523 1256 3558 UUUUUUUUUUU

345 3611 513 3692 percutere
533 3606 677 3672 audeam.
710 3605 796 3672 Nam
814 3606 877 3670 hec
896 3627 1024 3691 quoquc
1042 3606 1113 3671 fieri
1132 3627 1228 3689 pesse
1243 3606 1401 3691 arbitrer,
1418 3611 1456 3670 ut
1470 3606 1633 3672 saltantes

345 3736 412 3779 nen
429 3713 544 3779 iisdem
563 3719 660 3798 atque
680 3713 865 3800 gradientes
883 3713 1011 3798 legibus
1026 3718 1204 3778 teneantur.
1237 3712 1436 3779 Praesertim
1449 3714 1485 3777 in
1498 3713 1635 3780 mimica

346 3821 519 3887 saltatione
538 3842 604 3886 non
617 3821 711 3886 video
727 3843 784 3886 cur
797 3821 975 3906 tripedicas
988 3821 1111 3907 figuras
1127 3821 1285 3906 dipodicis
1299 3822 1484 3888 immiscere
1496 3844 1634 3906 prorsus

345 3950 413 3993 nen
436 3927 572 3994 licuerit.
614 3927 739 4004 Quibus
763 3929 801 3994 de
825 3929 935 3993 causis
958 3932 1084 3992 utnon
1107 3927 1213 3993 facilis
1236 3929 1285 3992 fni
1307 3929 1343 3993 in
1364 3929 1516 4014 tripudiis
1538 3929 1635 3995 iuxta

346 4034 492 4120 dipodias
512 4035 732 4120 admittendis,
749 4035 797 4100 ita
814 4034 1096 4100 artificiosieribus
1110 4035 1261 4100 remediis
1276 4035 1436 4120 tripediae
1451 4059 1489 4101 ex
1504 4036 1634 4102 melicis

346 4147 379 4207 et
405 4140 701 4228 hyperchematicis
727 4141 926 4207 carminibus
954 4163 1157 4206 summovere
1184 4142 1309 4206 veritus
1339 4165 1420 4207 sum.
1475 4142 1633 4228 Inprimis

346 4249 450 4314 sicubi
482 4250 564 4316 duae
595 4249 745 4334 pluresve
776 4248 937 4334 tripediae
969 4271 1040 4314 sese
1072 4248 1253 4335 excipiunt,
1284 4271 1304 4314 a
1332 4249 1632 4316 vehementioribus

346 4355 505 4421 machinis
525 4355 754 4422 abstinendum
772 4355 887 4442 putavi
904 4378 1010 4441 neque
1028 4357 1061 4420 in
1082 4355 1258 4421 schematis
1277 4356 1422 4422 metricis
1441 4379 1513 4423 eam
1532 4380 1634 4442 quam

346 4484 445 4547 supra
468 4461 649 4548 significari
671 4462 758 4528 viam
781 4463 860 4528 duas
884 4462 1045 4548 tripediae
1063 4464 1099 4527 in
1122 4467 1189 4528 tres
1208 4463 1355 4549 dipodias
1374 4465 1633 4532 transformandi

345 4568 472 4654 ingredi
500 4591 597 4634 ausus
625 4593 705 4636 sum
751 4569 798 4635 Ut
821 4569 908 4636 enirn
931 4569 965 4635 in
988 4571 1117 4636 creticis
1140 4575 1174 4635 et
1197 4570 1426 4636 choriambicis
1448 4571 1634 4658 ionicisque

345 4676 492 4742 versibus
525 4677 641 4742 umbra
673 4679 831 4762 quaedam
864 4677 1067 4763 rhythmicae
1096 4678 1339 4762 aequabilitatis
1371 4679 1439 4744 ictu
1471 4680 1633 4765 primario

344 4783 436 4869 pedis
460 4785 634 4869 compositi
657 4784 839 4850 catalectici
863 4807 966 4870 aeque
990 4785 1162 4850 intervallo
1185 4786 1339 4850 redeunte
1362 4786 1504 4852 efficitur
