3417 5434
619 391 751 442 Prima
770 391 817 446 lx.

119 557 199 623 τέκε
224 565 287 622 fol
305 553 360 622 καὶ
385 553 468 640 Ζηνὶ
492 566 622 641 μιγεῖσα
646 555 801 640 δαΐφρων

65 684 98 729 εσ
119 664 160 730 ἐν
184 667 312 750 μόναις
335 664 452 728 ὠδῖσιν
470 662 636 748 Ἀλκμήνα

118 773 287 856 διδύμων
309 773 554 857 κρατησίμαχον
577 768 698 845 σθένος
720 770 814 836 υίῶν.

118 881 247 962 κωφὸς
269 877 354 963 ἁνήρ
377 901 441 960 τις,
466 876 503 953 ὃς
525 877 682 962 Ἡρακλεῖ
703 877 806 960 στόμα
829 875 873 959 μὴ
897 874 1100 960 περιβάλλει,

118 981 210 1070 μηδὲ
246 987 418 1071 Διρκαίων
449 983 584 1049 ὑδάτων
616 980 652 1048 άδ
684 981 859 1068 μέμναται,
891 981 931 1046 τά
963 1005 1019 1046 νιν
1050 978 1220 1066 θρέψαντο
1250 974 1305 1041 καὶ

929 1087 1082 1173 Ἰφικλέα.
1308 1099 1358 1147 155

121 1211 218 1264 τοῖσι
253 1198 381 1264 τέλειον
408 1195 456 1262 ἐπ’
484 1198 564 1283 εὐχᾷ
587 1197 783 1281 κωμάσομαί
802 1221 834 1260 τι
857 1195 979 1262 παθὼν
1002 1194 1107 1259 ε’σλόν.
1153 1194 1307 1277 Χαρίτων

933 1303 1134 1367 κελαδεννᾶν

68 1432 102 1477 aa
121 1415 170 1498 μή
195 1437 243 1498 με
265 1416 356 1478 λίποι
378 1412 531 1497 καθαρὸν

169 1519 311 1605 φέγγος.
358 1520 481 1606 Αίγίνμ
503 1542 537 1583 τε
560 1521 624 1604 γὰρ
1309 1530 1360 1577 160

123 1627 219 1712 φαμὶ
245 1632 357 1692 Νίσου
379 1624 409 1691 τ’
435 1625 472 1690 ἐν
495 1630 602 1713 λόφω,
625 1624 696 1712 τρὶς
719 1626 760 1709 δὴ
783 1629 882 1690 πόλιν
905 1621 998 1688 τάνδ’
1025 1621 1200 1705 εὐκλεΐξαι,

125 1842 276 1923 σιγαλὸν
299 1840 485 1925 ἀμαχανίαν
508 1842 593 1927 ἕργςο
616 1839 744 1924 φυγών.
1174 1835 1239 1901 ’bin
1264 1835 1306 1901 δ’.

125 1949 283 2032 οὕνεκεν,
307 1949 338 2012 εί
359 1951 457 2032 φίλος
479 1946 598 2030 ἀστῶν,
621 1953 723 2023 εἴτις
746 1945 887 2028 ἀντάεις,
910 1948 948 2010 τό
972 1943 1000 2026 γ’
1025 1943 1062 2010 ἐν
1080 1945 1167 2033 ξυνῷ
1190 1965 1288 2009 πεπο-
1310 1959 1360 2006 165

934 2051 1078 2137 νημένον
1101 2048 1139 2118 εὖ

128 2165 176 2246 μὴ
203 2165 309 2246 λόγον
331 2162 487 2246 βλάπτων
510 2161 618 2226 ἁλίοιο
640 2160 796 2246 γέροντος
817 2159 997 2246 κρυπτέτω.

74 2354 174 2424 κάτωρ
196 2355 295 2411 codri:
314 2354 417 2424 σάματι
434 2353 502 2421 πάρ,
520 2353 671 2424 προπάτωρ
690 2371 725 2409 ex
743 2354 858 2409 scholiis
877 2353 975 2409 elicuit
993 2353 1123 2424 Hartnng
1140 2383 1173 2394 -
1189 2357 1230 2406 85.
1251 2349 1362 2423 μόναις]

75 2425 139 2494 μον’
161 2429 194 2481 D
214 2459 251 2467 -
270 2426 399 2496 άλιιμήνα
420 2427 459 2481 D:
488 2425 617 2497 άλκμάνα
636 2428 671 2495 Β,
690 2426 725 2481 cf.
744 2426 817 2480 Prcl.
836 2446 854 2479 x
873 2459 906 2466 —
926 2431 968 2481 87.
988 2424 1147 2497 περιβάλλει
1166 2425 1193 2477 Β
1206 2424 1245 2478 E:
1271 2443 1361 2492 παρα-

76 2497 171 2568 βάλλει
187 2499 221 2553 D
236 2530 269 2538 —
285 2503 327 2553 88.
343 2495 462 2567 διριιέων
476 2499 506 2553 D
520 2530 553 2537 -
568 2497 602 2551 δὲ
615 2498 770 2553 Hermann:
786 2498 843 2552 αίελ
858 2497 961 2564 BDE,
976 2495 1172 2566 άναμέμναται
1186 2494 1256 2549 coni.
1268 2495 1361 2563 Pauw,

77 2569 147 2622 άΐων
166 2579 277 2638 μνᾶται
295 2569 388 2641 Bergk
407 2568 590 2623 scholiastam
608 2568 778 2624 αἰσθάνεται
796 2570 844 2623 καὶ
865 2568 921 2639 ἔχει
939 2568 1051 2638 μνήμην
1069 2567 1302 2637 interpretantem
1321 2583 1362 2620 se-

77 2643 173 2708 cntus3
204 2640 242 2695 ἀλ
268 2640 436 2694 Pisandrum
458 2658 607 2712 usurpasse
626 2643 747 2695 testatur
765 2657 882 2712 gramm.
903 2657 985 2694 anon.
1005 2657 1050 2710 ap.
1070 2638 1159 2692 Cram.
1180 2641 1230 2692 An.
1250 2637 1313 2691 Par.
1332 2656 1364 2689 111

79 2727 130 2778 aar,
149 2727 177 2768 aa
205 2744 241 2754 -
269 2719 310 2766 91.
337 2713 410 2782 φαμὶ
430 2757 436 2766 .
453 2756 458 2766 .
475 2756 481 2766 .
501 2710 639 2779 εόκλείξαι
728 2713 826 2782 φαγών
851 2711 946 2767 cedit:
972 2713 1040 2779 φατὶ
1067 2709 1137 2765 coni.
1158 2708 1361 2776 Schneidewin,

79 2781 224 2850 εὐκλέιξεν
237 2785 332 2852 Pauw,
348 2781 489 2849 εὐκλέϊξας
504 2784 655 2853 Hermann,
674 2782 792 2854 φαγόντ’
813 2783 897 2852 Beck,
916 2781 994 2837 τόνδ’
1009 2827 1014 2838 .
1027 2827 1032 2837 .
1044 2826 1050 2836 .
1061 2779 1187 2852 φυγόνθ’
1208 2779 1310 2835 Disaen
1329 2813 1361 2820 -

80 2859 120 2908 92.
140 2856 229 2926 άμηχ,
246 2857 276 2910 D
293 2887 330 2895 —
347 2861 389 2910 93.
410 2855 469 2910 σόν.
487 2857 549 2910 BD
567 2856 643 2910 τοῦν.
658 2855 751 2925 Bergk
766 2887 799 2895 -
813 2851 1012 2924 πεποναμένον
1032 2853 1126 2922 eodd.;
1145 2851 1180 2906 cf.
1197 2851 1228 2906 O.
1243 2871 1271 2906 vr
1291 2869 1314 2906 11
1330 2883 1363 2891 -—

81 2997 207 3123 {etet
224 2995 355 3124 sinn
373 2998 414 3123 ἁλι
432 2997 728 3139 &ementita
741 2997 1009 3124 ffiffttfflii
1021 2995 1363 3123 Ῑῖὶλίάλὲῗλὲἷξοῒ

863 3113 869 3124 ·
965 3111 971 3123 ·
1013 3111 1018 3122 ·
1120 3111 1127 3136 ι
1224 3110 1229 3121 ·
1319 3111 1325 3136 ι
1357 3111 1364 3134 ι

82 3137 154 3194 Prot.
168 3159 217 3194 xor
232 3173 265 3181 -
282 3147 324 3195 83.
344 3137 520 3195 λευκίπποισι
534 3143 599 3195 Καδ
635 3138 685 3195 ίων
699 3141 819 3211 ἀγυιαῖς,
833 3157 884 3211 pro
898 3137 1058 3195 λευκίππων
1072 3136 1222 3208 Καδμείων
1240 3140 1365 3209 ἀγυιαῖς·

82 3227 137 3276 qna
162 3211 199 3264 de
226 3213 319 3282 figura
343 3211 519 3266 traiectionis
545 3231 571 3266 r.
613 3212 703 3267 obeclr
728 3212 764 3265 ad
791 3212 875 3281 Soph.
895 3210 939 3266 Ai.
959 3228 971 3266 r
991 3243 1023 3251 --
1043 3216 1085 3275 89.
1109 3210 1162 3264 hoc
1180 3227 1263 3264 versu
1281 3213 1368 3281 poeta

86 3284 151 3334 rota
168 3299 223 3352 pro
239 3299 269 3336 se
283 3287 313 3337 et
326 3283 497 3338 Telesiorate
516 3300 545 3337 se
564 3283 664 3338 fecisse
683 3279 833 3354 significat,
852 3282 955 3351 quibus
974 3281 1098 3353 impletis
1118 3280 1242 3336 carmine
1262 3298 1292 3336 aa
1309 3282 1368 3336 iam

84 3367 125 3404 res
144 3352 219 3408 benc
238 3358 335 3424 gestas
353 3352 560 3409 illustraturum
579 3371 640 3410 esse
658 3355 772 3424 fatetur,
792 3354 821 3407 id
840 3355 916 3422 quod
934 3353 1003 3408 fecit
1021 3355 1074 3408 hoc
1092 3352 1154 3423 ipso
1167 3370 1263 3420 veram
1284 3353 1318 3408 cf.
1335 3353 1366 3407 O.

85 3441 121 3474 vu
138 3439 174 3479 so.
213 3425 290 3480 Vota
315 3429 408 3480 autem
431 3425 483 3481 illa
505 3444 562 3481 non
580 3429 641 3480 tam
659 3426 815 3481 certamina
833 3426 874 3480 Aa
897 3426 1001 3480 'natica
1020 3428 1049 3480 et
1066 3425 1244 3494 Megarensia
1263 3426 1367 3494 (Νίσου

87 3493 115 3546 lv
133 3495 212 3570 λόφῳ
233 3515 258 3551 v.
278 3502 315 3562 ar)
338 3499 481 3567 spectasse
499 3498 631 3552 videntur
649 3515 734 3566 quam
754 3497 844 3552 Iolaia
888 3497 1011 3566 habena,
1032 3499 1152 3566 quaeat
1174 3495 1238 3565 ipsa
1261 3495 1368 3550 Telesi-

86 3569 190 3621 cratem
209 3567 312 3622 vicisse
330 3571 416 3638 poeta
434 3568 528 3623 verbis
546 3590 573 3623 τι
591 3571 695 3624 παθὼν
715 3569 794 3624 ἐσλὸν
812 3568 881 3624 licet
899 3586 956 3624 non
975 3567 1103 3623 disertim
1119 3567 1253 3636 declaret,
1272 3569 1368 3622 tamen

87 3637 208 3706 sapienti
227 3639 298 3694 satis
321 3639 468 3710 perspicue
492 3640 634 3712 significat
652 3673 686 3681 —-
706 3639 751 3695 ἐπ’
773 3641 854 3711 sopri·
876 3640 947 3696 cons.
969 3641 1015 3694 ἐπὶ
1038 3637 1177 3694 ἐλπίδεσσι
1199 3639 1230 3693 Ρ.
1249 3657 1271 3691 11
1289 3655 1315 3694 ιο
1334 3671 1368 3678 -

89 3711 127 3762 90.
147 3710 185 3779 μή
199 3730 236 3781 με
250 3708 337 3765 λίποι·
357 3710 519 3765 Gratiarum
534 3711 611 3766 clara
626 3711 674 3765 lux
688 3729 723 3766 ne
738 3728 767 3766 se
782 3696 897 3767 deficiat
909 3715 994 3782 poeta
1008 3713 1147 3782 precatur,
1167 3709 1242 3779 quod
1257 3712 1369 3780 praeter

87 3793 128 3858 res
151 3784 240 3836 antea
262 3781 319 3835 iam
343 3785 576 3837 commemoratas
598 3801 673 3838 nora
695 3787 842 3854 praeterea
861 3783 962 3838 decora
982 3783 1037 3836 sibi
1056 3781 1179 3836 carmine
1198 3781 1369 3835 illustranda

89 3853 144 3904 slat
157 3883 190 3892 —
205 3851 307 3927 Αἰγίνᾳ
324 3873 354 3907 τε
373 3853 427 3924 γὰρ
443 3900 448 3909 .
465 3898 470 3909 .
487 3898 493 3909 .
509 3856 601 3909 Νίσου
618 3853 644 3908 τ’
663 3855 693 3909 ἐν
707 3853 797 3929 λόφῳ·
816 3855 909 3926 priore
924 3854 1064 3925 particula
1078 3873 1107 3908 τε
1123 3852 1176 3908 hoc
1191 3853 1369 3906 enuntiatum

90 3935 150 3975 cum
172 3925 316 3996 superiore
339 3924 464 3996 copulari
487 3925 573 3992 duco,
597 3930 629 3980 nt
652 3925 756 3981 Thebis
775 3929 804 3980 et
822 3927 955 3997 Megarae
979 3929 1008 3980 et
1026 3925 1153 3996 Aeginae
1171 3923 1273 3978 vicisse
1293 3927 1321 3977 et
1339 3924 1370 3977 in

90 4007 195 4049 summa
214 4000 272 4051 tras
291 3997 369 4066 (τρίς)
389 3996 522 4051 victorias
540 4000 699 4066 reportasse
717 3997 830 4052 dicatur
847 4029 883 4039 —
902 4005 944 4052 91.
968 3999 1108 4068 φαμὶ...
1126 3997 1232 4066 φυγάν,
1252 3995 1276 4050 si
1294 3998 1370 4049 recte

91 4063 173 4119 rerba
185 4067 295 4122 tradita
309 4084 339 4123 se
352 4067 460 4122 habant
478 4101 499 4109 -
513 4072 543 4122 at
557 4068 645 4124 dubia
658 4070 783 4140 profecto
798 4073 841 4124 est
856 4086 951 4124 eorum
966 4068 1125 4124 emendatio
1140 4099 1160 4108 -
1180 4084 1237 4122 non
1251 4069 1370 4138 possunt

91 4139 205 4219 nonad
231 4141 345 4210 poetam
370 4138 463 4210 ipsum
487 4140 584 4195 referri
610 4141 734 4195 earmina
757 4141 916 4196 laudatorio
936 4140 1027 4215 (ἔργῳ)
1046 4142 1158 4194 laurum
1180 4155 1248 4210 prae
1267 4138 1367 4194 ceteris

91 4210 178 4330 popae
195 4213 350 4266 merentem
369 4215 398 4265 et
417 4211 457 4265 sio
479 4211 590 4281 patriae
613 4229 681 4266 suae
703 4211 817 4268 laudem
840 4212 1046 4279 adstruentem3
1072 4209 1154 4266 πόλιν
1180 4209 1266 4265 τάνδε
1293 4209 1369 4264 enirn

134 4279 200 4336 ebes
218 4299 276 4337 uon
294 4281 418 4352 Cyrenas
435 4281 643 4352 intellegendas
662 4300 723 4338 esse
742 4300 776 4338 ex
793 4283 889 4338 futuro
908 4282 1018 4349 δέξεται
1036 4302 1061 4338 v.
1077 4300 1103 4338 re
1123 4285 1249 4365 apparet.
1280 4279 1368 4336 Simul

94 4351 183 4428 autem
200 4351 246 4408 his
264 4353 358 4409 verbis
377 4352 465 4408 etiam
480 4353 666 4409 Telesierates
684 4355 872 4425 praedicatur,
892 4354 1121 4424 quandoquidem
1141 4354 1196 4407 mei
1215 4353 1264 4408 ille
1283 4357 1370 4408 antea

96 4420 216 4494 vicisset,
241 4425 325 4496 copia
350 4423 487 4479 laudandi
512 4429 613 4496 poetae
640 4426 783 4482 defuisset.
825 4427 923 4496 Neque
947 4426 1022 4481 anim
1040 4427 1076 4480 da
1096 4425 1195 4494 quovis
1214 4423 1370 4479 certamina

97 4493 209 4566 poetico,
229 4497 279 4552 sad
298 4495 365 4550 solis
384 4496 419 4551 de
438 4497 566 4567 epiniciis
585 4497 615 4551 in
634 4499 768 4553 honorem
783 4497 965 4554 Telesioratia
983 4498 1067 4552 factis
1088 4498 1140 4552 hoc
1159 4496 1221 4552 loco
1240 4496 1288 4567 agi
1308 4512 1371 4551 cum

95 4577 177 4620 nexus
198 4567 403 4623 sententiarum
426 4571 455 4622 et
476 4567 586 4623 indoles
609 4569 697 4624 totius
716 4569 847 4624 carminis
867 4568 982 4640 spinicii
1004 4573 1065 4623 tum
1084 4567 1224 4640 particula
1242 4569 1289 4622 καὶ
1309 4584 1369 4622 rer·

98 4647 180 4714 euasi
199 4640 406 4710 demonstrant3
428 4643 522 4694 vertas
546 4640 645 4712 igitur:
670 4658 722 4712 ego
745 4659 808 4696 cum
830 4658 893 4696 meo
917 4640 1020 4696 cliente
1044 4641 1144 4695 iurene
1168 4639 1274 4710 glorior
1295 4639 1367 4694 iner-

97 4705 161 4784 t{2111
184 4729 235 4766 nos
260 4711 291 4766 fu
313 4711 366 4766 'sse
385 4743 419 4751 -
439 4718 481 4767 92.
508 4710 683 4783 ἀμαχανίαν,
710 4711 835 4783 inopiam
860 4711 1033 4768 taciturnam
1060 4711 1227 4779 carminum3
1259 4715 1370 4766 contra·

100 4790 166 4860 ‚num
177 4786 268 4868 poeta
305 4783 359 4837 ixit
376 4783 437 4838 loco
456 4799 546 4853 paene
565 4784 677 4853 gemino
692 4784 711 4839 I.
726 4803 758 4838 111
773 4801 799 4840 ro
817 4780 839 4839 ὦ
855 4783 972 4839 Μίλισσ’
996 4781 1171 4855 εὐμαχανίαν
1189 4783 1243 4853 γὰρ
1263 4781 1373 4852 ἔφανας

107 4851 224 4921 ίσθμιοις
241 4887 278 4894 -
297 4861 338 4909 at.
358 4852 448 4910 ἁλίοιο
467 4853 612 4925 γέροντος,
632 4854 762 4926 Νηρέως,
786 4857 834 4926 qui
853 4855 980 4926 epitheto
999 4853 1089 4910 ἁλίοιο
1108 4854 1239 4926 γέροντος
1258 4859 1374 4910 ornatur

1109 4945 1161 5000 14*
