<?xml version="1.0" encoding="UTF-8"?>
<!DOCTYPE html PUBLIC "-//W3C//DTD XHTML 1.0 Transitional//EN"
    "http://www.w3.org/TR/xhtml1/DTD/xhtml1-transitional.dtd">
<html xmlns="http://www.w3.org/1999/xhtml" xml:lang="en" lang="en">
 <head>
  <title>
</title>
<meta http-equiv="Content-Type" content="text/html;charset=utf-8" />
  <meta name='ocr-system' content='tesseract 3.04.00' />
  <meta name='ocr-capabilities' content='ocr_page ocr_carea ocr_par ocr_line ocrx_word'/>
</head>
<body>
  <div class='ocr_page' id='page_1' title='image "./pindaricarminap01chrigoog_0110.png"; bbox 0 0 3417 5434; ppageno 0'>
   <div class='ocr_carea' id='block_1_1' title="bbox 323 297 1103 356">
    <p class='ocr_par' dir='ltr' id='par_1_1' title="bbox 323 235 1681 390">
     <span class='ocr_line' id='line_1_1' title="bbox 323 297 1103 356; baseline -0.005 0"><span class='ocrx_word' id='word_1_1' title='bbox 323 301 383 356; x_wconf 78' lang='grc' dir='ltr'><strong><em>ΟΝ</em></strong></span> <span class='ocrx_word' id='word_1_2' title='bbox 825 297 1103 351; x_wconf 78' lang='lat' dir='ltr'><strong>PROLEGOMENA.</strong></span> 
     </span>
    </p>
   </div>
   <div class='ocr_carea' id='block_1_2' title="bbox 271 454 1684 3442">
    <p class='ocr_par' dir='ltr' id='par_1_2' title="bbox 290 454 1683 1406">
     <span class='ocr_line' id='line_1_2' title="bbox 323 454 1681 551; baseline -0.004 -20"><span class='ocrx_word' id='word_1_3' title='bbox 323 483 406 551; x_wconf 90' lang='grc' dir='ltr'><strong><em>φασι</em></strong></span> <span class='ocrx_word' id='word_1_4' title='bbox 429 463 485 530; x_wconf 81' lang='grc' dir='ltr'><strong><em>καὶ</em></strong></span> <span class='ocrx_word' id='word_1_5' title='bbox 510 463 707 549; x_wconf 82' lang='grc' dir='ltr'><strong><em>Σιμωνίδου</em></strong></span> <span class='ocrx_word' id='word_1_6' title='bbox 729 463 861 545; x_wconf 75' lang='grc' dir='ltr'><strong><em>ἤκουσε,</em></strong></span> <span class='ocrx_word' id='word_1_7' title='bbox 883 461 1043 544; x_wconf 84' lang='grc' dir='ltr'><strong><em>νεώτερος</em></strong></span> <span class='ocrx_word' id='word_1_8' title='bbox 1064 457 1125 545; x_wconf 71' lang='grc' dir='ltr'><strong><em>μὲν</em></strong></span> <span class='ocrx_word' id='word_1_9' title='bbox 1148 459 1276 525; x_wconf 85' lang='grc' dir='ltr'><strong><em>ἐκείνου</em></strong></span> <span class='ocrx_word' id='word_1_10' title='bbox 1300 461 1362 544; x_wconf 83' lang='grc' dir='ltr'><strong><em>ῶν,</em></strong></span> <span class='ocrx_word' id='word_1_11' title='bbox 1384 462 1614 546; x_wconf 84' lang='grc' dir='ltr'><strong><em>πρεσβύτερος</em></strong></span> <span class='ocrx_word' id='word_1_12' title='bbox 1680 454 1681 471; x_wconf 61' lang='lat'>³</span> 
     </span>
     <span class='ocr_line' id='line_1_3' title="bbox 322 564 1612 656; baseline -0.003 -19"><span class='ocrx_word' id='word_1_13' title='bbox 322 569 358 638; x_wconf 70' lang='grc' dir='ltr'><strong><em>δὲ</em></strong></span> <span class='ocrx_word' id='word_1_14' title='bbox 387 573 609 656; x_wconf 90' lang='grc' dir='ltr'><strong><em>Βακχυλίδου.</em></strong></span> <span class='ocrx_word' id='word_1_15' title='bbox 660 573 765 636; x_wconf 79' lang='grc' dir='ltr'><strong><em>εἰπεῖν</em></strong></span> <span class='ocrx_word' id='word_1_16' title='bbox 796 565 832 632; x_wconf 76' lang='grc' dir='ltr'><strong><em>δὲ</em></strong></span> <span class='ocrx_word' id='word_1_17' title='bbox 865 576 963 632; x_wconf 90' lang='grc' dir='ltr'><strong><em>τοῦτο</em></strong></span> <span class='ocrx_word' id='word_1_18' title='bbox 995 564 1050 631; x_wconf 78' lang='grc' dir='ltr'><strong><em>καὶ</em></strong></span> <span class='ocrx_word' id='word_1_19' title='bbox 1082 569 1189 645; x_wconf 81' lang='grc' dir='ltr'><strong><em>άλλως</em></strong></span> <span class='ocrx_word' id='word_1_20' title='bbox 1218 570 1301 633; x_wconf 84' lang='grc' dir='ltr'><strong><em>κατὰ</em></strong></span> <span class='ocrx_word' id='word_1_21' title='bbox 1327 571 1407 646; x_wconf 84' lang='grc' dir='ltr'><strong><em>τοὺς</em></strong></span> <span class='ocrx_word' id='word_1_22' title='bbox 1432 569 1612 646; x_wconf 79' lang='grc' dir='ltr'><strong><em>παλαιούς,</em></strong></span> 
     </span>
     <span class='ocr_line' id='line_1_4' title="bbox 323 671 1611 764; baseline -0.003 -20"><span class='ocrx_word' id='word_1_23' title='bbox 323 678 459 764; x_wconf 79' lang='grc' dir='ltr'><strong><em>ἐπέβαλε</em></strong></span> <span class='ocrx_word' id='word_1_24' title='bbox 492 679 663 763; x_wconf 87' lang='grc' dir='ltr'><strong><em>Πίνδαρος</em></strong></span> <span class='ocrx_word' id='word_1_25' title='bbox 699 687 769 753; x_wconf 82' lang='grc' dir='ltr'><strong><em>τοῖς</em></strong></span> <span class='ocrx_word' id='word_1_26' title='bbox 804 678 938 760; x_wconf 80' lang='grc' dir='ltr'><strong><em>χρόνοις</em></strong></span> <span class='ocrx_word' id='word_1_27' title='bbox 970 675 1180 760; x_wconf 75' lang='grc' dir='ltr'><strong><em>Σιμωνίδου,</em></strong></span> <span class='ocrx_word' id='word_1_28' title='bbox 1215 671 1237 763; x_wconf 75' lang='grc' dir='ltr'>ᾗ</span> <span class='ocrx_word' id='word_1_29' title='bbox 1270 677 1430 763; x_wconf 83' lang='grc' dir='ltr'><strong><em>νεώτερος</em></strong></span> <span class='ocrx_word' id='word_1_30' title='bbox 1462 680 1611 760; x_wconf 88' lang='grc' dir='ltr'><strong><em>πρεσβυ-</em></strong></span> 
     </span>
     <span class='ocr_line' id='line_1_5' title="bbox 323 780 1682 879; baseline -0.004 -27"><span class='ocrx_word' id='word_1_31' title='bbox 323 786 429 872; x_wconf 89' lang='grc' dir='ltr'><strong><em>τέρου.</em></strong></span> <span class='ocrx_word' id='word_1_32' title='bbox 475 797 543 850; x_wconf 91' lang='grc' dir='ltr'><strong><em>τῶν</em></strong></span> <span class='ocrx_word' id='word_1_33' title='bbox 570 786 682 870; x_wconf 73' lang='grc' dir='ltr'><strong><em>αὐτῶν</em></strong></span> <span class='ocrx_word' id='word_1_34' title='bbox 709 791 793 866; x_wconf 87' lang='grc' dir='ltr'><strong><em>γοῦν</em></strong></span> <span class='ocrx_word' id='word_1_35' title='bbox 821 780 1003 867; x_wconf 84' lang='grc' dir='ltr'><strong><em>μέμνηνται</em></strong></span> <span class='ocrx_word' id='word_1_36' title='bbox 1030 780 1211 870; x_wconf 78' lang='grc' dir='ltr'><strong><em>ἀμφότεροι</em></strong></span> <span class='ocrx_word' id='word_1_37' title='bbox 1238 781 1398 868; x_wconf 82' lang='grc' dir='ltr'><strong><em>πράξεων.</em></strong></span> <span class='ocrx_word' id='word_1_38' title='bbox 1444 783 1529 848; x_wconf 83' lang='grc' dir='ltr'><strong><em>άλλδι</em></strong></span> <span class='ocrx_word' id='word_1_39' title='bbox 1554 782 1610 848; x_wconf 80' lang='grc' dir='ltr'><strong><em>καί</em></strong></span> <span class='ocrx_word' id='word_1_40' title='bbox 1681 866 1682 879; x_wconf 29' lang='grc'><strong><em>,</em></strong></span> 
     </span>
     <span class='ocr_line' id='line_1_6' title="bbox 290 886 1682 980; baseline -0.001 -26"><span class='ocrx_word' id='word_1_41' title='bbox 290 894 413 978; x_wconf 73' lang='grc' dir='ltr'><strong><em>ιπαρά</em></strong></span> <span class='ocrx_word' id='word_1_42' title='bbox 437 891 564 978; x_wconf 78' lang='grc' dir='ltr'><strong><em>Ἱέρωνι</em></strong></span> <span class='ocrx_word' id='word_1_43' title='bbox 591 901 636 980; x_wconf 79' lang='grc' dir='ltr'><strong><em>τῷ</em></strong></span> <span class='ocrx_word' id='word_1_44' title='bbox 661 893 905 977; x_wconf 82' lang='grc' dir='ltr'><strong><em>Συρακουσίων</em></strong></span> <span class='ocrx_word' id='word_1_45' title='bbox 932 889 1086 976; x_wconf 78' lang='grc' dir='ltr'><strong><em>τυράννῳ</em></strong></span> <span class='ocrx_word' id='word_1_46' title='bbox 1114 891 1213 975; x_wconf 85' lang='grc' dir='ltr'><strong><em>άμφω</em></strong></span> <span class='ocrx_word' id='word_1_47' title='bbox 1242 889 1409 974; x_wconf 80' lang='grc' dir='ltr'><strong><em>ἐγένοντο,</em></strong></span> <span class='ocrx_word' id='word_1_48' title='bbox 1437 890 1611 974; x_wconf 82' lang='grc' dir='ltr'><strong><em>άποδημή-</em></strong></span> <span class='ocrx_word' id='word_1_49' title='bbox 1681 886 1682 917; x_wconf 65' lang='lat'>³</span> 
     </span>
     <span class='ocr_line' id='line_1_7' title="bbox 323 995 1612 1084; baseline -0.003 -18"><span class='ocrx_word' id='word_1_50' title='bbox 323 1019 439 1077; x_wconf 89' lang='grc' dir='ltr'><strong><em>σαντες</em></strong></span> <span class='ocrx_word' id='word_1_51' title='bbox 462 1001 589 1084; x_wconf 78' lang='grc' dir='ltr'><strong><em>δηλαδὴ</em></strong></span> <span class='ocrx_word' id='word_1_52' title='bbox 608 998 689 1065; x_wconf 87' lang='grc' dir='ltr'><strong><em>καθ’</em></strong></span> <span class='ocrx_word' id='word_1_53' title='bbox 710 995 841 1084; x_wconf 81' lang='grc' dir='ltr'><strong><em>ἑτέρους</em></strong></span> <span class='ocrx_word' id='word_1_54' title='bbox 859 995 915 1060; x_wconf 82' lang='grc' dir='ltr'><strong><em>καὶ</em></strong></span> <span class='ocrx_word' id='word_1_55' title='bbox 933 995 1030 1060; x_wconf 82' lang='grc' dir='ltr'><strong><em>αὐτοὶ</em></strong></span> <span class='ocrx_word' id='word_1_56' title='bbox 1048 999 1177 1081; x_wconf 88' lang='grc' dir='ltr'><strong><em>σοφοὺς</em></strong></span> <span class='ocrx_word' id='word_1_57' title='bbox 1195 999 1242 1073; x_wconf 88' lang='grc' dir='ltr'><strong><em>είς</em></strong></span> <span class='ocrx_word' id='word_1_58' title='bbox 1260 999 1322 1082; x_wconf 81' lang='grc' dir='ltr'><strong><em>την</em></strong></span> <span class='ocrx_word' id='word_1_59' title='bbox 1341 1001 1512 1063; x_wconf 84' lang='grc' dir='ltr'><strong><em>Σικελίαν.</em></strong></span> <span class='ocrx_word' id='word_1_60' title='bbox 1554 997 1612 1062; x_wconf 81' lang='grc' dir='ltr'><strong><em>καί</em></strong></span> 
     </span>
     <span class='ocr_line' id='line_1_8' title="bbox 323 1101 1610 1195; baseline -0.002 -22"><span class='ocrx_word' id='word_1_61' title='bbox 323 1112 389 1193; x_wconf 86' lang='grc' dir='ltr'><strong><em>μὴν</em></strong></span> <span class='ocrx_word' id='word_1_62' title='bbox 415 1110 499 1195; x_wconf 91' lang='grc' dir='ltr'><strong><em>πρὸς</em></strong></span> <span class='ocrx_word' id='word_1_63' title='bbox 525 1109 563 1174; x_wconf 90' lang='grc' dir='ltr'><strong><em>τὸ</em></strong></span> <span class='ocrx_word' id='word_1_64' title='bbox 587 1108 766 1191; x_wconf 73' lang='grc' dir='ltr'><strong><em>ἱστορηθὲν</em></strong></span> <span class='ocrx_word' id='word_1_65' title='bbox 790 1114 889 1170; x_wconf 89' lang='grc' dir='ltr'><strong><em>τοῦτο</em></strong></span> <span class='ocrx_word' id='word_1_66' title='bbox 913 1101 1134 1190; x_wconf 85' lang='grc' dir='ltr'><strong><em>διαφέρεσθαι</em></strong></span> <span class='ocrx_word' id='word_1_67' title='bbox 1157 1105 1251 1169; x_wconf 83' lang='grc' dir='ltr'><strong><em>δοκεῖ</em></strong></span> <span class='ocrx_word' id='word_1_68' title='bbox 1270 1106 1308 1170; x_wconf 87' lang='grc' dir='ltr'><strong><em>τὸ</em></strong></span> <span class='ocrx_word' id='word_1_69' title='bbox 1330 1108 1610 1191; x_wconf 81' lang='grc' dir='ltr'><strong><em>περιφερόμενον·</em></strong></span> 
     </span>
     <span class='ocr_line' id='line_1_9' title="bbox 324 1209 1683 1301; baseline -0.002 -20"><span class='ocrx_word' id='word_1_70' title='bbox 324 1214 450 1299; x_wconf 86' lang='grc' dir='ltr'><strong><em>λέγεται</em></strong></span> <span class='ocrx_word' id='word_1_71' title='bbox 478 1216 541 1301; x_wconf 88' lang='grc' dir='ltr'><strong><em>γάρ</em></strong></span> <span class='ocrx_word' id='word_1_72' title='bbox 570 1215 620 1281; x_wconf 85' lang='grc' dir='ltr'><strong><em>ὅτι</em></strong></span> <span class='ocrx_word' id='word_1_73' title='bbox 650 1215 821 1298; x_wconf 87' lang='grc' dir='ltr'><strong><em>Πίνδαρος</em></strong></span> <span class='ocrx_word' id='word_1_74' title='bbox 849 1211 1042 1297; x_wconf 87' lang='grc' dir='ltr'><strong><em>ἐρωτηθείς,</em></strong></span> <span class='ocrx_word' id='word_1_75' title='bbox 1072 1211 1129 1276; x_wconf 81' lang='grc' dir='ltr'><strong><em>διὰ</em></strong></span> <span class='ocrx_word' id='word_1_76' title='bbox 1155 1216 1191 1275; x_wconf 91' lang='grc' dir='ltr'><strong><em>τί</em></strong></span> <span class='ocrx_word' id='word_1_77' title='bbox 1216 1213 1409 1297; x_wconf 77' lang='grc' dir='ltr'><strong><em>Σιμωνίδης</em></strong></span> <span class='ocrx_word' id='word_1_78' title='bbox 1435 1209 1498 1297; x_wconf 70' lang='grc' dir='ltr'><strong><em>μὲν</em></strong></span> <span class='ocrx_word' id='word_1_79' title='bbox 1524 1215 1612 1298; x_wconf 88' lang='grc' dir='ltr'><strong><em>πρὸς</em></strong></span> <span class='ocrx_word' id='word_1_80' title='bbox 1682 1260 1683 1283; x_wconf 58' lang='grc'><strong><em>.</em></strong></span> 
     </span>
     <span class='ocr_line' id='line_1_10' title="bbox 324 1292 1683 1406; baseline -0.001 -19"><span class='ocrx_word' id='word_1_81' title='bbox 324 1324 401 1398; x_wconf 84' lang='grc' dir='ltr'><strong><em>τοὺς</em></strong></span> <span class='ocrx_word' id='word_1_82' title='bbox 424 1321 611 1406; x_wconf 78' lang='grc' dir='ltr'><strong><em>τυράννους</em></strong></span> <span class='ocrx_word' id='word_1_83' title='bbox 634 1320 841 1403; x_wconf 83' lang='grc' dir='ltr'><strong><em>ἀπεδήμησεν</em></strong></span> <span class='ocrx_word' id='word_1_84' title='bbox 865 1321 912 1394; x_wconf 79' lang='grc' dir='ltr'><strong><em>εἰς</em></strong></span> <span class='ocrx_word' id='word_1_85' title='bbox 931 1320 1100 1402; x_wconf 76' lang='grc' dir='ltr'><strong><em>Σικελίαν,</em></strong></span> <span class='ocrx_word' id='word_1_86' title='bbox 1123 1319 1223 1396; x_wconf 84' lang='grc' dir='ltr'><strong><em>αὐτὸς</em></strong></span> <span class='ocrx_word' id='word_1_87' title='bbox 1245 1316 1282 1384; x_wconf 72' lang='grc' dir='ltr'><strong><em>δὲ</em></strong></span> <span class='ocrx_word' id='word_1_88' title='bbox 1305 1319 1367 1386; x_wconf 78' lang='grc' dir='ltr'><strong><em>οὐκ</em></strong></span> <span class='ocrx_word' id='word_1_89' title='bbox 1386 1318 1507 1404; x_wconf 77' lang='grc' dir='ltr'><strong><em>ἐθέλει,</em></strong></span> <span class='ocrx_word' id='word_1_90' title='bbox 1529 1323 1612 1405; x_wconf 79' lang='grc' dir='ltr'><strong><em>ἔφη·</em></strong></span> <span class='ocrx_word' id='word_1_91' title='bbox 1682 1292 1683 1323; x_wconf 35' lang='lat'>¹</span> 
     </span>
    </p>

    <p class='ocr_par' dir='ltr' id='par_1_3' title="bbox 274 1424 1683 1515">
     <span class='ocr_line' id='line_1_11' title="bbox 274 1424 1683 1515; baseline -0.002 -23"><span class='ocrx_word' id='word_1_92' title='bbox 274 1446 304 1494; x_wconf 87' lang='lat'><strong><em>10</em></strong></span> <span class='ocrx_word' id='word_1_93' title='bbox 324 1430 429 1494; x_wconf 86' lang='grc' dir='ltr'><strong><em>διότι</em></strong></span> <span class='ocrx_word' id='word_1_94' title='bbox 451 1429 643 1512; x_wconf 89' lang='grc' dir='ltr'><strong><em>βούλομαι</em></strong></span> <span class='ocrx_word' id='word_1_95' title='bbox 668 1425 818 1515; x_wconf 78' lang='grc' dir='ltr'><strong><em>ἐμαυτῷ</em></strong></span> <span class='ocrx_word' id='word_1_96' title='bbox 844 1429 924 1509; x_wconf 80' lang='grc' dir='ltr'><strong><em>ζῆν,</em></strong></span> <span class='ocrx_word' id='word_1_97' title='bbox 947 1425 1017 1490; x_wconf 89' lang='grc' dir='ltr'><strong><em>οὐκ</em></strong></span> <span class='ocrx_word' id='word_1_98' title='bbox 1040 1426 1151 1514; x_wconf 82' lang='grc' dir='ltr'><strong><em>άλλιμ.</em></strong></span> <span class='ocrx_word' id='word_1_99' title='bbox 1682 1424 1683 1427; x_wconf 60' lang='grc'>’</span> 
     </span>
    </p>

    <p class='ocr_par' dir='ltr' id='par_1_4' title="bbox 317 1527 1683 1941">
     <span class='ocr_line' id='line_1_12' title="bbox 413 1527 1611 1622; baseline 0.001 -23"><span class='ocrx_word' id='word_1_100' title='bbox 413 1533 528 1622; x_wconf 81' lang='grc' dir='ltr'><strong><em>ᾅδεται</em></strong></span> <span class='ocrx_word' id='word_1_101' title='bbox 551 1531 587 1599; x_wconf 67' lang='grc' dir='ltr'><strong><em>δὲ</em></strong></span> <span class='ocrx_word' id='word_1_102' title='bbox 610 1531 665 1598; x_wconf 78' lang='grc' dir='ltr'><strong><em>καί</em></strong></span> <span class='ocrx_word' id='word_1_103' title='bbox 689 1534 733 1610; x_wconf 85' lang='grc' dir='ltr'><strong><em>ὡς</em></strong></span> <span class='ocrx_word' id='word_1_104' title='bbox 756 1534 894 1616; x_wconf 79' lang='grc' dir='ltr'><strong><em>εὐσεβὴς</em></strong></span> <span class='ocrx_word' id='word_1_105' title='bbox 916 1527 968 1615; x_wconf 75' lang='grc' dir='ltr'><strong><em>ἦν,</em></strong></span> <span class='ocrx_word' id='word_1_106' title='bbox 992 1543 1097 1616; x_wconf 84' lang='grc' dir='ltr'><strong><em>τιμῶν</em></strong></span> <span class='ocrx_word' id='word_1_107' title='bbox 1116 1538 1214 1599; x_wconf 85' lang='grc' dir='ltr'><strong><em>Πᾶνα</em></strong></span> <span class='ocrx_word' id='word_1_108' title='bbox 1237 1532 1293 1598; x_wconf 82' lang='grc' dir='ltr'><strong><em>καὶ</em></strong></span> <span class='ocrx_word' id='word_1_109' title='bbox 1311 1531 1403 1599; x_wconf 87' lang='grc' dir='ltr'><strong><em>Ῥέαν</em></strong></span> <span class='ocrx_word' id='word_1_110' title='bbox 1420 1533 1477 1600; x_wconf 82' lang='grc' dir='ltr'><strong><em>καί</em></strong></span> <span class='ocrx_word' id='word_1_111' title='bbox 1495 1539 1611 1600; x_wconf 85' lang='grc' dir='ltr'><strong><em>Απόλ-</em></strong></span> 
     </span>
     <span class='ocr_line' id='line_1_13' title="bbox 324 1637 1683 1727; baseline -0.001 -18"><span class='ocrx_word' id='word_1_112' title='bbox 324 1648 429 1724; x_wconf 88' lang='grc' dir='ltr'><strong><em>λωνα,</em></strong></span> <span class='ocrx_word' id='word_1_113' title='bbox 457 1639 512 1707; x_wconf 82' lang='grc' dir='ltr'><strong><em>καὶ</em></strong></span> <span class='ocrx_word' id='word_1_114' title='bbox 540 1642 591 1708; x_wconf 84' lang='grc' dir='ltr'><strong><em>ὅτι</em></strong></span> <span class='ocrx_word' id='word_1_115' title='bbox 618 1642 700 1706; x_wconf 83' lang='grc' dir='ltr'><strong><em>κατά</em></strong></span> <span class='ocrx_word' id='word_1_116' title='bbox 728 1642 789 1724; x_wconf 80' lang='grc' dir='ltr'><strong><em>τὴν</em></strong></span> <span class='ocrx_word' id='word_1_117' title='bbox 816 1649 877 1705; x_wconf 88' lang='grc' dir='ltr'><strong><em>τοῦ</em></strong></span> <span class='ocrx_word' id='word_1_118' title='bbox 901 1637 1026 1725; x_wconf 78' lang='grc' dir='ltr'><strong><em>Ξέρξου</em></strong></span> <span class='ocrx_word' id='word_1_119' title='bbox 1055 1639 1211 1724; x_wconf 89' lang='grc' dir='ltr'><strong><em>διάβασιν</em></strong></span> <span class='ocrx_word' id='word_1_120' title='bbox 1238 1643 1358 1726; x_wconf 74' lang='grc' dir='ltr'><strong><em>ἤκμαζε</em></strong></span> <span class='ocrx_word' id='word_1_121' title='bbox 1380 1643 1442 1727; x_wconf 79' lang='grc' dir='ltr'><strong><em>την</em></strong></span> <span class='ocrx_word' id='word_1_122' title='bbox 1464 1642 1611 1726; x_wconf 83' lang='grc' dir='ltr'><strong><em>ἡλικίαν.</em></strong></span> <span class='ocrx_word' id='word_1_123' title='bbox 1682 1656 1683 1661; x_wconf 77' lang='grc'>’</span> 
     </span>
     <span class='ocr_line' id='line_1_14' title="bbox 325 1745 1612 1835; baseline -0.002 -20"><span class='ocrx_word' id='word_1_124' title='bbox 325 1751 380 1815; x_wconf 85' lang='grc' dir='ltr'><strong><em>διά</em></strong></span> <span class='ocrx_word' id='word_1_125' title='bbox 413 1747 449 1815; x_wconf 75' lang='grc' dir='ltr'><strong><em>δὲ</em></strong></span> <span class='ocrx_word' id='word_1_126' title='bbox 480 1751 518 1815; x_wconf 89' lang='grc' dir='ltr'><strong><em>τὸ</em></strong></span> <span class='ocrx_word' id='word_1_127' title='bbox 550 1750 713 1834; x_wconf 70' lang='grc' dir='ltr'><strong><em>θεοφιλὴς</em></strong></span> <span class='ocrx_word' id='word_1_128' title='bbox 745 1747 838 1826; x_wconf 87' lang='grc' dir='ltr'><strong><em>δόξαι</em></strong></span> <span class='ocrx_word' id='word_1_129' title='bbox 866 1745 922 1812; x_wconf 81' lang='grc' dir='ltr'><strong><em>καὶ</em></strong></span> <span class='ocrx_word' id='word_1_130' title='bbox 949 1755 1045 1831; x_wconf 82' lang='grc' dir='ltr'><strong><em>τιμῆς</em></strong></span> <span class='ocrx_word' id='word_1_131' title='bbox 1071 1750 1422 1835; x_wconf 26' lang='grc' dir='ltr'><strong><em>πολληνιπεριουσίαν</em></strong></span> <span class='ocrx_word' id='word_1_132' title='bbox 1449 1752 1546 1834; x_wconf 84' lang='grc' dir='ltr'><strong><em>ἔσχεν</em></strong></span> <span class='ocrx_word' id='word_1_133' title='bbox 1575 1749 1612 1814; x_wconf 80' lang='grc' dir='ltr'><strong><em>ἐν</em></strong></span> 
     </span>
     <span class='ocr_line' id='line_1_15' title="bbox 317 1853 1612 1941; baseline -0.001 -20"><span class='ocrx_word' id='word_1_134' title='bbox 317 1855 482 1939; x_wconf 83' lang='grc' dir='ltr'><strong><em>Ἕλλησιν.</em></strong></span> <span class='ocrx_word' id='word_1_135' title='bbox 526 1853 694 1921; x_wconf 83' lang='grc' dir='ltr'><strong><em>Ἀπόλλων</em></strong></span> <span class='ocrx_word' id='word_1_136' title='bbox 721 1863 805 1939; x_wconf 89' lang='grc' dir='ltr'><strong><em>γοῦν</em></strong></span> <span class='ocrx_word' id='word_1_137' title='bbox 828 1854 916 1919; x_wconf 87' lang='grc' dir='ltr'><strong><em>ούτω</em></strong></span> <span class='ocrx_word' id='word_1_138' title='bbox 939 1853 1044 1939; x_wconf 81' lang='grc' dir='ltr'><strong><em>φασὶν</em></strong></span> <span class='ocrx_word' id='word_1_139' title='bbox 1067 1855 1172 1921; x_wconf 87' lang='grc' dir='ltr'><strong><em>αὐτὸν</em></strong></span> <span class='ocrx_word' id='word_1_140' title='bbox 1195 1855 1315 1941; x_wconf 83' lang='grc' dir='ltr'><strong><em>ἐφίλει,</em></strong></span> <span class='ocrx_word' id='word_1_141' title='bbox 1342 1856 1387 1934; x_wconf 85' lang='grc' dir='ltr'><strong><em>ῶς</em></strong></span> <span class='ocrx_word' id='word_1_142' title='bbox 1410 1854 1466 1921; x_wconf 82' lang='grc' dir='ltr'><strong><em>καὶ</em></strong></span> <span class='ocrx_word' id='word_1_143' title='bbox 1488 1859 1612 1941; x_wconf 90' lang='grc' dir='ltr'><strong><em>μερίδα</em></strong></span> 
     </span>
    </p>

    <p class='ocr_par' dir='ltr' id='par_1_5' title="bbox 273 1958 1684 2481">
     <span class='ocr_line' id='line_1_16' title="bbox 273 1958 1684 2048; baseline 0 -20"><span class='ocrx_word' id='word_1_144' title='bbox 273 1983 303 2028; x_wconf 77' lang='grc' dir='ltr'><strong><em>ιι</em></strong></span> <span class='ocrx_word' id='word_1_145' title='bbox 325 1962 505 2047; x_wconf 80' lang='grc' dir='ltr'><strong><em>λαμβάνειν</em></strong></span> <span class='ocrx_word' id='word_1_146' title='bbox 528 1961 564 2027; x_wconf 82' lang='grc' dir='ltr'><strong><em>ἐκ</em></strong></span> <span class='ocrx_word' id='word_1_147' title='bbox 587 1973 654 2028; x_wconf 88' lang='grc' dir='ltr'><strong><em>τῶν</em></strong></span> <span class='ocrx_word' id='word_1_148' title='bbox 676 1959 855 2046; x_wconf 78' lang='grc' dir='ltr'><strong><em>θυομένων</em></strong></span> <span class='ocrx_word' id='word_1_149' title='bbox 879 1959 1008 2048; x_wconf 80' lang='grc' dir='ltr'><strong><em>ἐκείνω,</em></strong></span> <span class='ocrx_word' id='word_1_150' title='bbox 1036 1958 1091 2025; x_wconf 81' lang='grc' dir='ltr'><strong><em>καὶ</em></strong></span> <span class='ocrx_word' id='word_1_151' title='bbox 1114 1963 1174 2027; x_wconf 81' lang='grc' dir='ltr'><strong><em>τὸν</em></strong></span> <span class='ocrx_word' id='word_1_152' title='bbox 1198 1960 1286 2047; x_wconf 88' lang='grc' dir='ltr'><strong><em>ίερέα</em></strong></span> <span class='ocrx_word' id='word_1_153' title='bbox 1309 1959 1346 2027; x_wconf 71' lang='grc' dir='ltr'><strong><em>δὲ</em></strong></span> <span class='ocrx_word' id='word_1_154' title='bbox 1369 1965 1454 2047; x_wconf 85' lang='grc' dir='ltr'><strong><em>βοᾶν</em></strong></span> <span class='ocrx_word' id='word_1_155' title='bbox 1476 1961 1515 2028; x_wconf 84' lang='grc' dir='ltr'><strong><em>ἐν</em></strong></span> <span class='ocrx_word' id='word_1_156' title='bbox 1537 1977 1611 2040; x_wconf 83' lang='grc' dir='ltr'><strong><em>ταῖς</em></strong></span> <span class='ocrx_word' id='word_1_157' title='bbox 1683 1994 1684 2007; x_wconf 52' lang='lat'>¹</span> 
     </span>
     <span class='ocr_line' id='line_1_17' title="bbox 323 2066 1610 2156; baseline 0.001 -22"><span class='ocrx_word' id='word_1_158' title='bbox 323 2071 473 2146; x_wconf 77' lang='grc' dir='ltr'><strong><em>θυσίαις·</em></strong></span> <span class='ocrx_word' id='word_1_159' title='bbox 499 2070 702 2154; x_wconf 89' lang='grc' dir='ltr'><strong><em>Πίνδαρος</em></strong></span> <span class='ocrx_word' id='word_1_160' title='bbox 726 2066 788 2156; x_wconf 63' lang='grc' dir='ltr'><strong><em>ἐπξὶ</em></strong></span> <span class='ocrx_word' id='word_1_161' title='bbox 809 2069 852 2134; x_wconf 84' lang='grc' dir='ltr'><strong><em>τὸ</em></strong></span> <span class='ocrx_word' id='word_1_162' title='bbox 876 2068 1040 2132; x_wconf 82' lang='grc' dir='ltr'><strong><em>δεῖπνον</em></strong></span> <span class='ocrx_word' id='word_1_163' title='bbox 1062 2077 1112 2156; x_wconf 77' lang='grc' dir='ltr'><strong><em>τῷ</em></strong></span> <span class='ocrx_word' id='word_1_164' title='bbox 1134 2075 1228 2154; x_wconf 75' lang='grc' dir='ltr'><strong><em>θεῷ·</em></strong></span> <span class='ocrx_word' id='word_1_165' title='bbox 1252 2067 1347 2151; x_wconf 76' lang='grc' dir='ltr'><strong><em>ἢκαί</em></strong></span> <span class='ocrx_word' id='word_1_166' title='bbox 1364 2070 1486 2147; x_wconf 81' lang='grc' dir='ltr'><strong><em>άλλως·</em></strong></span> <span class='ocrx_word' id='word_1_167' title='bbox 1510 2075 1610 2135; x_wconf 88' lang='grc' dir='ltr'><strong><em>Πίν-</em></strong></span> 
     </span>
     <span class='ocr_line' id='line_1_18' title="bbox 325 2173 1610 2261; baseline 0.002 -20"><span class='ocrx_word' id='word_1_168' title='bbox 325 2178 445 2261; x_wconf 88' lang='grc' dir='ltr'><strong><em>δαρος</em></strong></span> <span class='ocrx_word' id='word_1_169' title='bbox 473 2181 540 2240; x_wconf 80' lang='grc' dir='ltr'><strong><em>ἴτω</em></strong></span> <span class='ocrx_word' id='word_1_170' title='bbox 570 2173 631 2242; x_wconf 82' lang='grc' dir='ltr'><strong><em>ἐπὶ</em></strong></span> <span class='ocrx_word' id='word_1_171' title='bbox 654 2176 696 2240; x_wconf 88' lang='grc' dir='ltr'><strong><em>τὸ</em></strong></span> <span class='ocrx_word' id='word_1_172' title='bbox 721 2177 887 2242; x_wconf 81' lang='grc' dir='ltr'><strong><em>δεῖπνον</em></strong></span> <span class='ocrx_word' id='word_1_173' title='bbox 910 2183 978 2240; x_wconf 88' lang='grc' dir='ltr'><strong><em>τοῦ</em></strong></span> <span class='ocrx_word' id='word_1_174' title='bbox 1001 2181 1109 2240; x_wconf 85' lang='grc' dir='ltr'><strong><em>θεοῦ.</em></strong></span> <span class='ocrx_word' id='word_1_175' title='bbox 1153 2175 1237 2240; x_wconf 81' lang='grc' dir='ltr'><strong><em>κατὰ</em></strong></span> <span class='ocrx_word' id='word_1_176' title='bbox 1260 2173 1297 2240; x_wconf 72' lang='grc' dir='ltr'><strong><em>δέ</em></strong></span> <span class='ocrx_word' id='word_1_177' title='bbox 1319 2178 1441 2255; x_wconf 77' lang='grc' dir='ltr'><strong><em>ἄλλους</em></strong></span> <span class='ocrx_word' id='word_1_178' title='bbox 1464 2177 1501 2244; x_wconf 88' lang='grc' dir='ltr'><strong><em>έν</em></strong></span> <span class='ocrx_word' id='word_1_179' title='bbox 1523 2185 1610 2244; x_wconf 87' lang='grc' dir='ltr'><strong><em>Δελ-</em></strong></span> 
     </span>
     <span class='ocr_line' id='line_1_19' title="bbox 324 2281 1610 2370; baseline 0.002 -23"><span class='ocrx_word' id='word_1_180' title='bbox 324 2295 402 2369; x_wconf 83' lang='grc' dir='ltr'><strong><em>φοῖς</em></strong></span> <span class='ocrx_word' id='word_1_181' title='bbox 433 2286 555 2349; x_wconf 90' lang='grc' dir='ltr'><strong><em>κλείειν</em></strong></span> <span class='ocrx_word' id='word_1_182' title='bbox 587 2283 606 2349; x_wconf 86' lang='grc' dir='ltr'>ὁ</span> <span class='ocrx_word' id='word_1_183' title='bbox 633 2286 797 2368; x_wconf 84' lang='grc' dir='ltr'><strong><em>νεωκόρος</em></strong></span> <span class='ocrx_word' id='word_1_184' title='bbox 824 2281 954 2367; x_wconf 83' lang='grc' dir='ltr'><strong><em>μέλλων</em></strong></span> <span class='ocrx_word' id='word_1_185' title='bbox 980 2283 1039 2347; x_wconf 90' lang='grc' dir='ltr'><strong><em>τὸν</em></strong></span> <span class='ocrx_word' id='word_1_186' title='bbox 1066 2282 1153 2349; x_wconf 85' lang='grc' dir='ltr'><strong><em>νεῶν</em></strong></span> <span class='ocrx_word' id='word_1_187' title='bbox 1180 2285 1337 2370; x_wconf 83' lang='grc' dir='ltr'><strong><em>κηρύσσει</em></strong></span> <span class='ocrx_word' id='word_1_188' title='bbox 1364 2283 1444 2349; x_wconf 87' lang='grc' dir='ltr'><strong><em>καθ’</em></strong></span> <span class='ocrx_word' id='word_1_189' title='bbox 1469 2283 1610 2370; x_wconf 82' lang='grc' dir='ltr'><strong><em>ἡμέραν·</em></strong></span> 
     </span>
     <span class='ocr_line' id='line_1_20' title="bbox 326 2389 1610 2481; baseline 0 -25"><span class='ocrx_word' id='word_1_190' title='bbox 326 2392 529 2476; x_wconf 92' lang='grc' dir='ltr'><strong><em>Πίνδαρος</em></strong></span> <span class='ocrx_word' id='word_1_191' title='bbox 559 2389 578 2457; x_wconf 85' lang='grc' dir='ltr'>ὁ</span> <span class='ocrx_word' id='word_1_192' title='bbox 611 2391 852 2476; x_wconf 79' lang='grc' dir='ltr'><strong><em>μουσοποιὸς</em></strong></span> <span class='ocrx_word' id='word_1_193' title='bbox 881 2393 1031 2475; x_wconf 86' lang='grc' dir='ltr'><strong><em>παρίτω</em></strong></span> <span class='ocrx_word' id='word_1_194' title='bbox 1059 2392 1156 2475; x_wconf 88' lang='grc' dir='ltr'><strong><em>πρὸς</em></strong></span> <span class='ocrx_word' id='word_1_195' title='bbox 1182 2391 1224 2456; x_wconf 92' lang='grc' dir='ltr'><strong><em>τὸ</em></strong></span> <span class='ocrx_word' id='word_1_196' title='bbox 1253 2392 1416 2457; x_wconf 82' lang='grc' dir='ltr'><strong><em>δεῖπνον</em></strong></span> <span class='ocrx_word' id='word_1_197' title='bbox 1442 2401 1492 2480; x_wconf 79' lang='grc' dir='ltr'><strong><em>τῷ</em></strong></span> <span class='ocrx_word' id='word_1_198' title='bbox 1520 2400 1610 2481; x_wconf 76' lang='grc' dir='ltr'><strong><em>θεῷ.</em></strong></span> 
     </span>
    </p>

    <p class='ocr_par' dir='ltr' id='par_1_6' title="bbox 271 2495 1612 2906">
     <span class='ocr_line' id='line_1_21' title="bbox 271 2495 1612 2584; baseline 0 -19"><span class='ocrx_word' id='word_1_199' title='bbox 271 2517 305 2565; x_wconf 76' lang='lat'><strong><em>20</em></strong></span> <span class='ocrx_word' id='word_1_200' title='bbox 325 2497 380 2564; x_wconf 80' lang='grc' dir='ltr'><strong><em>καί</em></strong></span> <span class='ocrx_word' id='word_1_201' title='bbox 407 2500 471 2583; x_wconf 84' lang='grc' dir='ltr'><strong><em>γάρ</em></strong></span> <span class='ocrx_word' id='word_1_202' title='bbox 500 2496 536 2563; x_wconf 84' lang='grc' dir='ltr'><strong><em>έν</em></strong></span> <span class='ocrx_word' id='word_1_203' title='bbox 563 2508 603 2584; x_wconf 78' lang='grc' dir='ltr'><strong><em>τῇ</em></strong></span> <span class='ocrx_word' id='word_1_204' title='bbox 630 2509 698 2563; x_wconf 86' lang='grc' dir='ltr'><strong><em>τῶν</em></strong></span> <span class='ocrx_word' id='word_1_205' title='bbox 726 2501 873 2563; x_wconf 89' lang='grc' dir='ltr'><strong><em>Πυθίων</em></strong></span> <span class='ocrx_word' id='word_1_206' title='bbox 900 2495 996 2582; x_wconf 78' lang='grc' dir='ltr'><strong><em>ἑορτῇ</em></strong></span> <span class='ocrx_word' id='word_1_207' title='bbox 1024 2496 1203 2581; x_wconf 79' lang='grc' dir='ltr'><strong><em>ἐγεννήθη,</em></strong></span> <span class='ocrx_word' id='word_1_208' title='bbox 1231 2498 1277 2575; x_wconf 82' lang='grc' dir='ltr'><strong><em>ῶς</em></strong></span> <span class='ocrx_word' id='word_1_209' title='bbox 1304 2499 1403 2582; x_wconf 80' lang='grc' dir='ltr'><strong><em>δηλοῖ</em></strong></span> <span class='ocrx_word' id='word_1_210' title='bbox 1427 2497 1483 2564; x_wconf 79' lang='grc' dir='ltr'><strong><em>καὶ</em></strong></span> <span class='ocrx_word' id='word_1_211' title='bbox 1509 2501 1612 2575; x_wconf 83' lang='grc' dir='ltr'><strong><em>αὐτὸς</em></strong></span> 
     </span>
     <span class='ocr_line' id='line_1_22' title="bbox 326 2597 1611 2692; baseline -0.001 -22"><span class='ocrx_word' id='word_1_212' title='bbox 326 2607 441 2671; x_wconf 80' lang='grc' dir='ltr'><strong><em>εἰπών·</em></strong></span> <span class='ocrx_word' id='word_1_213' title='bbox 469 2603 737 2692; x_wconf 83' lang='grc' dir='ltr'><strong><em>Πενταετηρὶς</em></strong></span> <span class='ocrx_word' id='word_1_214' title='bbox 768 2602 884 2688; x_wconf 82' lang='grc' dir='ltr'><strong><em>ἑορτά</em></strong></span> <span class='ocrx_word' id='word_1_215' title='bbox 915 2607 1157 2689; x_wconf 89' lang='grc' dir='ltr'><strong><em>βουπομπός,</em></strong></span> <span class='ocrx_word' id='word_1_216' title='bbox 1192 2604 1234 2671; x_wconf 93' lang='grc' dir='ltr'><strong><em>ἐν</em></strong></span> <span class='ocrx_word' id='word_1_217' title='bbox 1263 2597 1285 2692; x_wconf 81' lang='grc' dir='ltr'><strong><em>ᾖ</em></strong></span> <span class='ocrx_word' id='word_1_218' title='bbox 1312 2616 1469 2691; x_wconf 88' lang='grc' dir='ltr'><strong><em>πρῶτον</em></strong></span> <span class='ocrx_word' id='word_1_219' title='bbox 1495 2606 1611 2670; x_wconf 84' lang='grc' dir='ltr'><strong><em>εὐνά-</em></strong></span> 
     </span>
     <span class='ocr_line' id='line_1_23' title="bbox 326 2699 1611 2798; baseline -0.002 -20"><span class='ocrx_word' id='word_1_220' title='bbox 326 2719 429 2796; x_wconf 88' lang='grc' dir='ltr'><strong><em>σθην</em></strong></span> <span class='ocrx_word' id='word_1_221' title='bbox 456 2712 654 2797; x_wconf 84' lang='grc' dir='ltr'><strong><em>ἀγαπατὸς</em></strong></span> <span class='ocrx_word' id='word_1_222' title='bbox 677 2711 718 2777; x_wconf 84' lang='grc' dir='ltr'><strong><em>ἐν</em></strong></span> <span class='ocrx_word' id='word_1_223' title='bbox 740 2699 992 2798; x_wconf 87' lang='grc' dir='ltr'><strong><em>σπαργάνοις.</em></strong></span> <span class='ocrx_word' id='word_1_224' title='bbox 1039 2711 1072 2796; x_wconf 84' lang='grc' dir='ltr'><strong><em>[ὅ</em></strong></span> <span class='ocrx_word' id='word_1_225' title='bbox 1096 2711 1186 2777; x_wconf 84' lang='grc' dir='ltr'><strong><em>ἐστιν</em></strong></span> <span class='ocrx_word' id='word_1_226' title='bbox 1209 2710 1366 2797; x_wconf 81' lang='grc' dir='ltr'><strong><em>ἐλέχθην,</em></strong></span> <span class='ocrx_word' id='word_1_227' title='bbox 1394 2713 1439 2789; x_wconf 85' lang='grc' dir='ltr'><strong><em>ὡς</em></strong></span> <span class='ocrx_word' id='word_1_228' title='bbox 1461 2711 1527 2779; x_wconf 86' lang='grc' dir='ltr'><strong><em>άπὸ</em></strong></span> <span class='ocrx_word' id='word_1_229' title='bbox 1550 2721 1611 2777; x_wconf 85' lang='grc' dir='ltr'><strong><em>τοῦ</em></strong></span> 
     </span>
     <span class='ocr_line' id='line_1_24' title="bbox 326 2817 1513 2906; baseline -0.001 -21"><span class='ocrx_word' id='word_1_230' title='bbox 326 2821 427 2906; x_wconf 79' lang='grc' dir='ltr'><strong><em>βάζω,</em></strong></span> <span class='ocrx_word' id='word_1_231' title='bbox 450 2819 470 2904; x_wconf 81' lang='grc' dir='ltr'><strong><em>ἣ</em></strong></span> <span class='ocrx_word' id='word_1_232' title='bbox 494 2817 550 2885; x_wconf 82' lang='grc' dir='ltr'><strong><em>καὶ</em></strong></span> <span class='ocrx_word' id='word_1_233' title='bbox 573 2822 692 2896; x_wconf 81' lang='grc' dir='ltr'><strong><em>άλλως·</em></strong></span> <span class='ocrx_word' id='word_1_234' title='bbox 717 2819 883 2902; x_wconf 86' lang='grc' dir='ltr'><strong><em>εὐάσθην,</em></strong></span> <span class='ocrx_word' id='word_1_235' title='bbox 906 2819 1121 2904; x_wconf 80' lang='grc' dir='ltr'><strong><em>εὐφημηθην,</em></strong></span> <span class='ocrx_word' id='word_1_236' title='bbox 1145 2819 1190 2897; x_wconf 80' lang='grc' dir='ltr'><strong><em>ῶς</em></strong></span> <span class='ocrx_word' id='word_1_237' title='bbox 1213 2819 1361 2886; x_wconf 79' lang='grc' dir='ltr'><strong><em>ἀπὸτοῦ</em></strong></span> <span class='ocrx_word' id='word_1_238' title='bbox 1384 2820 1462 2899; x_wconf 80' lang='grc' dir='ltr'><strong><em>εὐάζ</em></strong></span> <span class='ocrx_word' id='word_1_239' title='bbox 1489 2819 1513 2905; x_wconf 93' lang='grc'><strong><em>.]</em></strong></span> 
     </span>
    </p>

    <p class='ocr_par' dir='ltr' id='par_1_7' title="bbox 417 2923 1612 3012">
     <span class='ocr_line' id='line_1_25' title="bbox 417 2923 1612 3012; baseline -0.002 -19"><span class='ocrx_word' id='word_1_240' title='bbox 417 2925 544 3011; x_wconf 87' lang='grc' dir='ltr'><strong><em>λέγεται</em></strong></span> <span class='ocrx_word' id='word_1_241' title='bbox 576 2923 612 2991; x_wconf 70' lang='grc' dir='ltr'><strong><em>δὲ</em></strong></span> <span class='ocrx_word' id='word_1_242' title='bbox 644 2924 700 2991; x_wconf 82' lang='grc' dir='ltr'><strong><em>καὶ</em></strong></span> <span class='ocrx_word' id='word_1_243' title='bbox 732 2927 782 2992; x_wconf 81' lang='grc' dir='ltr'><strong><em>ὅτι</em></strong></span> <span class='ocrx_word' id='word_1_244' title='bbox 811 2927 829 2992; x_wconf 88' lang='grc' dir='ltr'><strong><em>δ</em></strong></span> <span class='ocrx_word' id='word_1_245' title='bbox 858 2928 935 2991; x_wconf 86' lang='grc' dir='ltr'><strong><em>Πάν</em></strong></span> <span class='ocrx_word' id='word_1_246' title='bbox 966 2924 1085 3011; x_wconf 82' lang='grc' dir='ltr'><strong><em>μεταξὺ</em></strong></span> <span class='ocrx_word' id='word_1_247' title='bbox 1113 2930 1331 3012; x_wconf 85' lang='grc' dir='ltr'><strong><em>Κιθαιρῶνος</em></strong></span> <span class='ocrx_word' id='word_1_248' title='bbox 1354 2925 1412 2992; x_wconf 81' lang='grc' dir='ltr'><strong><em>καὶ</em></strong></span> <span class='ocrx_word' id='word_1_249' title='bbox 1435 2925 1612 3002; x_wconf 84' lang='grc' dir='ltr'><strong><em>Ἑλικῶνος</em></strong></span> 
     </span>
    </p>

    <p class='ocr_par' dir='ltr' id='par_1_8' title="bbox 275 3027 1612 3442">
     <span class='ocr_line' id='line_1_26' title="bbox 275 3027 1612 3122; baseline -0.001 -20"><span class='ocrx_word' id='word_1_250' title='bbox 275 3053 308 3102; x_wconf 76' lang='lat'><strong><em>2⁶</em></strong></span> <span class='ocrx_word' id='word_1_251' title='bbox 328 3037 430 3121; x_wconf 80' lang='grc' dir='ltr'><strong><em>ὤφθη</em></strong></span> <span class='ocrx_word' id='word_1_252' title='bbox 454 3033 547 3121; x_wconf 80' lang='grc' dir='ltr'><strong><em>ᾅδων</em></strong></span> <span class='ocrx_word' id='word_1_253' title='bbox 569 3043 693 3099; x_wconf 84' lang='grc' dir='ltr'><strong><em>παιᾶνα</em></strong></span> <span class='ocrx_word' id='word_1_254' title='bbox 717 3034 902 3116; x_wconf 91' lang='grc' dir='ltr'><strong><em>Πινδάρου.</em></strong></span> <span class='ocrx_word' id='word_1_255' title='bbox 946 3035 999 3098; x_wconf 87' lang='grc' dir='ltr'><strong><em>διὸ</em></strong></span> <span class='ocrx_word' id='word_1_256' title='bbox 1022 3031 1079 3098; x_wconf 79' lang='grc' dir='ltr'><strong><em>καὶ</em></strong></span> <span class='ocrx_word' id='word_1_257' title='bbox 1101 3033 1201 3111; x_wconf 86' lang='grc' dir='ltr'><strong><em>αὐτὸς</em></strong></span> <span class='ocrx_word' id='word_1_258' title='bbox 1224 3029 1314 3122; x_wconf 83' lang='grc' dir='ltr'><strong><em>ᾆσμα</em></strong></span> <span class='ocrx_word' id='word_1_259' title='bbox 1337 3035 1500 3119; x_wconf 84' lang='grc' dir='ltr'><strong><em>ἐποίησεν,</em></strong></span> <span class='ocrx_word' id='word_1_260' title='bbox 1525 3034 1564 3099; x_wconf 85' lang='grc' dir='ltr'><strong><em>ἐν</em></strong></span> <span class='ocrx_word' id='word_1_261' title='bbox 1586 3027 1612 3121; x_wconf 75' lang='grc' dir='ltr'><em>ᾧ</em></span> 
     </span>
     <span class='ocr_line' id='line_1_27' title="bbox 328 3136 1612 3229; baseline 0 -23"><span class='ocrx_word' id='word_1_262' title='bbox 328 3141 426 3227; x_wconf 86' lang='grc' dir='ltr'><strong><em>χάριν</em></strong></span> <span class='ocrx_word' id='word_1_263' title='bbox 458 3141 547 3229; x_wconf 75' lang='grc' dir='ltr'><strong><em>αὐτῷ</em></strong></span> <span class='ocrx_word' id='word_1_264' title='bbox 579 3149 638 3224; x_wconf 80' lang='grc' dir='ltr'><strong><em>τῆς</em></strong></span> <span class='ocrx_word' id='word_1_265' title='bbox 668 3149 763 3224; x_wconf 77' lang='grc' dir='ltr'><strong><em>τιμῆς</em></strong></span> <span class='ocrx_word' id='word_1_266' title='bbox 796 3139 1088 3226; x_wconf 81' lang='grc' dir='ltr'><strong><em>άνθομολογεϊται,</em></strong></span> <span class='ocrx_word' id='word_1_267' title='bbox 1125 3137 1166 3207; x_wconf 85' lang='grc' dir='ltr'><strong><em>οὗ</em></strong></span> <span class='ocrx_word' id='word_1_268' title='bbox 1199 3141 1294 3227; x_wconf 66' lang='grc' dir='ltr'><strong><em>ἀρχά</em></strong></span> <span class='ocrx_word' id='word_1_269' title='bbox 1323 3136 1363 3206; x_wconf 77' lang='grc' dir='ltr'><em>Ὠ</em></span> <span class='ocrx_word' id='word_1_270' title='bbox 1395 3142 1483 3206; x_wconf 88' lang='grc' dir='ltr'><strong><em>Πάν</em></strong></span> <span class='ocrx_word' id='word_1_271' title='bbox 1515 3142 1612 3223; x_wconf 89' lang='grc' dir='ltr'><strong><em>Πάν,</em></strong></span> 
     </span>
     <span class='ocr_line' id='line_1_28' title="bbox 326 3244 1611 3336; baseline -0.001 -23"><span class='ocrx_word' id='word_1_272' title='bbox 326 3247 531 3334; x_wconf 79' lang='grc' dir='ltr'><strong><em>Ἀρκαδίας</em></strong></span> <span class='ocrx_word' id='word_1_273' title='bbox 558 3245 706 3331; x_wconf 82' lang='grc' dir='ltr'><strong><em>μεδέων</em></strong></span> <span class='ocrx_word' id='word_1_274' title='bbox 733 3244 797 3311; x_wconf 85' lang='grc' dir='ltr'><strong><em>καὶ</em></strong></span> <span class='ocrx_word' id='word_1_275' title='bbox 821 3257 975 3330; x_wconf 83' lang='grc' dir='ltr'><strong><em>σεμνῶν</em></strong></span> <span class='ocrx_word' id='word_1_276' title='bbox 998 3246 1152 3313; x_wconf 82' lang='grc' dir='ltr'><strong><em>ἀδύτων</em></strong></span> <span class='ocrx_word' id='word_1_277' title='bbox 1175 3245 1311 3334; x_wconf 84' lang='grc' dir='ltr'><strong><em>φύλαξ.</em></strong></span> <span class='ocrx_word' id='word_1_278' title='bbox 1357 3259 1397 3336; x_wconf 79' lang='grc' dir='ltr'><strong><em>τῇ</em></strong></span> <span class='ocrx_word' id='word_1_279' title='bbox 1421 3249 1552 3336; x_wconf 80' lang='grc' dir='ltr'><strong><em>ἱστορίᾳ</em></strong></span> <span class='ocrx_word' id='word_1_280' title='bbox 1577 3244 1611 3312; x_wconf 76' lang='grc' dir='ltr'><strong><em>δὲ</em></strong></span> 
     </span>
     <span class='ocr_line' id='line_1_29' title="bbox 330 3351 1210 3442; baseline -0.001 -22"><span class='ocrx_word' id='word_1_281' title='bbox 330 3356 433 3442; x_wconf 89' lang='grc' dir='ltr'><strong><em>ταύτη</em></strong></span> <span class='ocrx_word' id='word_1_282' title='bbox 456 3366 619 3441; x_wconf 83' lang='grc' dir='ltr'><strong><em>μαρτυρεῖ</em></strong></span> <span class='ocrx_word' id='word_1_283' title='bbox 639 3351 693 3420; x_wconf 82' lang='grc' dir='ltr'><strong><em>καὶ</em></strong></span> <span class='ocrx_word' id='word_1_284' title='bbox 717 3351 904 3440; x_wconf 84' lang='grc' dir='ltr'><strong><em>ἐπίγραμμα</em></strong></span> <span class='ocrx_word' id='word_1_285' title='bbox 926 3355 1069 3419; x_wconf 88' lang='grc' dir='ltr'><strong><em>παλαιὸν</em></strong></span> <span class='ocrx_word' id='word_1_286' title='bbox 1091 3351 1210 3420; x_wconf 77' lang='grc' dir='ltr'><strong><em>ἐκεῖνο</em></strong></span> 
     </span>
    </p>
   </div>
   <div class='ocr_carea' id='block_1_3' title="bbox 277 3497 1469 4120">
    <p class='ocr_par' dir='ltr' id='par_1_9' title="bbox 277 3497 1469 4120">
     <span class='ocr_line' id='line_1_30' title="bbox 422 3497 1389 3590; baseline 0 -27"><span class='ocrx_word' id='word_1_287' title='bbox 422 3501 628 3585; x_wconf 88' lang='grc' dir='ltr'><strong><em>Νεβρείων</em></strong></span> <span class='ocrx_word' id='word_1_288' title='bbox 651 3497 796 3564; x_wconf 86' lang='grc' dir='ltr'><strong><em>ὁπόσον</em></strong></span> <span class='ocrx_word' id='word_1_289' title='bbox 820 3497 985 3581; x_wconf 83' lang='grc' dir='ltr'><strong><em>σάλπιγξ</em></strong></span> <span class='ocrx_word' id='word_1_290' title='bbox 1009 3498 1221 3590; x_wconf 83' lang='grc' dir='ltr'><strong><em>ὑπερίαχεν</em></strong></span> <span class='ocrx_word' id='word_1_291' title='bbox 1244 3498 1389 3582; x_wconf 86' lang='grc' dir='ltr'><strong><em>αὐλῶν,</em></strong></span> 
     </span>
     <span class='ocr_line' id='line_1_31' title="bbox 277 3601 1291 3691; baseline -0.002 -19"><span class='ocrx_word' id='word_1_292' title='bbox 277 3623 312 3672; x_wconf 83' lang='grc'><strong><em>30</em></strong></span> <span class='ocrx_word' id='word_1_293' title='bbox 464 3608 605 3671; x_wconf 87' lang='grc' dir='ltr'><strong><em>τόσσον</em></strong></span> <span class='ocrx_word' id='word_1_294' title='bbox 628 3601 724 3691; x_wconf 72' lang='grc' dir='ltr'><strong><em>ὑπὲρ</em></strong></span> <span class='ocrx_word' id='word_1_295' title='bbox 748 3605 872 3682; x_wconf 88' lang='grc' dir='ltr'><strong><em>πάσας</em></strong></span> <span class='ocrx_word' id='word_1_296' title='bbox 895 3609 1032 3689; x_wconf 79' lang='grc' dir='ltr'><strong><em>ἔκρανε</em></strong></span> <span class='ocrx_word' id='word_1_297' title='bbox 1056 3618 1138 3670; x_wconf 79' lang='grc' dir='ltr'><strong><em>σεῖο</em></strong></span> <span class='ocrx_word' id='word_1_298' title='bbox 1161 3604 1291 3689; x_wconf 85' lang='grc' dir='ltr'><strong><em>χέλυς,</em></strong></span> 
     </span>
     <span class='ocr_line' id='line_1_32' title="bbox 420 3709 1469 3798; baseline 0.001 -21"><span class='ocrx_word' id='word_1_299' title='bbox 420 3709 511 3777; x_wconf 72' lang='grc' dir='ltr'><strong><em>οὐδὲ</em></strong></span> <span class='ocrx_word' id='word_1_300' title='bbox 534 3713 658 3797; x_wconf 94' lang='grc' dir='ltr'><strong><em>μάτην</em></strong></span> <span class='ocrx_word' id='word_1_301' title='bbox 682 3712 846 3789; x_wconf 80' lang='grc' dir='ltr'><strong><em>ἁπαλοῖς</em></strong></span> <span class='ocrx_word' id='word_1_302' title='bbox 869 3711 957 3798; x_wconf 79' lang='grc' dir='ltr'><strong><em>περὶ</em></strong></span> <span class='ocrx_word' id='word_1_303' title='bbox 980 3714 1154 3796; x_wconf 87' lang='grc' dir='ltr'><strong><em>χείλεσιν</em></strong></span> <span class='ocrx_word' id='word_1_304' title='bbox 1177 3711 1294 3798; x_wconf 84' lang='grc' dir='ltr'><strong><em>ἑσμὸς</em></strong></span> <span class='ocrx_word' id='word_1_305' title='bbox 1317 3713 1469 3792; x_wconf 86' lang='grc' dir='ltr'><strong><em>ἐκεῖνος</em></strong></span> 
     </span>
     <span class='ocr_line' id='line_1_33' title="bbox 465 3819 1300 3905; baseline 0.001 -21"><span class='ocrx_word' id='word_1_306' title='bbox 465 3823 606 3885; x_wconf 84' lang='grc' dir='ltr'><strong><em>ἔπλασε</em></strong></span> <span class='ocrx_word' id='word_1_307' title='bbox 629 3820 860 3904; x_wconf 88' lang='grc' dir='ltr'><strong><em>κηρόδετον,</em></strong></span> <span class='ocrx_word' id='word_1_308' title='bbox 883 3820 1074 3905; x_wconf 88' lang='grc' dir='ltr'><strong><em>Πίνδαρε,</em></strong></span> <span class='ocrx_word' id='word_1_309' title='bbox 1098 3831 1180 3883; x_wconf 79' lang='grc' dir='ltr'><strong><em>σεῖο</em></strong></span> <span class='ocrx_word' id='word_1_310' title='bbox 1203 3819 1300 3904; x_wconf 88' lang='grc' dir='ltr'><strong><em>με’λι.</em></strong></span> 
     </span>
     <span class='ocr_line' id='line_1_34' title="bbox 420 3926 1453 4014; baseline 0.001 -22"><span class='ocrx_word' id='word_1_311' title='bbox 420 3928 569 4014; x_wconf 89' lang='grc' dir='ltr'><strong><em>μάρτυς</em></strong></span> <span class='ocrx_word' id='word_1_312' title='bbox 591 3928 609 3993; x_wconf 88' lang='grc' dir='ltr'><strong><em>δ</em></strong></span> <span class='ocrx_word' id='word_1_313' title='bbox 633 3927 857 4003; x_wconf 91' lang='grc' dir='ltr'><strong><em>Μαινάλιος</em></strong></span> <span class='ocrx_word' id='word_1_314' title='bbox 879 3929 1032 4012; x_wconf 89' lang='grc' dir='ltr'><strong><em>κερόεις</em></strong></span> <span class='ocrx_word' id='word_1_315' title='bbox 1054 3927 1146 4003; x_wconf 89' lang='grc' dir='ltr'><strong><em>θεὸς</em></strong></span> <span class='ocrx_word' id='word_1_316' title='bbox 1168 3926 1294 4011; x_wconf 87' lang='grc' dir='ltr'><strong><em>ύμνον</em></strong></span> <span class='ocrx_word' id='word_1_317' title='bbox 1318 3927 1453 4005; x_wconf 89' lang='grc' dir='ltr'><strong><em>ιἰείσας</em></strong></span> 
     </span>
     <span class='ocr_line' id='line_1_35' title="bbox 465 4033 1329 4120; baseline 0.001 -21"><span class='ocrx_word' id='word_1_318' title='bbox 465 4035 533 4100; x_wconf 91' lang='grc' dir='ltr'><strong><em>τὸν</em></strong></span> <span class='ocrx_word' id='word_1_319' title='bbox 556 4033 620 4100; x_wconf 92' lang='grc' dir='ltr'><strong><em>σέο</em></strong></span> <span class='ocrx_word' id='word_1_320' title='bbox 643 4033 707 4101; x_wconf 80' lang='grc' dir='ltr'><strong><em>καὶ</em></strong></span> <span class='ocrx_word' id='word_1_321' title='bbox 730 4037 878 4119; x_wconf 90' lang='grc' dir='ltr'><strong><em>νομίων</em></strong></span> <span class='ocrx_word' id='word_1_322' title='bbox 902 4034 1119 4120; x_wconf 90' lang='grc' dir='ltr'><strong><em>λησάμενος</em></strong></span> <span class='ocrx_word' id='word_1_323' title='bbox 1141 4035 1329 4100; x_wconf 90' lang='grc' dir='ltr'><strong><em>δονάκων.</em></strong></span> 
     </span>
    </p>
   </div>
   <div class='ocr_carea' id='block_1_4' title="bbox 280 4190 1614 4496">
    <p class='ocr_par' dir='ltr' id='par_1_10' title="bbox 280 4190 1614 4496">
     <span class='ocr_line' id='line_1_36' title="bbox 280 4190 1614 4282; baseline 0.004 -22"><span class='ocrx_word' id='word_1_324' title='bbox 280 4222 312 4268; x_wconf 75' lang='lat'><strong><em>35</em></strong></span> <span class='ocrx_word' id='word_1_325' title='bbox 332 4195 419 4279; x_wconf 86' lang='grc' dir='ltr'><strong><em>λέγει</em></strong></span> <span class='ocrx_word' id='word_1_326' title='bbox 448 4192 484 4260; x_wconf 74' lang='grc' dir='ltr'><strong><em>δέ</em></strong></span> <span class='ocrx_word' id='word_1_327' title='bbox 512 4197 549 4261; x_wconf 89' lang='grc' dir='ltr'><strong><em>τὸ</em></strong></span> <span class='ocrx_word' id='word_1_328' title='bbox 577 4193 764 4282; x_wconf 89' lang='grc' dir='ltr'><strong><em>ἐπίγραμμα</em></strong></span> <span class='ocrx_word' id='word_1_329' title='bbox 791 4204 890 4260; x_wconf 88' lang='grc' dir='ltr'><strong><em>τοῦτο</em></strong></span> <span class='ocrx_word' id='word_1_330' title='bbox 918 4196 1088 4278; x_wconf 85' lang='grc' dir='ltr'><strong><em>νεβρείους</em></strong></span> <span class='ocrx_word' id='word_1_331' title='bbox 1115 4190 1176 4279; x_wconf 70' lang='grc' dir='ltr'><strong><em>μέν</em></strong></span> <span class='ocrx_word' id='word_1_332' title='bbox 1203 4195 1327 4272; x_wconf 80' lang='grc' dir='ltr'><strong><em>αὐλοὺς</em></strong></span> <span class='ocrx_word' id='word_1_333' title='bbox 1354 4199 1433 4273; x_wconf 84' lang='grc' dir='ltr'><strong><em>τοὺς</em></strong></span> <span class='ocrx_word' id='word_1_334' title='bbox 1461 4199 1506 4275; x_wconf 87' lang='grc' dir='ltr'><strong><em>ῶς</em></strong></span> <span class='ocrx_word' id='word_1_335' title='bbox 1529 4201 1614 4276; x_wconf 78' lang='grc' dir='ltr'><strong><em>εἰκὸς</em></strong></span> 
     </span>
     <span class='ocr_line' id='line_1_37' title="bbox 333 4300 1614 4390; baseline 0.004 -23"><span class='ocrx_word' id='word_1_336' title='bbox 333 4302 365 4380; x_wconf 83' lang='grc' dir='ltr'><strong><em>ἐξ</em></strong></span> <span class='ocrx_word' id='word_1_337' title='bbox 389 4302 513 4368; x_wconf 89' lang='grc' dir='ltr'><strong><em>ὀστέων</em></strong></span> <span class='ocrx_word' id='word_1_338' title='bbox 538 4301 663 4388; x_wconf 82' lang='grc' dir='ltr'><strong><em>ἐλάφου</em></strong></span> <span class='ocrx_word' id='word_1_339' title='bbox 687 4312 835 4386; x_wconf 81' lang='grc' dir='ltr'><strong><em>νεογνῆς.</em></strong></span> <span class='ocrx_word' id='word_1_340' title='bbox 882 4303 984 4386; x_wconf 77' lang='grc' dir='ltr'><strong><em>δῆλον</em></strong></span> <span class='ocrx_word' id='word_1_341' title='bbox 1007 4300 1085 4386; x_wconf 93' lang='grc' dir='ltr'><strong><em>γάρ,</em></strong></span> <span class='ocrx_word' id='word_1_342' title='bbox 1114 4301 1159 4378; x_wconf 83' lang='grc' dir='ltr'><strong><em>ὡς</em></strong></span> <span class='ocrx_word' id='word_1_343' title='bbox 1181 4305 1300 4389; x_wconf 88' lang='grc' dir='ltr'><strong><em>νεβρὸς</em></strong></span> <span class='ocrx_word' id='word_1_344' title='bbox 1321 4305 1359 4369; x_wconf 87' lang='grc' dir='ltr'><strong><em>τὸ</em></strong></span> <span class='ocrx_word' id='word_1_345' title='bbox 1382 4307 1537 4386; x_wconf 86' lang='grc' dir='ltr'><strong><em>νεογιλδν</em></strong></span> <span class='ocrx_word' id='word_1_346' title='bbox 1558 4317 1614 4390; x_wconf 79' lang='grc' dir='ltr'><strong><em>τῆς</em></strong></span> 
     </span>
     <span class='ocr_line' id='line_1_38' title="bbox 333 4406 1611 4496; baseline 0.002 -23"><span class='ocrx_word' id='word_1_347' title='bbox 333 4408 473 4493; x_wconf 87' lang='grc' dir='ltr'><strong><em>ἐλάφου·</em></strong></span> <span class='ocrx_word' id='word_1_348' title='bbox 507 4411 551 4486; x_wconf 86' lang='grc' dir='ltr'><strong><em>ὡς</em></strong></span> <span class='ocrx_word' id='word_1_349' title='bbox 583 4406 620 4475; x_wconf 77' lang='grc' dir='ltr'><strong><em>δέ</em></strong></span> <span class='ocrx_word' id='word_1_350' title='bbox 648 4409 712 4475; x_wconf 81' lang='grc' dir='ltr'><strong><em>ἀπὸ</em></strong></span> <span class='ocrx_word' id='word_1_351' title='bbox 740 4409 860 4475; x_wconf 90' lang='grc' dir='ltr'><strong><em>ὀνείων</em></strong></span> <span class='ocrx_word' id='word_1_352' title='bbox 887 4408 1009 4490; x_wconf 86' lang='grc' dir='ltr'><strong><em>ὀστῶν,</em></strong></span> <span class='ocrx_word' id='word_1_353' title='bbox 1041 4407 1129 4474; x_wconf 76' lang='grc' dir='ltr'><strong><em>οὕτω</em></strong></span> <span class='ocrx_word' id='word_1_354' title='bbox 1156 4407 1212 4474; x_wconf 79' lang='grc' dir='ltr'><strong><em>καί</em></strong></span> <span class='ocrx_word' id='word_1_355' title='bbox 1239 4409 1303 4476; x_wconf 89' lang='grc' dir='ltr'><strong><em>άπὸ</em></strong></span> <span class='ocrx_word' id='word_1_356' title='bbox 1331 4412 1491 4496; x_wconf 88' lang='grc' dir='ltr'><strong><em>νεβρείων</em></strong></span> <span class='ocrx_word' id='word_1_357' title='bbox 1518 4411 1611 4478; x_wconf 78' lang='grc' dir='ltr'><strong><em>αὐλοί</em></strong></span> 
     </span>
    </p>
   </div>
   <div class='ocr_carea' id='block_1_5' title="bbox 333 4619 1613 4818">
    <p class='ocr_par' dir='ltr' id='par_1_11' title="bbox 333 4619 1613 4818">
     <span class='ocr_line' id='line_1_39' title="bbox 423 4619 1613 4696; baseline 0.005 -24"><span class='ocrx_word' id='word_1_358' title='bbox 423 4626 466 4674; x_wconf 76' lang='lat'><strong><em>21.</em></strong></span> <span class='ocrx_word' id='word_1_359' title='bbox 491 4619 618 4691; x_wconf 79' lang='grc' dir='ltr'><strong><em>ἐβάοθην</em></strong></span> <span class='ocrx_word' id='word_1_360' title='bbox 636 4621 697 4676; x_wconf 70' lang='lat' dir='ltr'>cod„</span> <span class='ocrx_word' id='word_1_361' title='bbox 722 4651 754 4660; x_wconf 88' lang='lat'><em>-</em></span> <span class='ocrx_word' id='word_1_362' title='bbox 779 4626 812 4673; x_wconf 77' lang='grc'><strong><em>22</em></strong></span> <span class='ocrx_word' id='word_1_363' title='bbox 823 4637 864 4688; x_wconf 84' lang='lat' dir='ltr'><strong><em>sq.</em></strong></span> <span class='ocrx_word' id='word_1_364' title='bbox 888 4619 904 4674; x_wconf 83' lang='grc' dir='ltr'>ὅ</span> <span class='ocrx_word' id='word_1_365' title='bbox 927 4619 1001 4674; x_wconf 80' lang='grc' dir='ltr'><strong><em>ἐστιν</em></strong></span> <span class='ocrx_word' id='word_1_366' title='bbox 1022 4664 1027 4675; x_wconf 94' lang='grc'><strong><em>.</em></strong></span> <span class='ocrx_word' id='word_1_367' title='bbox 1045 4659 1073 4680; x_wconf 85' lang='grc'><strong><em>..</em></strong></span> <span class='ocrx_word' id='word_1_368' title='bbox 1093 4619 1182 4686; x_wconf 71' lang='grc' dir='ltr'><strong><em>εὐάζω</em></strong></span> <span class='ocrx_word' id='word_1_369' title='bbox 1205 4620 1344 4676; x_wconf 83' lang='lat' dir='ltr'><strong>scholium</strong></span> <span class='ocrx_word' id='word_1_370' title='bbox 1367 4622 1467 4678; x_wconf 79' lang='lat' dir='ltr'><strong>estad</strong></span> <span class='ocrx_word' id='word_1_371' title='bbox 1487 4622 1613 4696; x_wconf 80' lang='grc' dir='ltr'><strong><em>ἐβάοθηι</em></strong></span> 
     </span>
     <span class='ocr_line' id='line_1_40' title="bbox 333 4691 1613 4818; baseline 0.004 -73"><span class='ocrx_word' id='word_1_372' title='bbox 333 4692 444 4818; x_wconf 48' lang='grc' dir='ltr'><strong><em>φξίθτὲοί.</em></strong></span> <span class='ocrx_word' id='word_1_373' title='bbox 465 4691 601 4761; x_wconf 81' lang='grc' dir='ltr'><strong><em>εὐάσθην.</em></strong></span> <span class='ocrx_word' id='word_1_374' title='bbox 626 4723 659 4733; x_wconf 99' lang='grc'>-</span> <span class='ocrx_word' id='word_1_375' title='bbox 683 4697 725 4747; x_wconf 83' lang='grc'><strong><em>31.</em></strong></span> <span class='ocrx_word' id='word_1_376' title='bbox 748 4691 857 4755; x_wconf 80' lang='grc' dir='ltr'><strong><em>ἁπαλὸς</em></strong></span> <span class='ocrx_word' id='word_1_377' title='bbox 875 4691 935 4748; x_wconf 60' lang='lat' dir='ltr'><strong><em>cod„</em></strong></span> <span class='ocrx_word' id='word_1_378' title='bbox 973 4691 1080 4756; x_wconf 79' lang='grc' dir='ltr'><strong><em>ἐκεῖνος</em></strong></span> <span class='ocrx_word' id='word_1_379' title='bbox 1098 4693 1136 4748; x_wconf 80' lang='grc' dir='ltr'><strong><em>οδ</em></strong></span> <span class='ocrx_word' id='word_1_380' title='bbox 1153 4693 1283 4747; x_wconf 77' lang='lat' dir='ltr'><strong>tabulam</strong></span> <span class='ocrx_word' id='word_1_381' title='bbox 1300 4695 1346 4750; x_wconf 83' lang='lat' dir='ltr'><strong><em>vel</em></strong></span> <span class='ocrx_word' id='word_1_382' title='bbox 1365 4693 1478 4765; x_wconf 79' lang='lat' dir='ltr'>signum</span> <span class='ocrx_word' id='word_1_383' title='bbox 1497 4695 1613 4765; x_wconf 75' lang='lat' dir='ltr'><strong>aliquod</strong></span> 
     </span>
    </p>
   </div>
   <div class='ocr_carea' id='block_1_6' title="bbox 0 0 1714 5434">
    <p class='ocr_par' dir='ltr' id='par_1_12' title="bbox 0 0 1714 5434">
     <span class='ocr_line' id='line_1_41' title="bbox 0 0 1714 5434; baseline 0 0"><span class='ocrx_word' id='word_1_384' title='bbox 0 0 1714 5434; x_wconf 95' lang='lat' dir='ltr'><strong><em> </em></strong></span> 
     </span>
    </p>
   </div>
  </div>
 </body>
</html>
