3417 5434
627 338 751 389 naues
770 300 841 391 vu(
1299 334 1361 398 291

90 520 124 566 ῑο
145 484 306 579 Εὐξενίδα
329 500 479 586 πάτραθε
504 500 684 584 Σά-γενες,
707 500 866 585 ἀπομνύω

142 611 186 694 μὴ
208 606 311 693 τέρμα
333 609 459 694 προβάς
482 605 601 673 ἄκονθ’
622 602 716 673 -ὧτε
738 604 970 692 χαλκοπάραον
992 608 1090 693 ὄρσαι
1314 624 1364 670 ιοο

142 788 231 852 θοάν
253 792 421 869 γλῶσσαν·
446 786 464 852 ὅ
487 784 519 851 σ’
545 784 738 870 έξέπεμ-ψεν
759 785 995 870 παλαισμάτων
1165 782 1250 849 Ἀντ
1269 781 1311 849 θ’.

142 893 265 979 αὐχένα
287 891 342 958 καὶ
365 892 488 970 σθένος
511 892 684 977 ἀδίαντον,
707 899 756 959 αί-

186 1008 275 1067 θωνι
297 999 378 1086 πρὶν
402 1000 501 1088 ἀελίῳ
521 1040 534 1048 -
554 1011 651 1083 γυῖον
674 999 833 1085 ἐμπεσεῖν.

142 1110 173 1172 εί
194 1110 297 1183 πόνος
319 1102 376 1191 ἦν,
399 1109 435 1172 τὸ
460 1108 617 1192 τερπ-νὸν
639 1105 741 1172 πλέον
763 1104 962 1191 πεδέρχεται.

88 1232 122 1279 '15
143 1218 180 1279 ἔα
202 1234 256 1299 με·
280 1217 434 1279 νι-κῶντί
454 1236 491 1296 γε
514 1214 626 1299 χάριν,
650 1219 683 1278 εί
702 1236 733 1277 τι
755 1210 861 1298 πέραν
883 1210 1017 1295 ἀερθεὶς

142 1321 342 1406 ἀνέκραγον,
365 1320 406 1385 οὐ
425 1361 438 1370 -
457 1321 580 1406 τραχύς
602 1322 667 1405 είμι
691 1317 891 1403 καταθέμεν·

141 1435 244 1514 είρειν
268 1427 465 1512 στεφάνους·
490 1427 651 1513 ἐλαφ-ρόν
674 1424 852 1510 ἀναβάλεο,
876 1426 1006 1509 Μοῖσά,
1029 1446 1093 1491 τοι·

140 1538 244 1601 κόλλα
267 1535 392 1620 χρῠσὸν
415 1537 452 1599 έν
474 1557 509 1599 τε
532 1536 666 1599 λευ-κὸν
689 1532 845 1618 ἐλέφανθ’
874 1532 941 1619 ἀμᾷ
1315 1551 1364 1598 115

142 1640 199 1707 καὶ
223 1646 348 1728 λείριον
371 1643 521 1727 άνθεμον
539 1682 553 1691 -
571 1644 708 1723 ποντίας
729 1638 879 1725 cipeto&
906 1639 1028 1725 ἐέρσας.

86 1763 112 1768 —
157 1760 373 1865 {caepisti
396 1796 543 1870 Σαγένονς
565 1798 659 1873 πάτρᾳ
682 1798 754 1890 Hert
836 1830 871 1837 —
893 1796 1027 1879 ἀπομνύω
1050 1814 1084 1851 ex
1108 1796 1193 1851 schol.
1218 1797 1273 1851 Ber
1292 1797 1312 1851 k
1331 1829 1365 1837 -

88 1878 129 1927 71.
145 1868 233 1941 τέρμα
247 1878 340 1938 περῶν
354 1870 522 1925 Herwerdsn
537 1902 570 1911 ·—
585 1868 712 1942 προβάντ
734 1870 780 1925 vel
811 1886 890 1938 ρσαις
903 1868 1082 1925 scribendum
1095 1868 1205 1922 censuit
1216 1868 1367 1923 Holvsrda

87 1943 172 1997 Arcb.
188 1941 256 1997 Zeit.
273 1947 340 1996 1881
361 1960 387 2013 p.
403 1958 442 1997 ero
462 1974 495 1982 -
514 1937 565 1997 ὧτε
583 1941 709 1997 Boeclrh:
729 1942 822 1997 ὡσείτε
841 1941 911 2009 BD,
932 1938 1000 1995 ὥστε
1019 1938 1102 1994 Trici.
1120 1970 1156 1980 -
1175 1944 1217 1995 72.
1237 1938 1292 1994 ὅτ’
1310 1940 1365 2005 ἐξέ-

85 2032 183 2126 'Ill‘
197 2013 269 2139 00Γ
280 2013 334 2068 ¹³⁰¹
353 2010 608 2139 λλλίέλὲΓΓ
620 2010 947 2153 curticel:
955 2017 1005 2139 Γ
1016 2009 1158 2154 sliu
1172 2010 1367 2137 ΓΓΙΓΓΓ

85 2091 189 2229 cdliii
204 2104 323 2211 'ililw-
341 2102 385 2211 ἀθ.
405 2128 490 2210 κόλλα
508 2106 814 2211 οάπί.νῙλοοέλ]οπελοίαι
834 2158 918 2228 κολλᾷ
938 2126 1051 2209 1315-
1254 2125 1276 2138 Η
1316 2103 1353 2138 w

161 2304 203 2353 ⁷1.
227 2297 335 2371 προβάς
353 2314 415 2351 cum
435 2315 491 2353 acc.
511 2294 596 2369 τέρμα
615 2298 741 2353 iunctum
760 2300 803 2352 est
822 2296 859 2351 ad
878 2296 1039 2367 analogiam
1058 2296 1207 2351 verborum
1227 2296 1298 2364 turp
1318 2296 1366 2351 άλ-

86 2376 155 2439 λειν,
173 2367 322 2443 ἐκβαίνειν,
338 2367 503 2434 ἐξίστασθαι
516 2370 565 2436 al.;
585 2369 620 2425 cs.
635 2370 754 2440 Hesych.
769 2367 889 2442 προβάς·
908 2366 1040 2441 ὑπερβάς,
1055 2384 1141 2437 quam
1154 2367 1279 2438 glossam
1335 2385 1365 2422 so

86 2444 123 2498 M.
141 2441 269 2497 Schmidt
292 2441 322 2494 in
344 2440 478 2509 Hesycbii
501 2440 625 2495 editione
648 2441 686 2495 ad
709 2441 792 2511 Soph.
808 2442 872 2495 Ant.
887 2456 926 2496 aas
944 2438 1062 2494 rettulit.
1100 2437 1253 2508 Comparat
1271 2442 1366 2493 autem

85 2516 175 2584 poeta
197 2512 325 2583 linguam
347 2528 494 2584 procacem
516 2512 609 2567 iaculo
629 2515 658 2567 et
676 2512 875 2582 semetipsum
893 2508 1178 2578 iaculatorilineam‚
1203 2526 1260 2579 qua
1278 2527 1366 2579 usque

86 2585 263 2640 iaculantem
301 2582 433 2638 rocedere
451 2582 526 2653 licet,
544 2601 601 2639 non
619 2600 740 2667 egresso.
768 2584 863 2654 Ipsum
882 2582 957 2637 enim
974 2582 1091 2637 verbum
1108 2580 1217 2654 προβάς
1234 2580 1367 2651 prohibet

85 2656 239 2727 quominus
257 2674 344 2725 τερμα
367 2656 449 2709 linem
472 2654 616 2710 iaculandi
639 2654 849 2727 intellegamus3
873 2653 1004 2707 nimirum
1026 2669 1108 2707 nemo
1130 2653 1215 2706 finem
1238 2669 1366 2723 egressus

87 2728 213 2783 iaculum
238 2726 336 2781 mittit.
373 2726 434 2780 Hac
457 2729 552 2780 autem
574 2726 698 2797 imagine
723 2729 808 2796 poeta
831 2725 933 2794 utitur,
957 2727 989 2778 ut
1006 2722 1135 2793 quamvis
1154 2723 1256 2794 frigide
1275 2726 1366 2779 trans-

86 2801 161 2854 itum
185 2798 240 2853 sibi
258 2801 340 2869 paret
357 2798 394 2851 ad
413 2798 531 2867 Sogenis
550 2797 771 2867 quinquertium,
791 2796 869 2851 cuius
888 2814 954 2867 pars
972 2794 1108 2851 iaculatio
1127 2793 1272 2849 fuerat-
1292 2794 1366 2851 τλά

87 2871 116 2926 τ’
139 2869 277 2939 ἐξέπεμψε
301 2868 437 2938 Bergkius
459 2868 581 2939 vestigia
604 2869 708 2924 codicis
728 2870 757 2924 D
776 2872 889 2923 secutus
911 2867 1044 2934 restituit,
1064 2864 1078 2921 ὃ
1097 2866 1135 2920 ad
1153 2864 1240 2935 τέρμα
1258 2866 1367 2939 προβὰς

87 2941 188 2997 ἄκοντ’
210 2940 291 3009 ὄρσαι
307 2940 428 2996 referens
448 2943 476 2995 et
495 2941 568 2995 huno
587 2940 617 2994 in
635 2942 748 2995 modum
763 2938 945 3009 sagacissime
959 2938 1161 3008 interpretans=
1180 2937 1210 2991 in
1224 2937 1365 2993 Nemeaeo

87 3012 243 3069 certamine
262 3011 443 3081 quinquenii,
463 3011 508 3065 cui
526 3010 656 3066 interfuit
674 3012 804 3081 Soganeq
819 3010 931 3065 videtur
949 3026 1020 3065 unus
1035 3008 1081 3063 vel
1094 3008 1167 3063 alter
1180 3007 1367 3063 iaculantium

87 3102 218 3156 egressus
237 3100 298 3138 esse
316 3082 434 3151 lineam,
458 3082 507 3152 qui
526 3099 590 3137 curn
607 3086 721 3208 propter
739 3082 812 3137 hano
830 3082 958 3137 fraudem
973 3098 992 3135 a
1004 3079 1158 3135 certamine
1176 3079 1366 3150 abigerentur,

87 3159 183 3213 luctae
203 3158 356 3221 sedamen,
380 3154 456 3222 quod
476 3154 614 3223 iubaeque
635 3158 699 3209 atur
717 3152 929 3222 iaculationem,
950 3152 1124 3207 aemulorum
1141 3167 1256 3207 numero
1275 3150 1366 3205 immi-

87 3232 158 3283 nuto
191 3227 249 3282 iam
281 3230 310 3281 et
340 3224 453 3279 facilius
486 3224 575 3280 multo
608 3229 636 3280 et
663 3225 780 3281 celerius
808 3224 966 3279 confectum
993 3226 1044 3278 est.
1082 3222 1186 3277 Contra
1214 3222 1368 3279 scholiasta

88 3318 154 3353 cum
172 3297 202 3362 ὃς
221 3295 359 3368 ἐξέπεμψε
378 3296 497 3367 legeret,
523 3297 564 3351 sic
582 3297 674 3353 locum
693 3297 841 3351 obscurum
861 3293 1017 3350 dilucidare
1039 3297 1157 3349 conatus
1176 3296 1231 3349 est:
1255 3293 1367 3349 ddum

88 3372 179 3434 αἴτιος
197 3368 346 3439 γενόμενος
363 3376 412 3437 τῆς
429 3372 584 3431 παντελοῦς
601 3366 680 3438 νίκης
699 3369 750 3423 οὐκ
769 3368 882 3437 ἐποίησε
901 3364 998 3437 χρείαν
1012 3383 1042 3421 σε
1058 3364 1131 3436 ἔχειν
1149 3373 1199 3419 τοῦ
1214 3364 1263 3420 διὰ
1277 3365 1367 3434 πάλης

88 3462 118 3497 σε
132 3438 341 3511 περιγενέσθαι,
369 3438 509 3493 Nimirum
528 3440 578 3508 qui
595 3440 685 3494 tribus
704 3438 843 3511 prioribus
858 3438 987 3509 partibus
1000 3436 1173 3507 quinquertii
1187 3436 1364 3492 adversarios

88 3514 251 3597 superasset
269 3528 350 3565 omne
370 3510 578 3581 quinquertium
595 3511 696 3565 riciese
715 3511 848 3581 putabat;
874 3527 900 3564 v.
919 3509 991 3563 Prcl.
1011 3528 1114 3562 amm
1132 3524 1173 3577 sq.
1209 3509 1248 3562 At
1266 3510 1303 3564 ab
1322 3525 1364 3578 eo,

90 3603 140 3654 qur
165 3583 362 3653 gramsumam
389 3587 498 3652 partem
526 3581 698 3652 quinquertii
721 3583 739 3637 i.
760 3599 782 3637 e.
802 3582 909 3636 luctam
937 3580 1021 3651 plane
1048 3596 1104 3634 non
1131 3579 1210 3649 iniit,
1238 3580 1367 3635 laudatio

88 3654 310 3780 magnillabpiriis
319 3657 368 3779 1(qu
370 3658 417 3778 3τε)
434 3670 531 3708 vereor
541 3670 584 3779 6us
599 3654 693 3709 aliena
707 3653 853 3779 pittattloiro
871 3655 967 3778 appiam
985 3650 1289 3777 awinpelp'riderpcus
1308 3651 1365 3705 Mis

90 3746 154 3783 ann.
175 3744 208 3781 c.
227 3745 246 3797 p
291 3769 296 3781 .
409 3744 436 3795 p.
456 3740 495 3781 ere
518 3745 538 3778 τ
557 3744 608 3779 νον
630 3742 684 3779 non
722 3742 757 3780 uc
819 3742 891 3778 rrss
945 3740 999 3794 poe
1063 3740 1096 3776 ur
1149 3738 1219 3792 egen
1240 3739 1288 3776 um
1306 3738 1366 3777 esse

90 3798 200 3854 censuit
215 3830 247 3839 -
258 3802 300 3852 tt.
316 3796 422 3866 αὐχένα
436 3797 484 3851 καλ
499 3796 601 3860 σθένος
616 3796 771 3851 accusativi
785 3794 931 3851 relationis
946 3797 1012 3848 sunt
1026 3794 1063 3847 ad
1073 3791 1209 3848 ἀδίαντον
1218 3792 1366 3861 referendi,

89 3870 145 3925 nisi
164 3870 234 3924 duos
253 3868 429 3923 accusativos
448 3866 478 3921 ct
497 3870 527 3922 et
544 3866 652 3938 αὐχένα
670 3866 802 3937 analogia
821 3865 944 3937 duplicis
962 3864 1054 3919 dativi
1073 3864 1103 3919 Ο.
1119 3882 1168 3919 τιτι
1182 3880 1216 3920 aa.
1235 3882 1264 3917 11
1277 3880 1303 3919 sc
1318 3863 1367 3918 de-

90 3942 203 3997 fendere
222 3940 305 3994 malis
326 3972 357 3981 -
378 3944 411 3994 75
426 3956 462 3993 ss.
481 3955 577 3994 versus
596 3942 626 3993 et
643 3939 680 3993 ad
699 3938 897 4008 explicandum
916 3939 945 3991 et
964 3937 1000 3991 ad
1019 3934 1275 4018 interpungendum
1293 3934 1366 3989 diffi-

91 4013 210 4069 cillimos
229 4012 271 4067 ita
288 4012 348 4065 inte
382 4012 464 4079 rotor,
485 4013 516 4064 ut
533 4009 627 4065 verbis
647 4010 676 4065 εί
690 4030 718 4063 τι
734 4054 738 4064 .
756 4054 761 4065 .
778 4052 783 4064 .
798 4008 962 4079 καταθέμεν
975 4007 1137 4078 parenthesi
1151 4006 1306 4061 interiectis
1325 4006 1367 4060 iu-

91 4085 230 4139 finitivum
249 4083 334 4151 είρειν
354 4099 371 4136 a
410 4081 443 4137 ἔα
460 4082 582 4153 pendere
600 4084 651 4136 aut
669 4081 797 4137 absolute
816 4098 867 4151 pro
882 4078 1049 4150 imperativo
1064 4078 1109 4160 (cf.
1124 4078 1153 4133 P.
1168 4097 1179 4130 1
1192 4082 1229 4148 se)
1243 4077 1367 4147 positum

91 4172 151 4212 esse
169 4157 277 4226 putem:
304 4153 364 4209 sine
387 4168 485 4207 ms-
504 4152 618 4207 victoris
644 4152 759 4222 quidem
777 4151 806 4206 in
825 4150 960 4222 gratiam,
985 4149 1009 4203 si
1028 4149 1096 4219 quid
1114 4147 1201 4203 altius
1220 4147 1332 4203 evolavi
1349 4164 1368 4203 a

91 4226 237 4298 proposita
253 4242 284 4309 pe
304 4241 356 4279 eva
394 4227 449 4294 tus,
469 4241 525 4279 nou
543 4240 639 4279 recuso
659 4224 816 4279 orationem
833 4223 976 4305 retlectere
992 4253 1024 4262 -
1038 4224 1150 4275 nectere
1163 4236 1288 4289 coronas,
1303 4234 1366 4303 pro·
1434 4226 1440 4237 '

92 4296 629 4435 cartutulerusticitius
647 4290 1367 4444 {lutlclltfflttttctt’hiltrude

92 4442 142 4497 ede
157 4474 190 4482 -
207 4446 248 4496 7ο.
264 4439 293 4495 εί
302 4460 330 4494 τι
343 4437 433 4508 πέραν
448 4439 563 4508 ἀερθείς
576 4436 735 4509 ἀνέκραγον
750 4438 787 4491 ad
801 4436 1004 4508 digressionem
1017 4434 1107 4489 refero
1121 4436 1197 4488 iusto
1211 4432 1366 4504 longiorem

92 4514 126 4568 de
150 4510 329 4582 Neoptolemi
350 4526 432 4579 nece,
456 4527 473 4563 a
496 4526 552 4580 qua
575 4510 633 4564 iam
651 4508 689 4563 ad
708 4508 836 4563 debitum
853 4509 988 4563 honorem
1006 4504 1121 4560 victoris
1139 4504 1216 4560 haud
1234 4522 1318 4577 aegra
1335 4522 1367 4559 se

93 4585 182 4639 redire
200 4582 282 4650 dicit;
303 4580 434 4636 similiter
447 4598 464 4635 a
478 4580 652 4652 digressione
671 4596 701 4635 se
719 4582 834 4635 revocat
852 4578 887 4634 N.
902 4598 931 4633 1v
944 4595 970 4634 aa
984 4594 1018 4631 ss.
1040 4609 1072 4617 -
1093 4581 1135 4632 Π.
1155 4574 1289 4646 λλαφρόν·
1309 4576 1368 4630 vim

93 4656 219 4712 adverbii
238 4654 365 4709 obtinere
383 4654 455 4707 duco
473 4652 624 4723 repudiata
642 4668 738 4708 eorum
756 4650 911 4718 sententia,
935 4649 984 4719 qui
1008 4651 1121 4705 nectere
1146 4664 1263 4703 coronas
1282 4646 1366 4703 facile

93 4744 151 4783 esse
169 4728 337 4783 vertunt-
356 4724 508 4797 ἀναβάλεο·
529 4723 627 4780 schol:
647 4725 711 4778 ἀντὶ
729 4732 778 4778 τοῦ
797 4722 959 4791 ἀνακροάοο
978 4722 1026 4774 καλ
1045 4719 1133 4791 ἄρχον
1151 4739 1178 4774 τι
1195 4717 1286 4790 λέγειν
1305 4718 1367 4773 lla-

93 4808 174 4871 φρῶς.
199 4830 233 4839 -
252 4796 348 4852 Μοῖσά
366 4815 422 4850 τοι·
442 4794 476 4849 cf.
491 4795 521 4850 P.
537 4812 581 4851 vs
600 4795 632 4850 σί
651 4814 695 4849 τοι
714 4824 747 4835 -
768 4800 809 4849 78,
829 4793 864 4849 cf.
878 4793 959 4849 Hom.
975 4795 1007 4847 Ψ
1019 4807 1068 4847 eoo.

1103 4881 1155 4937 19‘
