<?xml version="1.0" encoding="UTF-8"?>
<!DOCTYPE html PUBLIC "-//W3C//DTD XHTML 1.0 Transitional//EN"
    "http://www.w3.org/TR/xhtml1/DTD/xhtml1-transitional.dtd">
<html xmlns="http://www.w3.org/1999/xhtml" xml:lang="en" lang="en">
 <head>
  <title>
</title>
<meta http-equiv="Content-Type" content="text/html;charset=utf-8" />
  <meta name='ocr-system' content='tesseract 3.04.00' />
  <meta name='ocr-capabilities' content='ocr_page ocr_carea ocr_par ocr_line ocrx_word'/>
</head>
<body>
  <div class='ocr_page' id='page_1' title='image "./pindaricarminap01chrigoog_0065.png"; bbox 0 0 3417 5434; ppageno 0'>
   <div class='ocr_carea' id='block_1_1' title="bbox 496 330 1429 385">
    <p class='ocr_par' dir='ltr' id='par_1_1' title="bbox 496 330 1429 385">
     <span class='ocr_line' id='line_1_1' title="bbox 496 330 1429 385; baseline 0.004 -4"><span class='ocrx_word' id='word_1_1' title='bbox 496 331 532 385; x_wconf 81' lang='lat'>11.</span> <span class='ocrx_word' id='word_1_2' title='bbox 559 331 609 382; x_wconf 82' lang='lat' dir='ltr'>DE</span> <span class='ocrx_word' id='word_1_3' title='bbox 627 331 722 382; x_wconf 81' lang='lat' dir='ltr'><strong>ARTE</strong></span> <span class='ocrx_word' id='word_1_4' title='bbox 740 331 901 383; x_wconf 73' lang='lat' dir='ltr'>Marruca</span> <span class='ocrx_word' id='word_1_5' title='bbox 918 331 1075 385; x_wconf 79' lang='lat' dir='ltr'>PINDARI.</span> <span class='ocrx_word' id='word_1_6' title='bbox 1367 330 1429 385; x_wconf 86' lang='lat' dir='ltr'>LIX</span> 
     </span>
    </p>
   </div>
   <div class='ocr_carea' id='block_1_2' title="bbox 136 491 1430 4868">
    <p class='ocr_par' dir='ltr' id='par_1_2' title="bbox 540 491 1024 560">
     <span class='ocr_line' id='line_1_2' title="bbox 540 491 1024 560; baseline 0.006 -3"><span class='ocrx_word' id='word_1_7' title='bbox 540 491 662 558; x_wconf 78' lang='lat' dir='ltr'>dauers</span> <span class='ocrx_word' id='word_1_8' title='bbox 685 493 859 560; x_wconf 86' lang='lat' dir='ltr'>carminum</span> <span class='ocrx_word' id='word_1_9' title='bbox 880 493 1024 560; x_wconf 77' lang='lat' dir='ltr'>neutra.</span> 
     </span>
    </p>

    <p class='ocr_par' dir='ltr' id='par_1_3' title="bbox 136 597 1429 2404">
     <span class='ocr_line' id='line_1_3' title="bbox 230 597 1428 687; baseline 0.003 -25"><span class='ocrx_word' id='word_1_10' title='bbox 230 597 628 685; x_wconf 89' lang='lat' dir='ltr'>Dactylo-epitritica</span> <span class='ocrx_word' id='word_1_11' title='bbox 650 602 822 666; x_wconf 90' lang='lat' dir='ltr'>earmina</span> <span class='ocrx_word' id='word_1_12' title='bbox 846 624 886 666; x_wconf 84' lang='lat' dir='ltr'>ex</span> <span class='ocrx_word' id='word_1_13' title='bbox 908 601 1080 686; x_wconf 90' lang='lat' dir='ltr'>epitriticis</span> <span class='ocrx_word' id='word_1_14' title='bbox 1104 606 1138 667; x_wconf 92' lang='lat' dir='ltr'>et</span> <span class='ocrx_word' id='word_1_15' title='bbox 1160 602 1328 687; x_wconf 77' lang='lat' dir='ltr'>dactylicis</span> <span class='ocrx_word' id='word_1_16' title='bbox 1347 603 1428 667; x_wconf 89' lang='lat' dir='ltr'>colis</span> 
     </span>
     <span class='ocr_line' id='line_1_4' title="bbox 137 706 1429 793; baseline 0.002 -22"><span class='ocrx_word' id='word_1_17' title='bbox 137 706 338 792; x_wconf 83' lang='lat' dir='ltr'>composita3</span> <span class='ocrx_word' id='word_1_18' title='bbox 363 712 440 772; x_wconf 91' lang='lat' dir='ltr'>sunt</span> <span class='ocrx_word' id='word_1_19' title='bbox 463 730 501 773; x_wconf 90' lang='lat' dir='ltr'>ea</span> <span class='ocrx_word' id='word_1_20' title='bbox 523 707 640 772; x_wconf 90' lang='lat' dir='ltr'>idonea</span> <span class='ocrx_word' id='word_1_21' title='bbox 662 707 782 773; x_wconf 83' lang='lat' dir='ltr'>fabulis</span> <span class='ocrx_word' id='word_1_22' title='bbox 806 709 976 773; x_wconf 79' lang='lat' dir='ltr'>narrandis</span> <span class='ocrx_word' id='word_1_23' title='bbox 995 713 1029 774; x_wconf 88' lang='lat' dir='ltr'>et</span> <span class='ocrx_word' id='word_1_24' title='bbox 1046 710 1193 793; x_wconf 82' lang='lat' dir='ltr'>proxime</span> <span class='ocrx_word' id='word_1_25' title='bbox 1212 710 1369 775; x_wconf 90' lang='lat' dir='ltr'>accedunt</span> <span class='ocrx_word' id='word_1_26' title='bbox 1388 709 1429 774; x_wconf 88' lang='lat' dir='ltr'>ad</span> 
     </span>
     <span class='ocr_line' id='line_1_5' title="bbox 136 813 1428 902; baseline 0.003 -24"><span class='ocrx_word' id='word_1_27' title='bbox 136 814 364 879; x_wconf 85' lang='lat' dir='ltr'>constantiam</span> <span class='ocrx_word' id='word_1_28' title='bbox 387 819 421 880; x_wconf 89' lang='lat' dir='ltr'>et</span> <span class='ocrx_word' id='word_1_29' title='bbox 443 813 686 900; x_wconf 90' lang='lat' dir='ltr'>simplicitatem</span> <span class='ocrx_word' id='word_1_30' title='bbox 710 816 875 901; x_wconf 83' lang='lat' dir='ltr'>spicarum</span> <span class='ocrx_word' id='word_1_31' title='bbox 898 817 1159 902; x_wconf 69' lang='lat' dir='ltr'>rhapsodiam,</span> <span class='ocrx_word' id='word_1_32' title='bbox 1182 817 1266 881; x_wconf 91' lang='lat' dir='ltr'>uude</span> <span class='ocrx_word' id='word_1_33' title='bbox 1287 821 1428 882; x_wconf 87' lang='lat' dir='ltr'>metrum</span> 
     </span>
     <span class='ocr_line' id='line_1_6' title="bbox 136 922 1427 1011; baseline 0.002 -25"><span class='ocrx_word' id='word_1_34' title='bbox 136 943 274 1006; x_wconf 87' lang='lat' dir='ltr'>quoque</span> <span class='ocrx_word' id='word_1_35' title='bbox 296 922 494 1009; x_wconf 91' lang='lat' dir='ltr'>dactylicum</span> <span class='ocrx_word' id='word_1_36' title='bbox 517 927 668 988; x_wconf 89' lang='lat' dir='ltr'>mutuata</span> <span class='ocrx_word' id='word_1_37' title='bbox 690 928 774 988; x_wconf 92' lang='lat' dir='ltr'>suut.</span> <span class='ocrx_word' id='word_1_38' title='bbox 816 922 953 989; x_wconf 86' lang='lat' dir='ltr'>Sedatus</span> <span class='ocrx_word' id='word_1_39' title='bbox 977 928 1011 988; x_wconf 92' lang='lat' dir='ltr'>et</span> <span class='ocrx_word' id='word_1_40' title='bbox 1034 923 1145 1011; x_wconf 83' lang='lat' dir='ltr'>gravis</span> <span class='ocrx_word' id='word_1_41' title='bbox 1168 946 1281 990; x_wconf 89' lang='lat' dir='ltr'>eorum</span> <span class='ocrx_word' id='word_1_42' title='bbox 1301 928 1427 990; x_wconf 89' lang='lat' dir='ltr'>tractus</span> 
     </span>
     <span class='ocr_line' id='line_1_7' title="bbox 141 1029 1425 1120; baseline 0.002 -26"><span class='ocrx_word' id='word_1_43' title='bbox 141 1029 325 1114; x_wconf 80' lang='grc' dir='ltr'><strong><em>(περίπλεω</em></strong></span> <span class='ocrx_word' id='word_1_44' title='bbox 353 1029 497 1118; x_wconf 61' lang='grc' dir='ltr'><em>ῥυθμοῷ</em></span> <span class='ocrx_word' id='word_1_45' title='bbox 520 1031 715 1120; x_wconf 84' lang='lat' dir='ltr'>Dpricorum</span> <span class='ocrx_word' id='word_1_46' title='bbox 742 1032 912 1096; x_wconf 91' lang='lat' dir='ltr'>modorum</span> <span class='ocrx_word' id='word_1_47' title='bbox 940 1032 1094 1117; x_wconf 73' lang='lat' dir='ltr'>dignitati</span> <span class='ocrx_word' id='word_1_48' title='bbox 1122 1036 1219 1116; x_wconf 91' lang='lat' dir='ltr'>atque</span> <span class='ocrx_word' id='word_1_49' title='bbox 1243 1033 1425 1096; x_wconf 88' lang='lat' dir='ltr'>austeritat&#39;</span> 
     </span>
     <span class='ocr_line' id='line_1_8' title="bbox 137 1135 1428 1226; baseline 0.002 -24"><span class='ocrx_word' id='word_1_50' title='bbox 137 1136 284 1202; x_wconf 84' lang='lat' dir='ltr'>maxime</span> <span class='ocrx_word' id='word_1_51' title='bbox 298 1137 560 1204; x_wconf 90' lang='lat' dir='ltr'>accommodatus</span> <span class='ocrx_word' id='word_1_52' title='bbox 575 1144 626 1203; x_wconf 93' lang='lat' dir='ltr'>est</span> <span class='ocrx_word' id='word_1_53' title='bbox 640 1135 691 1226; x_wconf 90' lang='lat'>(0.</span> <span class='ocrx_word' id='word_1_54' title='bbox 706 1156 745 1202; x_wconf 90' lang='lat'>111</span> <span class='ocrx_word' id='word_1_55' title='bbox 759 1136 809 1226; x_wconf 79' lang='lat'>5);</span> <span class='ocrx_word' id='word_1_56' title='bbox 826 1161 894 1204; x_wconf 89' lang='lat' dir='ltr'>una</span> <span class='ocrx_word' id='word_1_57' title='bbox 907 1140 969 1204; x_wconf 89' lang='lat' dir='ltr'>oda</span> <span class='ocrx_word' id='word_1_58' title='bbox 982 1138 1023 1203; x_wconf 94' lang='lat' dir='ltr'>N.</span> <span class='ocrx_word' id='word_1_59' title='bbox 1037 1156 1115 1223; x_wconf 86' lang='lat' dir='ltr'>vm,</span> <span class='ocrx_word' id='word_1_60' title='bbox 1133 1161 1207 1204; x_wconf 92' lang='lat' dir='ltr'>cum</span> <span class='ocrx_word' id='word_1_61' title='bbox 1222 1161 1242 1203; x_wconf 92' lang='lat' dir='ltr'>a</span> <span class='ocrx_word' id='word_1_62' title='bbox 1256 1139 1428 1204; x_wconf 84' lang='lat' dir='ltr'>severitate</span> 
     </span>
     <span class='ocr_line' id='line_1_9' title="bbox 139 1245 1429 1342; baseline 0.002 -34"><span class='ocrx_word' id='word_1_63' title='bbox 139 1245 352 1342; x_wconf 81' lang='lat' dir='ltr'>epitritorum</span> <span class='ocrx_word' id='word_1_64' title='bbox 376 1245 510 1329; x_wconf 88' lang='lat' dir='ltr'>paulum</span> <span class='ocrx_word' id='word_1_65' title='bbox 537 1247 680 1332; x_wconf 79' lang='lat' dir='ltr'>recedat,</span> <span class='ocrx_word' id='word_1_66' title='bbox 707 1245 818 1333; x_wconf 83' lang='lat' dir='ltr'>Lydiis</span> <span class='ocrx_word' id='word_1_67' title='bbox 847 1247 952 1311; x_wconf 90' lang='lat' dir='ltr'>modis</span> <span class='ocrx_word' id='word_1_68' title='bbox 980 1250 1113 1312; x_wconf 87' lang='lat' dir='ltr'>cantata</span> <span class='ocrx_word' id='word_1_69' title='bbox 1140 1268 1211 1311; x_wconf 89' lang='lat' dir='ltr'>esse</span> <span class='ocrx_word' id='word_1_70' title='bbox 1239 1246 1429 1331; x_wconf 86' lang='lat' dir='ltr'>perhibetur</span> 
     </span>
     <span class='ocr_line' id='line_1_10' title="bbox 141 1349 1427 1439; baseline 0.003 -25"><span class='ocrx_word' id='word_1_71' title='bbox 141 1349 201 1437; x_wconf 80' lang='lat' dir='ltr'>(N.</span> <span class='ocrx_word' id='word_1_72' title='bbox 213 1369 276 1415; x_wconf 78' lang='lat' dir='ltr'>vul</span> <span class='ocrx_word' id='word_1_73' title='bbox 293 1349 358 1438; x_wconf 84' lang='lat'>15).</span> <span class='ocrx_word' id='word_1_74' title='bbox 383 1350 490 1416; x_wconf 89' lang='lat' dir='ltr'>Huius</span> <span class='ocrx_word' id='word_1_75' title='bbox 505 1353 633 1438; x_wconf 85' lang='lat' dir='ltr'>generis</span> <span class='ocrx_word' id='word_1_76' title='bbox 647 1354 819 1439; x_wconf 85' lang='lat' dir='ltr'>pleraeque</span> <span class='ocrx_word' id='word_1_77' title='bbox 834 1359 912 1419; x_wconf 91' lang='lat' dir='ltr'>suut</span> <span class='ocrx_word' id='word_1_78' title='bbox 927 1354 1006 1418; x_wconf 91' lang='lat' dir='ltr'>odae</span> <span class='ocrx_word' id='word_1_79' title='bbox 1019 1353 1219 1439; x_wconf 89' lang='lat' dir='ltr'>Pindaricae,</span> <span class='ocrx_word' id='word_1_80' title='bbox 1232 1352 1323 1418; x_wconf 86' lang='lat' dir='ltr'>velut</span> <span class='ocrx_word' id='word_1_81' title='bbox 1333 1353 1369 1420; x_wconf 86' lang='lat'>0.</span> <span class='ocrx_word' id='word_1_82' title='bbox 1380 1372 1427 1418; x_wconf 84' lang='lat'>111.</span> 
     </span>
     <span class='ocr_line' id='line_1_11' title="bbox 138 1458 1423 1526; baseline 0.004 -5"><span class='ocrx_word' id='word_1_83' title='bbox 138 1475 186 1521; x_wconf 87' lang='lat' dir='ltr'>v1.</span> <span class='ocrx_word' id='word_1_84' title='bbox 208 1475 497 1523; x_wconf 82' lang='lat' dir='ltr'>v11.v1n.x1.x11.</span> <span class='ocrx_word' id='word_1_85' title='bbox 520 1458 866 1526; x_wconf 80' lang='lat' dir='ltr'>P.1.111.1v.1x.xn.</span> <span class='ocrx_word' id='word_1_86' title='bbox 890 1460 1423 1526; x_wconf 45' lang='lat' dir='ltr'>N.1.v.vu1.1x.x.xr.*I.1.11.</span> 
     </span>
     <span class='ocr_line' id='line_1_12' title="bbox 139 1565 1428 1655; baseline 0.004 -27"><span class='ocrx_word' id='word_1_87' title='bbox 139 1583 188 1629; x_wconf 90' lang='lat'>111.</span> <span class='ocrx_word' id='word_1_88' title='bbox 211 1583 255 1629; x_wconf 82' lang='lat' dir='ltr'>lv.</span> <span class='ocrx_word' id='word_1_89' title='bbox 274 1583 306 1629; x_wconf 85' lang='lat' dir='ltr'>v.</span> <span class='ocrx_word' id='word_1_90' title='bbox 325 1584 374 1650; x_wconf 86' lang='lat' dir='ltr'>vr,</span> <span class='ocrx_word' id='word_1_91' title='bbox 397 1570 431 1631; x_wconf 91' lang='lat' dir='ltr'>et</span> <span class='ocrx_word' id='word_1_92' title='bbox 453 1565 638 1652; x_wconf 81' lang='lat' dir='ltr'>fragmenta</span> <span class='ocrx_word' id='word_1_93' title='bbox 659 1565 854 1652; x_wconf 86' lang='lat' dir='ltr'>hymnorum</span> <span class='ocrx_word' id='word_1_94' title='bbox 877 1572 911 1633; x_wconf 90' lang='lat' dir='ltr'>et</span> <span class='ocrx_word' id='word_1_95' title='bbox 928 1569 1157 1653; x_wconf 90' lang='lat' dir='ltr'>prosodiorum</span> <span class='ocrx_word' id='word_1_96' title='bbox 1175 1572 1209 1632; x_wconf 91' lang='lat' dir='ltr'>et</span> <span class='ocrx_word' id='word_1_97' title='bbox 1227 1567 1428 1655; x_wconf 86' lang='lat' dir='ltr'>threnorum,</span> 
     </span>
     <span class='ocr_line' id='line_1_13' title="bbox 139 1672 1427 1760; baseline 0.003 -24"><span class='ocrx_word' id='word_1_98' title='bbox 139 1677 189 1757; x_wconf 90' lang='lat' dir='ltr'>et,</span> <span class='ocrx_word' id='word_1_99' title='bbox 214 1672 302 1757; x_wconf 91' lang='lat' dir='ltr'>quod</span> <span class='ocrx_word' id='word_1_100' title='bbox 320 1673 362 1737; x_wconf 91' lang='lat' dir='ltr'>ab</span> <span class='ocrx_word' id='word_1_101' title='bbox 381 1672 495 1738; x_wconf 83' lang='lat' dir='ltr'>Attica</span> <span class='ocrx_word' id='word_1_102' title='bbox 513 1673 744 1738; x_wconf 86' lang='lat' dir='ltr'>consuetudine</span> <span class='ocrx_word' id='word_1_103' title='bbox 763 1674 930 1759; x_wconf 89' lang='lat' dir='ltr'>abhorret,</span> <span class='ocrx_word' id='word_1_104' title='bbox 954 1675 1053 1740; x_wconf 88' lang='lat' dir='ltr'>etiam</span> <span class='ocrx_word' id='word_1_105' title='bbox 1072 1675 1247 1740; x_wconf 88' lang='lat' dir='ltr'>scoliorum</span> <span class='ocrx_word' id='word_1_106' title='bbox 1265 1676 1427 1760; x_wconf 89' lang='lat' dir='ltr'>pleraque.</span> 
     </span>
     <span class='ocr_line' id='line_1_14' title="bbox 141 1778 1429 1868; baseline 0.005 -26"><span class='ocrx_word' id='word_1_107' title='bbox 141 1778 217 1843; x_wconf 90' lang='lat' dir='ltr'>Hoc</span> <span class='ocrx_word' id='word_1_108' title='bbox 241 1784 351 1844; x_wconf 89' lang='lat' dir='ltr'>autem</span> <span class='ocrx_word' id='word_1_109' title='bbox 374 1781 449 1844; x_wconf 88' lang='lat' dir='ltr'>inde</span> <span class='ocrx_word' id='word_1_110' title='bbox 472 1780 698 1864; x_wconf 83' lang='lat' dir='ltr'>explicandum</span> <span class='ocrx_word' id='word_1_111' title='bbox 717 1803 786 1848; x_wconf 89' lang='lat' dir='ltr'>esse</span> <span class='ocrx_word' id='word_1_112' title='bbox 805 1781 947 1867; x_wconf 86' lang='lat' dir='ltr'>videtur,</span> <span class='ocrx_word' id='word_1_113' title='bbox 970 1782 1054 1868; x_wconf 89' lang='lat' dir='ltr'>quod</span> <span class='ocrx_word' id='word_1_114' title='bbox 1073 1781 1205 1847; x_wconf 88' lang='lat' dir='ltr'>Pindari</span> <span class='ocrx_word' id='word_1_115' title='bbox 1224 1782 1326 1848; x_wconf 88' lang='lat' dir='ltr'>seclia</span> <span class='ocrx_word' id='word_1_116' title='bbox 1342 1782 1429 1848; x_wconf 91' lang='lat' dir='ltr'>inter</span> 
     </span>
     <span class='ocr_line' id='line_1_15' title="bbox 139 1884 1429 1977; baseline 0.003 -27"><span class='ocrx_word' id='word_1_117' title='bbox 139 1907 255 1951; x_wconf 87' lang='lat' dir='ltr'>sacras</span> <span class='ocrx_word' id='word_1_118' title='bbox 288 1887 400 1971; x_wconf 85' lang='lat' dir='ltr'>epulas</span> <span class='ocrx_word' id='word_1_119' title='bbox 429 1884 473 1974; x_wconf 81' lang='lat' dir='ltr'>(r.</span> <span class='ocrx_word' id='word_1_120' title='bbox 501 1887 539 1952; x_wconf 85' lang='lat' dir='ltr'>fr.</span> <span class='ocrx_word' id='word_1_121' title='bbox 566 1889 629 1953; x_wconf 91' lang='grc'>122</span> <span class='ocrx_word' id='word_1_122' title='bbox 657 1893 690 1954; x_wconf 91' lang='lat' dir='ltr'>et</span> <span class='ocrx_word' id='word_1_123' title='bbox 717 1888 794 1953; x_wconf 84' lang='lat' dir='ltr'>Ath.</span> <span class='ocrx_word' id='word_1_124' title='bbox 813 1906 877 1954; x_wconf 70' lang='grc' dir='ltr'>ΠΗ</span> <span class='ocrx_word' id='word_1_125' title='bbox 898 1889 963 1955; x_wconf 90' lang='grc'>573</span> <span class='ocrx_word' id='word_1_126' title='bbox 983 1887 1030 1977; x_wconf 78' lang='lat' dir='ltr'>e),</span> <span class='ocrx_word' id='word_1_127' title='bbox 1060 1888 1312 1954; x_wconf 84' lang='lat' dir='ltr'>Atheniensium</span> <span class='ocrx_word' id='word_1_128' title='bbox 1343 1891 1429 1955; x_wconf 88' lang='lat' dir='ltr'>iuter</span> 
     </span>
     <span class='ocr_line' id='line_1_16' title="bbox 137 1993 1428 2082; baseline 0.004 -25"><span class='ocrx_word' id='word_1_129' title='bbox 137 1993 282 2078; x_wconf 84' lang='lat' dir='ltr'>profana</span> <span class='ocrx_word' id='word_1_130' title='bbox 304 1993 454 2059; x_wconf 79' lang='lat' dir='ltr'>convivia</span> <span class='ocrx_word' id='word_1_131' title='bbox 476 1995 701 2060; x_wconf 88' lang='lat' dir='ltr'>cantabantur.</span> <span class='ocrx_word' id='word_1_132' title='bbox 737 1995 817 2060; x_wconf 91' lang='lat' dir='ltr'>Inde</span> <span class='ocrx_word' id='word_1_133' title='bbox 840 1996 941 2062; x_wconf 92' lang='lat' dir='ltr'>etiam</span> <span class='ocrx_word' id='word_1_134' title='bbox 963 1996 1148 2082; x_wconf 76' lang='lat' dir='ltr'>fragmenta</span> <span class='ocrx_word' id='word_1_135' title='bbox 1169 1997 1240 2062; x_wconf 97' lang='grc'><strong>150.</strong></span> <span class='ocrx_word' id='word_1_136' title='bbox 1262 1998 1334 2062; x_wconf 88' lang='grc'><strong>158.</strong></span> <span class='ocrx_word' id='word_1_137' title='bbox 1356 1998 1428 2063; x_wconf 91' lang='grc'><strong>165.</strong></span> 
     </span>
     <span class='ocr_line' id='line_1_17' title="bbox 141 2102 1428 2171; baseline 0.002 -4"><span class='ocrx_word' id='word_1_138' title='bbox 141 2103 217 2168; x_wconf 89' lang='grc'><strong>166.</strong></span> <span class='ocrx_word' id='word_1_139' title='bbox 249 2102 322 2167; x_wconf 87' lang='grc'><strong>167.</strong></span> <span class='ocrx_word' id='word_1_140' title='bbox 355 2102 426 2167; x_wconf 90' lang='grc'><strong>168.</strong></span> <span class='ocrx_word' id='word_1_141' title='bbox 456 2103 528 2167; x_wconf 92' lang='grc'><strong>171.</strong></span> <span class='ocrx_word' id='word_1_142' title='bbox 559 2104 632 2168; x_wconf 92' lang='grc'><strong>172.</strong></span> <span class='ocrx_word' id='word_1_143' title='bbox 663 2105 733 2171; x_wconf 91' lang='grc'><strong>178.</strong></span> <span class='ocrx_word' id='word_1_144' title='bbox 763 2103 835 2170; x_wconf 90' lang='lat'>180.</span> <span class='ocrx_word' id='word_1_145' title='bbox 864 2105 936 2170; x_wconf 88' lang='grc'><strong>181.</strong></span> <span class='ocrx_word' id='word_1_146' title='bbox 962 2105 1033 2170; x_wconf 91' lang='grc'><strong>182.</strong></span> <span class='ocrx_word' id='word_1_147' title='bbox 1060 2106 1131 2170; x_wconf 89' lang='grc'><strong>187.</strong></span> <span class='ocrx_word' id='word_1_148' title='bbox 1160 2105 1428 2170; x_wconf 79' lang='grc'><strong>188191193.</strong></span> 
     </span>
     <span class='ocr_line' id='line_1_18' title="bbox 143 2209 1427 2278; baseline 0.002 -4"><span class='ocrx_word' id='word_1_149' title='bbox 143 2209 218 2275; x_wconf 88' lang='grc'><strong>194.</strong></span> <span class='ocrx_word' id='word_1_150' title='bbox 244 2209 317 2276; x_wconf 91' lang='grc'><strong>198.</strong></span> <span class='ocrx_word' id='word_1_151' title='bbox 343 2209 416 2274; x_wconf 92' lang='grc'><strong>199.</strong></span> <span class='ocrx_word' id='word_1_152' title='bbox 442 2210 515 2274; x_wconf 92' lang='grc'><strong>201.</strong></span> <span class='ocrx_word' id='word_1_153' title='bbox 540 2209 614 2274; x_wconf 87' lang='grc'><strong>205.</strong></span> <span class='ocrx_word' id='word_1_154' title='bbox 638 2211 711 2276; x_wconf 96' lang='grc'><strong>207.</strong></span> <span class='ocrx_word' id='word_1_155' title='bbox 736 2212 809 2277; x_wconf 90' lang='grc'><strong>209.</strong></span> <span class='ocrx_word' id='word_1_156' title='bbox 833 2213 908 2278; x_wconf 90' lang='grc'><strong>216.</strong></span> <span class='ocrx_word' id='word_1_157' title='bbox 927 2212 1002 2278; x_wconf 91' lang='grc'><strong>218.</strong></span> <span class='ocrx_word' id='word_1_158' title='bbox 1022 2212 1097 2277; x_wconf 89' lang='grc'><strong>220.</strong></span> <span class='ocrx_word' id='word_1_159' title='bbox 1116 2213 1191 2277; x_wconf 96' lang='grc'><strong>221.</strong></span> <span class='ocrx_word' id='word_1_160' title='bbox 1211 2214 1284 2278; x_wconf 93' lang='grc'><strong>227.</strong></span> <span class='ocrx_word' id='word_1_161' title='bbox 1304 2213 1369 2278; x_wconf 87' lang='grc'>238</span> <span class='ocrx_word' id='word_1_162' title='bbox 1389 2234 1427 2276; x_wconf 85' lang='lat' dir='ltr'>ex</span> 
     </span>
     <span class='ocr_line' id='line_1_19' title="bbox 139 2313 1060 2404; baseline 0 -22"><span class='ocrx_word' id='word_1_163' title='bbox 139 2315 345 2382; x_wconf 83' lang='lat' dir='ltr'>carminibus</span> <span class='ocrx_word' id='word_1_164' title='bbox 368 2313 499 2382; x_wconf 91' lang='lat' dir='ltr'>illorum</span> <span class='ocrx_word' id='word_1_165' title='bbox 522 2337 678 2404; x_wconf 83' lang='lat' dir='ltr'>generum</span> <span class='ocrx_word' id='word_1_166' title='bbox 701 2321 851 2402; x_wconf 85' lang='lat' dir='ltr'>excerpta</span> <span class='ocrx_word' id='word_1_167' title='bbox 874 2340 945 2383; x_wconf 89' lang='lat' dir='ltr'>esse</span> <span class='ocrx_word' id='word_1_168' title='bbox 968 2318 1060 2384; x_wconf 90' lang='lat' dir='ltr'>duco.</span> 
     </span>
    </p>

    <p class='ocr_par' dir='ltr' id='par_1_4' title="bbox 137 2421 1430 3799">
     <span class='ocr_line' id='line_1_20' title="bbox 233 2421 1429 2511; baseline 0.003 -23"><span class='ocrx_word' id='word_1_169' title='bbox 233 2421 480 2510; x_wconf 80' lang='lat' dir='ltr'>Logaoedica</span> <span class='ocrx_word' id='word_1_170' title='bbox 507 2425 677 2489; x_wconf 86' lang='lat' dir='ltr'>carmina</span> <span class='ocrx_word' id='word_1_171' title='bbox 704 2426 855 2510; x_wconf 88' lang='lat' dir='ltr'>sedata,</span> <span class='ocrx_word' id='word_1_172' title='bbox 883 2448 1022 2510; x_wconf 91' lang='lat' dir='ltr'>quorum</span> <span class='ocrx_word' id='word_1_173' title='bbox 1046 2427 1178 2511; x_wconf 87' lang='lat' dir='ltr'>propria</span> <span class='ocrx_word' id='word_1_174' title='bbox 1201 2431 1278 2492; x_wconf 92' lang='lat' dir='ltr'>sunt</span> <span class='ocrx_word' id='word_1_175' title='bbox 1300 2426 1372 2490; x_wconf 87' lang='lat' dir='ltr'>cola</span> <span class='ocrx_word' id='word_1_176' title='bbox 1390 2449 1429 2491; x_wconf 87' lang='lat' dir='ltr'>ex</span> 
     </span>
     <span class='ocr_line' id='line_1_21' title="bbox 138 2530 1428 2618; baseline 0.002 -23"><span class='ocrx_word' id='word_1_177' title='bbox 138 2530 306 2596; x_wconf 86' lang='lat' dir='ltr'>trochaeis</span> <span class='ocrx_word' id='word_1_178' title='bbox 325 2534 359 2594; x_wconf 90' lang='lat' dir='ltr'>et</span> <span class='ocrx_word' id='word_1_179' title='bbox 377 2530 506 2616; x_wconf 79' lang='lat' dir='ltr'>cyclicis</span> <span class='ocrx_word' id='word_1_180' title='bbox 525 2531 664 2617; x_wconf 84' lang='lat' dir='ltr'>dactylis</span> <span class='ocrx_word' id='word_1_181' title='bbox 682 2532 792 2616; x_wconf 84' lang='lat' dir='ltr'>mixta,</span> <span class='ocrx_word' id='word_1_182' title='bbox 812 2537 848 2598; x_wconf 89' lang='lat' dir='ltr'>ut</span> <span class='ocrx_word' id='word_1_183' title='bbox 862 2555 944 2617; x_wconf 85' lang='lat' dir='ltr'>quae</span> <span class='ocrx_word' id='word_1_184' title='bbox 958 2533 1185 2598; x_wconf 86' lang='lat' dir='ltr'>flexaminibus</span> <span class='ocrx_word' id='word_1_185' title='bbox 1200 2538 1326 2618; x_wconf 88' lang='lat' dir='ltr'>cautus,</span> <span class='ocrx_word' id='word_1_186' title='bbox 1343 2534 1428 2599; x_wconf 90' lang='lat' dir='ltr'>unde</span> 
     </span>
     <span class='ocr_line' id='line_1_22' title="bbox 137 2636 1429 2725; baseline 0.002 -23"><span class='ocrx_word' id='word_1_187' title='bbox 137 2659 261 2703; x_wconf 89' lang='lat' dir='ltr'>nomen</span> <span class='ocrx_word' id='word_1_188' title='bbox 283 2636 343 2701; x_wconf 89' lang='lat' dir='ltr'>illa</span> <span class='ocrx_word' id='word_1_189' title='bbox 361 2637 505 2702; x_wconf 88' lang='lat' dir='ltr'>carmina</span> <span class='ocrx_word' id='word_1_190' title='bbox 524 2643 706 2724; x_wconf 85' lang='lat' dir='ltr'>traxerunt,</span> <span class='ocrx_word' id='word_1_191' title='bbox 728 2639 823 2704; x_wconf 84' lang='lat' dir='ltr'>facile</span> <span class='ocrx_word' id='word_1_192' title='bbox 843 2639 1080 2706; x_wconf 88' lang='lat' dir='ltr'>accommodari</span> <span class='ocrx_word' id='word_1_193' title='bbox 1097 2640 1234 2725; x_wconf 84' lang='lat' dir='ltr'>possint.</span> <span class='ocrx_word' id='word_1_194' title='bbox 1270 2639 1429 2723; x_wconf 75' lang='lat' dir='ltr'>Pleraque</span> 
     </span>
     <span class='ocr_line' id='line_1_23' title="bbox 137 2743 1430 2835; baseline 0.002 -27"><span class='ocrx_word' id='word_1_195' title='bbox 137 2744 260 2810; x_wconf 79' lang='lat' dir='ltr'>leniter</span> <span class='ocrx_word' id='word_1_196' title='bbox 279 2748 314 2808; x_wconf 87' lang='lat' dir='ltr'>et</span> <span class='ocrx_word' id='word_1_197' title='bbox 331 2743 496 2808; x_wconf 90' lang='lat' dir='ltr'>modulate</span> <span class='ocrx_word' id='word_1_198' title='bbox 515 2745 690 2810; x_wconf 87' lang='lat' dir='ltr'>decurrunt</span> <span class='ocrx_word' id='word_1_199' title='bbox 707 2767 812 2831; x_wconf 90' lang='lat' dir='ltr'>neque</span> <span class='ocrx_word' id='word_1_200' title='bbox 830 2747 927 2830; x_wconf 90' lang='lat' dir='ltr'>pedes</span> <span class='ocrx_word' id='word_1_201' title='bbox 946 2747 1151 2814; x_wconf 85' lang='lat' dir='ltr'>irrationales</span> <span class='ocrx_word' id='word_1_202' title='bbox 1170 2745 1203 2835; x_wconf 89' lang='lat'>(-</span> <span class='ocrx_word' id='word_1_203' title='bbox 1220 2743 1253 2834; x_wconf 82' lang='grc' dir='ltr'>ῡ)</span> <span class='ocrx_word' id='word_1_204' title='bbox 1272 2745 1430 2812; x_wconf 87' lang='lat' dir='ltr'>Herman-</span> 
     </span>
     <span class='ocr_line' id='line_1_24' title="bbox 138 2851 1428 2943; baseline 0.002 -27"><span class='ocrx_word' id='word_1_205' title='bbox 138 2853 316 2916; x_wconf 75' lang='lat' dir='ltr'>niauamve</span> <span class='ocrx_word' id='word_1_206' title='bbox 343 2851 450 2916; x_wconf 90' lang='lat' dir='ltr'>basim</span> <span class='ocrx_word' id='word_1_207' title='bbox 477 2856 651 2937; x_wconf 88' lang='lat' dir='ltr'>respuunt,</span> <span class='ocrx_word' id='word_1_208' title='bbox 680 2853 764 2918; x_wconf 88' lang='lat' dir='ltr'>unde</span> <span class='ocrx_word' id='word_1_209' title='bbox 791 2875 966 2937; x_wconf 89' lang='lat' dir='ltr'>puerorum</span> <span class='ocrx_word' id='word_1_210' title='bbox 994 2854 1101 2920; x_wconf 88' lang='lat' dir='ltr'>choris</span> <span class='ocrx_word' id='word_1_211' title='bbox 1130 2853 1275 2942; x_wconf 78' lang='grc' dir='ltr'><strong>(παίδων</strong></span> <span class='ocrx_word' id='word_1_212' title='bbox 1301 2852 1428 2943; x_wconf 78' lang='grc' dir='ltr'><strong><em>χοροῖς)</em></strong></span> 
     </span>
     <span class='ocr_line' id='line_1_25' title="bbox 138 2955 1429 3048; baseline 0.002 -25"><span class='ocrx_word' id='word_1_213' title='bbox 138 2981 240 3044; x_wconf 89' lang='lat' dir='ltr'>quam</span> <span class='ocrx_word' id='word_1_214' title='bbox 263 2958 410 3024; x_wconf 85' lang='lat' dir='ltr'>virorum</span> <span class='ocrx_word' id='word_1_215' title='bbox 433 2955 583 3046; x_wconf 75' lang='grc' dir='ltr'>(ἀνδρῶν</span> <span class='ocrx_word' id='word_1_216' title='bbox 605 2958 733 3047; x_wconf 78' lang='grc' dir='ltr'>χοροῖς)</span> <span class='ocrx_word' id='word_1_217' title='bbox 756 2961 885 3044; x_wconf 88' lang='lat' dir='ltr'>aptiora</span> <span class='ocrx_word' id='word_1_218' title='bbox 904 2965 981 3026; x_wconf 91' lang='lat' dir='ltr'>sunt</span> <span class='ocrx_word' id='word_1_219' title='bbox 999 2958 1097 3048; x_wconf 85' lang='lat' dir='ltr'>(conf.</span> <span class='ocrx_word' id='word_1_220' title='bbox 1117 2961 1154 3027; x_wconf 93' lang='grc'>0.</span> <span class='ocrx_word' id='word_1_221' title='bbox 1172 2980 1242 3028; x_wconf 80' lang='lat' dir='ltr'>xw.</span> <span class='ocrx_word' id='word_1_222' title='bbox 1266 2960 1300 3027; x_wconf 92' lang='lat' dir='ltr'>P.</span> <span class='ocrx_word' id='word_1_223' title='bbox 1320 2958 1371 3048; x_wconf 80' lang='lat' dir='ltr'>vr)</span> <span class='ocrx_word' id='word_1_224' title='bbox 1395 2966 1429 3027; x_wconf 93' lang='lat' dir='ltr'>et</span> 
     </span>
     <span class='ocr_line' id='line_1_26' title="bbox 138 3065 1428 3156; baseline 0.002 -25"><span class='ocrx_word' id='word_1_225' title='bbox 138 3067 292 3132; x_wconf 86' lang='lat' dir='ltr'>decorem</span> <span class='ocrx_word' id='word_1_226' title='bbox 306 3065 484 3153; x_wconf 86' lang='lat' dir='ltr'>Lydiorum</span> <span class='ocrx_word' id='word_1_227' title='bbox 498 3067 666 3132; x_wconf 91' lang='lat' dir='ltr'>modorum</span> <span class='ocrx_word' id='word_1_228' title='bbox 682 3065 821 3134; x_wconf 85' lang='lat' dir='ltr'>maxime</span> <span class='ocrx_word' id='word_1_229' title='bbox 835 3068 998 3153; x_wconf 88' lang='lat' dir='ltr'>recipiunt</span> <span class='ocrx_word' id='word_1_230' title='bbox 1012 3066 1066 3156; x_wconf 82' lang='lat' dir='ltr'>(cf.</span> <span class='ocrx_word' id='word_1_231' title='bbox 1077 3067 1112 3133; x_wconf 93' lang='grc' dir='ltr'>Ο.</span> <span class='ocrx_word' id='word_1_232' title='bbox 1123 3087 1184 3133; x_wconf 82' lang='lat' dir='ltr'>xlv</span> <span class='ocrx_word' id='word_1_233' title='bbox 1197 3072 1245 3135; x_wconf 95' lang='grc'>17.</span> <span class='ocrx_word' id='word_1_234' title='bbox 1263 3068 1304 3134; x_wconf 89' lang='grc' dir='ltr'>Ν.</span> <span class='ocrx_word' id='word_1_235' title='bbox 1314 3068 1428 3152; x_wconf 79' lang='lat' dir='ltr'>1v45).</span> 
     </span>
     <span class='ocr_line' id='line_1_27' title="bbox 138 3173 1427 3262; baseline 0.001 -23"><span class='ocrx_word' id='word_1_236' title='bbox 138 3173 263 3240; x_wconf 90' lang='lat' dir='ltr'>Dorica</span> <span class='ocrx_word' id='word_1_237' title='bbox 282 3177 393 3239; x_wconf 86' lang='lat' dir='ltr'>autem</span> <span class='ocrx_word' id='word_1_238' title='bbox 412 3173 600 3240; x_wconf 89' lang='lat' dir='ltr'>comissatio</span> <span class='ocrx_word' id='word_1_239' title='bbox 618 3175 654 3240; x_wconf 91' lang='lat' dir='ltr'>in</span> <span class='ocrx_word' id='word_1_240' title='bbox 671 3175 861 3262; x_wconf 82' lang='lat' dir='ltr'>logaoedico</span> <span class='ocrx_word' id='word_1_241' title='bbox 881 3175 1023 3241; x_wconf 89' lang='lat' dir='ltr'>carmine</span> <span class='ocrx_word' id='word_1_242' title='bbox 1043 3177 1077 3242; x_wconf 91' lang='lat' dir='ltr'>P.</span> <span class='ocrx_word' id='word_1_243' title='bbox 1092 3194 1155 3240; x_wconf 89' lang='lat' dir='ltr'>vm</span> <span class='ocrx_word' id='word_1_244' title='bbox 1170 3179 1213 3242; x_wconf 94' lang='grc'>20</span> <span class='ocrx_word' id='word_1_245' title='bbox 1232 3198 1427 3242; x_wconf 86' lang='lat' dir='ltr'>commemo-</span> 
     </span>
     <span class='ocr_line' id='line_1_28' title="bbox 138 3280 1427 3368; baseline 0.002 -23"><span class='ocrx_word' id='word_1_246' title='bbox 138 3285 213 3346; x_wconf 81' lang='lat' dir='ltr'>rata</span> <span class='ocrx_word' id='word_1_247' title='bbox 244 3301 326 3344; x_wconf 90' lang='lat' dir='ltr'>uum</span> <span class='ocrx_word' id='word_1_248' title='bbox 358 3280 501 3344; x_wconf 88' lang='lat' dir='ltr'>musicos</span> <span class='ocrx_word' id='word_1_249' title='bbox 532 3303 684 3347; x_wconf 91' lang='lat' dir='ltr'>numeros</span> <span class='ocrx_word' id='word_1_250' title='bbox 718 3286 856 3368; x_wconf 88' lang='lat' dir='ltr'>spectet,</span> <span class='ocrx_word' id='word_1_251' title='bbox 888 3282 1096 3348; x_wconf 88' lang='lat' dir='ltr'>vehementer</span> <span class='ocrx_word' id='word_1_252' title='bbox 1128 3284 1276 3368; x_wconf 86' lang='lat' dir='ltr'>equidem</span> <span class='ocrx_word' id='word_1_253' title='bbox 1304 3283 1427 3349; x_wconf 90' lang='lat' dir='ltr'>dubito.</span> 
     </span>
     <span class='ocr_line' id='line_1_29' title="bbox 138 3387 1429 3476; baseline 0.003 -24"><span class='ocrx_word' id='word_1_254' title='bbox 138 3387 326 3470; x_wconf 89' lang='lat' dir='ltr'>Praecipua</span> <span class='ocrx_word' id='word_1_255' title='bbox 348 3387 458 3453; x_wconf 89' lang='lat' dir='ltr'>forma</span> <span class='ocrx_word' id='word_1_256' title='bbox 484 3387 664 3474; x_wconf 83' lang='lat' dir='ltr'>logaoedioi</span> <span class='ocrx_word' id='word_1_257' title='bbox 692 3389 837 3474; x_wconf 89' lang='lat' dir='ltr'>rhythmi</span> <span class='ocrx_word' id='word_1_258' title='bbox 866 3387 1031 3475; x_wconf 86' lang='lat' dir='ltr'>Glyconea</span> <span class='ocrx_word' id='word_1_259' title='bbox 1058 3395 1108 3455; x_wconf 88' lang='lat' dir='ltr'>est</span> <span class='ocrx_word' id='word_1_260' title='bbox 1131 3412 1236 3476; x_wconf 91' lang='lat' dir='ltr'>neque</span> <span class='ocrx_word' id='word_1_261' title='bbox 1259 3396 1369 3456; x_wconf 90' lang='lat' dir='ltr'>tamen</span> <span class='ocrx_word' id='word_1_262' title='bbox 1391 3413 1429 3456; x_wconf 89' lang='lat' dir='ltr'>ea</span> 
     </span>
     <span class='ocr_line' id='line_1_30' title="bbox 137 3493 1427 3582; baseline 0.002 -23"><span class='ocrx_word' id='word_1_263' title='bbox 137 3495 175 3559; x_wconf 92' lang='lat' dir='ltr'>in</span> <span class='ocrx_word' id='word_1_264' title='bbox 202 3493 337 3560; x_wconf 88' lang='lat' dir='ltr'>Pindari</span> <span class='ocrx_word' id='word_1_265' title='bbox 370 3493 440 3560; x_wconf 89' lang='lat' dir='ltr'>odis</span> <span class='ocrx_word' id='word_1_266' title='bbox 473 3496 584 3561; x_wconf 90' lang='lat' dir='ltr'>eadem</span> <span class='ocrx_word' id='word_1_267' title='bbox 615 3495 799 3582; x_wconf 85' lang='lat' dir='ltr'>frequentia</span> <span class='ocrx_word' id='word_1_268' title='bbox 827 3502 878 3562; x_wconf 91' lang='lat' dir='ltr'>est</span> <span class='ocrx_word' id='word_1_269' title='bbox 905 3501 1003 3581; x_wconf 89' lang='lat' dir='ltr'>atque</span> <span class='ocrx_word' id='word_1_270' title='bbox 1029 3498 1066 3562; x_wconf 93' lang='lat' dir='ltr'>in</span> <span class='ocrx_word' id='word_1_271' title='bbox 1093 3498 1229 3564; x_wconf 87' lang='lat' dir='ltr'>canticis</span> <span class='ocrx_word' id='word_1_272' title='bbox 1256 3502 1427 3582; x_wconf 88' lang='lat' dir='ltr'>poetarum</span> 
     </span>
     <span class='ocr_line' id='line_1_31' title="bbox 138 3600 1427 3691; baseline 0.002 -25"><span class='ocrx_word' id='word_1_273' title='bbox 138 3602 354 3668; x_wconf 88' lang='lat' dir='ltr'>scenicorum.</span> <span class='ocrx_word' id='word_1_274' title='bbox 400 3600 547 3688; x_wconf 83' lang='lat' dir='ltr'>Insignis</span> <span class='ocrx_word' id='word_1_275' title='bbox 575 3604 721 3688; x_wconf 83' lang='lat' dir='ltr'>exempla</span> <span class='ocrx_word' id='word_1_276' title='bbox 748 3603 845 3669; x_wconf 90' lang='lat' dir='ltr'>huius</span> <span class='ocrx_word' id='word_1_277' title='bbox 873 3604 1000 3691; x_wconf 87' lang='lat' dir='ltr'>generis</span> <span class='ocrx_word' id='word_1_278' title='bbox 1024 3605 1204 3671; x_wconf 88' lang='lat' dir='ltr'>carminum</span> <span class='ocrx_word' id='word_1_279' title='bbox 1228 3610 1304 3670; x_wconf 91' lang='lat' dir='ltr'>sunt</span> <span class='ocrx_word' id='word_1_280' title='bbox 1327 3604 1427 3670; x_wconf 85' lang='lat' dir='ltr'>O.1x.</span> 
     </span>
     <span class='ocr_line' id='line_1_32' title="bbox 139 3708 1427 3799; baseline 0.002 -26"><span class='ocrx_word' id='word_1_281' title='bbox 139 3727 211 3774; x_wconf 79' lang='lat' dir='ltr'>xiv.</span> <span class='ocrx_word' id='word_1_282' title='bbox 246 3708 441 3774; x_wconf 79' lang='lat' dir='ltr'>P.V1.V111.</span> <span class='ocrx_word' id='word_1_283' title='bbox 475 3709 637 3776; x_wconf 83' lang='lat' dir='ltr'>N.11.1v.</span> <span class='ocrx_word' id='word_1_284' title='bbox 669 3711 694 3776; x_wconf 93' lang='lat' dir='ltr'>I.</span> <span class='ocrx_word' id='word_1_285' title='bbox 714 3729 776 3794; x_wconf 85' lang='lat' dir='ltr'>vu,</span> <span class='ocrx_word' id='word_1_286' title='bbox 799 3711 1046 3796; x_wconf 88' lang='lat' dir='ltr'>partheniorum</span> <span class='ocrx_word' id='word_1_287' title='bbox 1069 3711 1254 3799; x_wconf 78' lang='lat' dir='ltr'>fragmenta</span> <span class='ocrx_word' id='word_1_288' title='bbox 1277 3714 1329 3778; x_wconf 86' lang='grc'>95.</span> <span class='ocrx_word' id='word_1_289' title='bbox 1355 3714 1427 3778; x_wconf 95' lang='grc'><strong>101.</strong></span> 
     </span>
    </p>

    <p class='ocr_par' dir='ltr' id='par_1_5' title="bbox 138 3815 1429 4868">
     <span class='ocr_line' id='line_1_33' title="bbox 230 3815 1427 3905; baseline 0.003 -25"><span class='ocrx_word' id='word_1_290' title='bbox 230 3815 423 3882; x_wconf 86' lang='lat' dir='ltr'>Paeonica</span> <span class='ocrx_word' id='word_1_291' title='bbox 451 3817 621 3883; x_wconf 88' lang='lat' dir='ltr'>carmina</span> <span class='ocrx_word' id='word_1_292' title='bbox 649 3823 687 3884; x_wconf 93' lang='lat' dir='ltr'>et</span> <span class='ocrx_word' id='word_1_293' title='bbox 712 3819 940 3905; x_wconf 82' lang='lat' dir='ltr'>logaoedica</span> <span class='ocrx_word' id='word_1_294' title='bbox 969 3819 1169 3885; x_wconf 91' lang='lat' dir='ltr'>concitata</span> <span class='ocrx_word' id='word_1_295' title='bbox 1196 3824 1253 3885; x_wconf 90' lang='lat' dir='ltr'>aut</span> <span class='ocrx_word' id='word_1_296' title='bbox 1281 3841 1320 3884; x_wconf 86' lang='lat' dir='ltr'>ex</span> <span class='ocrx_word' id='word_1_297' title='bbox 1349 3819 1427 3884; x_wconf 91' lang='lat' dir='ltr'>solis</span> 
     </span>
     <span class='ocr_line' id='line_1_34' title="bbox 140 3923 1428 4011; baseline 0.003 -24"><span class='ocrx_word' id='word_1_298' title='bbox 140 3923 308 4008; x_wconf 86' lang='lat' dir='ltr'>paeonicis</span> <span class='ocrx_word' id='word_1_299' title='bbox 324 3923 515 4010; x_wconf 88' lang='lat' dir='ltr'>creticisque</span> <span class='ocrx_word' id='word_1_300' title='bbox 528 3924 665 4010; x_wconf 90' lang='lat' dir='ltr'>pedibus</span> <span class='ocrx_word' id='word_1_301' title='bbox 680 3931 841 4010; x_wconf 89' lang='lat' dir='ltr'>constant,</span> <span class='ocrx_word' id='word_1_302' title='bbox 854 3931 893 3991; x_wconf 94' lang='lat' dir='ltr'>ut</span> <span class='ocrx_word' id='word_1_303' title='bbox 907 3925 987 3991; x_wconf 88' lang='lat'>0.11.</span> <span class='ocrx_word' id='word_1_304' title='bbox 1000 3925 1039 3990; x_wconf 85' lang='lat' dir='ltr'>fr.</span> <span class='ocrx_word' id='word_1_305' title='bbox 1053 3928 1125 4011; x_wconf 86' lang='lat'>108,</span> <span class='ocrx_word' id='word_1_306' title='bbox 1138 3932 1196 3991; x_wconf 90' lang='lat' dir='ltr'>aut</span> <span class='ocrx_word' id='word_1_307' title='bbox 1210 3949 1249 3992; x_wconf 85' lang='lat' dir='ltr'>ex</span> <span class='ocrx_word' id='word_1_308' title='bbox 1262 3925 1428 4011; x_wconf 87' lang='lat' dir='ltr'>paeonicis</span> 
     </span>
     <span class='ocr_line' id='line_1_35' title="bbox 140 4030 1429 4118; baseline 0.002 -22"><span class='ocrx_word' id='word_1_309' title='bbox 140 4031 280 4116; x_wconf 88' lang='lat' dir='ltr'>pedibus</span> <span class='ocrx_word' id='word_1_310' title='bbox 296 4053 369 4096; x_wconf 92' lang='lat' dir='ltr'>cum</span> <span class='ocrx_word' id='word_1_311' title='bbox 384 4030 581 4117; x_wconf 81' lang='lat' dir='ltr'>logsoedicis</span> <span class='ocrx_word' id='word_1_312' title='bbox 597 4031 675 4097; x_wconf 86' lang='lat' dir='ltr'>eolis</span> <span class='ocrx_word' id='word_1_313' title='bbox 691 4032 813 4117; x_wconf 87' lang='lat' dir='ltr'>mixtis,</span> <span class='ocrx_word' id='word_1_314' title='bbox 826 4037 864 4097; x_wconf 93' lang='lat' dir='ltr'>ut</span> <span class='ocrx_word' id='word_1_315' title='bbox 874 4031 910 4097; x_wconf 96' lang='lat' dir='ltr'>O.</span> <span class='ocrx_word' id='word_1_316' title='bbox 920 4050 952 4098; x_wconf 72' lang='lat' dir='ltr'>n</span> <span class='ocrx_word' id='word_1_317' title='bbox 967 4032 1002 4097; x_wconf 88' lang='lat' dir='ltr'>P.</span> <span class='ocrx_word' id='word_1_318' title='bbox 1012 4051 1044 4096; x_wconf 90' lang='lat' dir='ltr'>v.</span> <span class='ocrx_word' id='word_1_319' title='bbox 1059 4032 1096 4097; x_wconf 83' lang='lat' dir='ltr'>fr.</span> <span class='ocrx_word' id='word_1_320' title='bbox 1109 4034 1160 4118; x_wconf 92' lang='grc'>75,</span> <span class='ocrx_word' id='word_1_321' title='bbox 1175 4039 1231 4098; x_wconf 87' lang='lat' dir='ltr'>aut</span> <span class='ocrx_word' id='word_1_322' title='bbox 1245 4055 1284 4098; x_wconf 86' lang='lat' dir='ltr'>ex</span> <span class='ocrx_word' id='word_1_323' title='bbox 1298 4034 1429 4117; x_wconf 89' lang='lat' dir='ltr'>paeoni·</span> 
     </span>
     <span class='ocr_line' id='line_1_36' title="bbox 140 4137 1427 4226; baseline 0.001 -22"><span class='ocrx_word' id='word_1_324' title='bbox 140 4139 187 4204; x_wconf 89' lang='lat' dir='ltr'>cis</span> <span class='ocrx_word' id='word_1_325' title='bbox 207 4137 369 4204; x_wconf 85' lang='lat' dir='ltr'>eboriacis</span> <span class='ocrx_word' id='word_1_326' title='bbox 389 4138 586 4203; x_wconf 90' lang='lat' dir='ltr'>dochmiacis</span> <span class='ocrx_word' id='word_1_327' title='bbox 606 4139 804 4224; x_wconf 85' lang='lat' dir='ltr'>logaoedicis</span> <span class='ocrx_word' id='word_1_328' title='bbox 819 4139 900 4204; x_wconf 89' lang='lat' dir='ltr'>colis</span> <span class='ocrx_word' id='word_1_329' title='bbox 914 4139 1015 4204; x_wconf 89' lang='lat' dir='ltr'>libere</span> <span class='ocrx_word' id='word_1_330' title='bbox 1028 4138 1182 4226; x_wconf 81' lang='lat' dir='ltr'>confusis,</span> <span class='ocrx_word' id='word_1_331' title='bbox 1201 4144 1238 4204; x_wconf 92' lang='lat' dir='ltr'>ut</span> <span class='ocrx_word' id='word_1_332' title='bbox 1253 4139 1288 4204; x_wconf 90' lang='lat'>0.</span> <span class='ocrx_word' id='word_1_333' title='bbox 1303 4158 1324 4204; x_wconf 91' lang='lat'>1.</span> <span class='ocrx_word' id='word_1_334' title='bbox 1343 4139 1377 4204; x_wconf 89' lang='lat' dir='ltr'>P.</span> <span class='ocrx_word' id='word_1_335' title='bbox 1392 4158 1427 4205; x_wconf 90' lang='lat'>11.</span> 
     </span>
     <span class='ocr_line' id='line_1_37' title="bbox 139 4244 1428 4333; baseline 0.002 -23"><span class='ocrx_word' id='word_1_336' title='bbox 139 4264 172 4310; x_wconf 75' lang='lat' dir='ltr'>n</span> <span class='ocrx_word' id='word_1_337' title='bbox 190 4245 231 4310; x_wconf 89' lang='lat' dir='ltr'>N.</span> <span class='ocrx_word' id='word_1_338' title='bbox 242 4263 288 4310; x_wconf 81' lang='lat' dir='ltr'>VI.</span> <span class='ocrx_word' id='word_1_339' title='bbox 309 4245 415 4310; x_wconf 83' lang='lat' dir='ltr'>I.V111.</span> <span class='ocrx_word' id='word_1_340' title='bbox 443 4245 495 4310; x_wconf 82' lang='lat' dir='ltr'>Ex</span> <span class='ocrx_word' id='word_1_341' title='bbox 508 4244 701 4332; x_wconf 75' lang='lat' dir='ltr'>fragmentis</span> <span class='ocrx_word' id='word_1_342' title='bbox 715 4246 779 4312; x_wconf 89' lang='lat' dir='ltr'>huc</span> <span class='ocrx_word' id='word_1_343' title='bbox 793 4247 959 4331; x_wconf 88' lang='lat' dir='ltr'>pertinent</span> <span class='ocrx_word' id='word_1_344' title='bbox 971 4248 1126 4332; x_wconf 86' lang='lat' dir='ltr'>pleraque</span> <span class='ocrx_word' id='word_1_345' title='bbox 1139 4269 1309 4333; x_wconf 90' lang='lat' dir='ltr'>paeanum,</span> <span class='ocrx_word' id='word_1_346' title='bbox 1322 4247 1428 4333; x_wconf 91' lang='lat' dir='ltr'>dithy-</span> 
     </span>
     <span class='ocr_line' id='line_1_38' title="bbox 139 4352 1426 4439; baseline 0.001 -21"><span class='ocrx_word' id='word_1_347' title='bbox 139 4353 345 4437; x_wconf 87' lang='lat' dir='ltr'>ramhorum,</span> <span class='ocrx_word' id='word_1_348' title='bbox 366 4352 672 4439; x_wconf 88' lang='lat' dir='ltr'>hyporchematum,</span> <span class='ocrx_word' id='word_1_349' title='bbox 695 4355 779 4427; x_wconf 90' lang='lat' dir='ltr'>unde</span> <span class='ocrx_word' id='word_1_350' title='bbox 804 4355 903 4419; x_wconf 87' lang='lat' dir='ltr'>etiam</span> <span class='ocrx_word' id='word_1_351' title='bbox 920 4354 958 4419; x_wconf 83' lang='lat' dir='ltr'>fr.</span> <span class='ocrx_word' id='word_1_352' title='bbox 980 4357 1053 4420; x_wconf 86' lang='grc'><strong>141.</strong></span> <span class='ocrx_word' id='word_1_353' title='bbox 1075 4354 1238 4422; x_wconf 85' lang='grc'><strong>142143.</strong></span> <span class='ocrx_word' id='word_1_354' title='bbox 1261 4356 1426 4420; x_wconf 79' lang='grc'><strong>154156.</strong></span> 
     </span>
     <span class='ocr_line' id='line_1_39' title="bbox 142 4460 1426 4546; baseline 0.002 -22"><span class='ocrx_word' id='word_1_355' title='bbox 142 4461 215 4525; x_wconf 92' lang='grc'><strong>169.</strong></span> <span class='ocrx_word' id='word_1_356' title='bbox 241 4461 315 4526; x_wconf 95' lang='grc'><strong>177.</strong></span> <span class='ocrx_word' id='word_1_357' title='bbox 343 4460 415 4524; x_wconf 93' lang='grc'><strong>192.</strong></span> <span class='ocrx_word' id='word_1_358' title='bbox 439 4460 513 4525; x_wconf 87' lang='grc'><strong>203.</strong></span> <span class='ocrx_word' id='word_1_359' title='bbox 534 4462 607 4526; x_wconf 88' lang='grc'><strong>208.</strong></span> <span class='ocrx_word' id='word_1_360' title='bbox 627 4463 702 4528; x_wconf 89' lang='grc'><strong>224.</strong></span> <span class='ocrx_word' id='word_1_361' title='bbox 722 4463 787 4528; x_wconf 86' lang='grc'>235</span> <span class='ocrx_word' id='word_1_362' title='bbox 811 4484 850 4526; x_wconf 85' lang='lat' dir='ltr'>ex</span> <span class='ocrx_word' id='word_1_363' title='bbox 873 4461 995 4526; x_wconf 90' lang='lat' dir='ltr'>talibus</span> <span class='ocrx_word' id='word_1_364' title='bbox 1020 4461 1089 4526; x_wconf 91' lang='lat' dir='ltr'>odis</span> <span class='ocrx_word' id='word_1_365' title='bbox 1113 4466 1245 4546; x_wconf 89' lang='lat' dir='ltr'>sumpta</span> <span class='ocrx_word' id='word_1_366' title='bbox 1267 4484 1339 4527; x_wconf 89' lang='lat' dir='ltr'>esse</span> <span class='ocrx_word' id='word_1_367' title='bbox 1362 4462 1426 4528; x_wconf 87' lang='lat' dir='ltr'>col·</span> 
     </span>
     <span class='ocr_line' id='line_1_40' title="bbox 139 4565 1426 4655; baseline 0.002 -24"><span class='ocrx_word' id='word_1_368' title='bbox 139 4567 216 4655; x_wconf 83' lang='lat' dir='ltr'>ligo.</span> <span class='ocrx_word' id='word_1_369' title='bbox 254 4565 381 4632; x_wconf 87' lang='lat' dir='ltr'>Versus</span> <span class='ocrx_word' id='word_1_370' title='bbox 403 4565 500 4632; x_wconf 91' lang='lat' dir='ltr'>huius</span> <span class='ocrx_word' id='word_1_371' title='bbox 525 4569 652 4654; x_wconf 84' lang='lat' dir='ltr'>generis</span> <span class='ocrx_word' id='word_1_372' title='bbox 677 4568 858 4634; x_wconf 86' lang='lat' dir='ltr'>carminum</span> <span class='ocrx_word' id='word_1_373' title='bbox 880 4590 1055 4633; x_wconf 87' lang='lat' dir='ltr'>anacruses</span> <span class='ocrx_word' id='word_1_374' title='bbox 1078 4572 1111 4633; x_wconf 91' lang='lat' dir='ltr'>et</span> <span class='ocrx_word' id='word_1_375' title='bbox 1130 4568 1373 4654; x_wconf 88' lang='lat' dir='ltr'>monosyllabas</span> <span class='ocrx_word' id='word_1_376' title='bbox 1393 4573 1426 4634; x_wconf 91' lang='lat' dir='ltr'>et</span> 
     </span>
     <span class='ocr_line' id='line_1_41' title="bbox 138 4673 1426 4760; baseline 0.001 -22"><span class='ocrx_word' id='word_1_377' title='bbox 138 4673 296 4740; x_wconf 74' lang='lat' dir='ltr'>iambicos</span> <span class='ocrx_word' id='word_1_378' title='bbox 316 4677 430 4737; x_wconf 86' lang='lat' dir='ltr'>amant</span> <span class='ocrx_word' id='word_1_379' title='bbox 449 4694 552 4757; x_wconf 89' lang='lat' dir='ltr'>neque</span> <span class='ocrx_word' id='word_1_380' title='bbox 572 4699 591 4740; x_wconf 92' lang='lat' dir='ltr'>a</span> <span class='ocrx_word' id='word_1_381' title='bbox 609 4673 835 4760; x_wconf 85' lang='lat' dir='ltr'>frequentibus</span> <span class='ocrx_word' id='word_1_382' title='bbox 855 4673 1078 4739; x_wconf 88' lang='lat' dir='ltr'>collisionibus</span> <span class='ocrx_word' id='word_1_383' title='bbox 1095 4674 1221 4741; x_wconf 89' lang='lat' dir='ltr'>ictuum</span> <span class='ocrx_word' id='word_1_384' title='bbox 1236 4675 1426 4758; x_wconf 82' lang='lat' dir='ltr'>abhorrent3</span> 
     </span>
     <span class='ocr_line' id='line_1_42' title="bbox 140 4777 1427 4868; baseline 0.003 -24"><span class='ocrx_word' id='word_1_385' title='bbox 140 4781 235 4848; x_wconf 91' lang='lat' dir='ltr'>iidem</span> <span class='ocrx_word' id='word_1_386' title='bbox 259 4803 337 4848; x_wconf 92' lang='lat' dir='ltr'>cum</span> <span class='ocrx_word' id='word_1_387' title='bbox 362 4779 502 4844; x_wconf 83' lang='lat' dir='ltr'>maxime</span> <span class='ocrx_word' id='word_1_388' title='bbox 526 4780 696 4846; x_wconf 82' lang='lat' dir='ltr'>concitatis</span> <span class='ocrx_word' id='word_1_389' title='bbox 719 4779 864 4846; x_wconf 90' lang='lat' dir='ltr'>numeris</span> <span class='ocrx_word' id='word_1_390' title='bbox 889 4777 1122 4868; x_wconf 78' lang='grc' dir='ltr'>(στρογγύλοις</span> <span class='ocrx_word' id='word_1_391' title='bbox 1139 4782 1297 4868; x_wconf 67' lang='grc' dir='ltr'>ῥυθμοῖς)</span> <span class='ocrx_word' id='word_1_392' title='bbox 1318 4783 1427 4848; x_wconf 91' lang='lat' dir='ltr'>decur-</span> 
     </span>
    </p>
   </div>
   <div class='ocr_carea' id='block_1_3' title="bbox 0 0 1716 5434">
    <p class='ocr_par' dir='ltr' id='par_1_6' title="bbox 0 0 1716 5434">
     <span class='ocr_line' id='line_1_43' title="bbox 0 0 1716 5434; baseline 0 0"><span class='ocrx_word' id='word_1_393' title='bbox 0 0 1716 5434; x_wconf 95' lang='lat' dir='ltr'> </span> 
     </span>
    </p>
   </div>
  </div>
 </body>
</html>
