3417 5434
478 360 527 412 III.
553 361 602 410 DE
620 360 729 411 LUDIS
748 361 794 411 ET
813 361 988 414 nrlnlcns.
1278 362 1378 416 XCVII

92 518 315 605 posuerunt¹)
360 518 583 586 Nihilominus
610 522 659 588 ita
680 522 839 588 Pindarus
867 524 1046 589 sententias
1074 525 1108 588 in
1136 526 1203 590 suis
1227 524 1376 609 epiniciis

92 625 326 711 conformavit,
357 633 522 712 tamquam
553 649 621 692 non
648 628 780 714 chorus,
813 630 870 694 sed
897 634 995 714 poeta
1021 632 1091 714 ipse
1118 631 1218 696 verba
1245 631 1378 716 faceret,

92 731 173 814 qnod
197 737 239 796 ut
265 733 346 799 satis
369 734 589 800 excusationis
612 734 764 820 habebat,
787 736 892 801 sicubi
914 740 1013 821 poeta
1035 738 1135 803 choro
1157 744 1307 824 praeerat
1325 739 1378 803 rel

92 839 206 904 saltem
231 841 355 906 fidibus
378 843 409 907 ei
432 841 633 926 succinebat,
661 842 709 908 ita
732 843 851 908 mirum
875 865 942 908 non
966 844 1067 909 videri
1089 867 1155 909 non
1177 850 1321 931 poterat,
1349 845 1378 909 si

90 951 185 1030 poeta
213 946 392 1014 festivitati
419 970 485 1014 non
512 949 681 1035 intererat,
709 952 765 1016 sed
794 973 811 1016 e
839 950 1018 1037 longinquo
1047 974 1157 1018 versus
1181 953 1281 1018 choro
1305 976 1379 1018 can-

91 1055 205 1118 tandos
234 1057 380 1122 miserat.
425 1055 471 1121 At
498 1057 586 1124 facta
613 1057 687 1143 plus
715 1059 824 1127 valent
847 1081 946 1142 quam
969 1059 1250 1144 ratiocinationes,
1278 1063 1377 1144 atque

90 1161 169 1226 hanc
197 1163 353 1247 profecto
376 1163 441 1229 sibi
463 1165 570 1251 legem
592 1163 751 1230 Pindarus
776 1165 909 1250 scripsit
931 1167 1039 1232 ubivis
1063 1168 1312 1252 observandam,
1340 1170 1378 1230 ut

93 1268 249 1353 quidquid
274 1269 381 1335 forma
403 1271 527 1356 primae
550 1292 707 1356 personae
731 1271 945 1357 eloqueretur,
969 1279 1072 1338 semet
1088 1275 1196 1359 ipsum
1216 1278 1379 1359 spectaret

93 1397 153 1440 non
176 1376 328 1462 chorum,
351 1376 414 1442 nisi
438 1381 597 1463 quatenus
622 1401 681 1443 sua
700 1400 797 1444 causa
816 1380 928 1444 eadem
947 1385 1044 1464 atque
1063 1380 1155 1446 chori
1174 1385 1267 1446 esset.
1304 1379 1377 1445 Hoc

94 1489 197 1548 autem
222 1485 276 1550 ita
298 1484 483 1550 instituisse
507 1485 648 1570 videtur,
672 1486 757 1572 quod
781 1501 854 1552 cum
878 1487 990 1552 Alcaei
1014 1489 1281 1574 superiorumque
1304 1510 1379 1573 poe

95 1597 195 1656 tarum
228 1592 411 1678 lyricorum
442 1592 582 1680 vestigia
607 1594 745 1680 legeret,
777 1595 912 1660 chorum
939 1617 1005 1660 non
1033 1618 1109 1661 suas
1135 1594 1238 1681 ipsius
1266 1599 1376 1680 partes

94 1699 182 1783 tueri,
206 1700 266 1764 sed
290 1699 445 1764 inferiore
469 1722 600 1766 munere
622 1702 812 1788 interpretis
837 1707 954 1786 poetae
977 1703 1211 1769 sententiarum
1234 1725 1305 1768 esse
1325 1725 1378 1768 vo-

96 1807 160 1870 luit.
205 1805 326 1891 Neque
354 1829 416 1894 ego
442 1807 472 1871 is
496 1830 582 1893 sum,
610 1809 665 1894 qui
688 1809 750 1875 hoc
773 1809 904 1874 nomine
928 1809 1104 1874 Pindarum
1126 1810 1255 1875 laudem
1278 1816 1376 1895 atque

96 1912 276 1998 defendam,
310 1913 409 1979 immo
440 1936 575 1999 prorsus
608 1937 681 1981 eum
714 1916 845 1981 mimica
876 1922 947 1981 arte
979 1921 1012 1981 et
1040 1939 1104 2002 qua
1125 1917 1235 2011 ⁹Attici
1261 1923 1377 2003 poetae

97 2019 250 2084 florebant
274 2020 432 2086 facultate
456 2022 597 2088 alienam
618 2044 791 2108 personam
813 2024 968 2088 induendi
991 2025 1133 2090 caruisse
1156 2025 1271 2091 fateor.

176 2124 344 2194 Carminis
368 2129 507 2194 faciendi
531 2131 658 2215 copiam
682 2131 829 2196 fecerunt
852 2153 926 2197 cum
945 2131 1100 2197 victoriae
1119 2133 1259 2198 felicitas
1279 2137 1377 2218 atque
1460 2171 1467 2182 ·

98 2234 221 2299 victoris
249 2235 288 2299 in
316 2237 491 2302 certamine
515 2237 657 2302 ineundo
680 2237 783 2303 virtus
808 2237 992 2323 aliptaeque
1015 2239 1214 2323 experientia
1236 2241 1377 2326 probata

99 2341 264 2427 institutio,
290 2348 360 2408 tum
384 2345 491 2430 gentis
515 2348 548 2408 et
571 2344 696 2427 patriae
719 2346 844 2431 decora,
868 2367 1007 2430 qnorum
1031 2348 1188 2411 memoria
1210 2369 1295 2412 nova
1313 2348 1377 2412 vic·

99 2449 174 2513 toria
195 2451 464 2516 resuscitabatur.
505 2450 591 2516 Hinc
614 2450 737 2516 factum
761 2457 820 2538 est,
842 2458 880 2516 ut
902 2453 1066 2537 plerisque
1089 2453 1237 2538 epiniciis
1260 2460 1376 2538 poetae

99 2556 232 2623 fabulam
262 2557 408 2642 aliquam
433 2557 627 2641 insererent,
655 2580 737 2643 quae
765 2582 838 2624 cnm
866 2560 986 2644 partim
1010 2582 1049 2624 ex
1072 2560 1211 2624 historia
1233 2560 1376 2624 fabulari

99 2665 213 2747 patriae
246 2665 384 2731 victoris
413 2670 543 2750 sumpta
570 2671 670 2752 esset,
702 2668 822 2751 partim
850 2690 924 2732 cum
952 2667 1050 2751 ludis,
1083 2668 1201 2752 quibus
1230 2690 1376 2752 quaeque

103 2771 226 2836 victoria
250 2777 422 2858 reportata
440 2777 519 2858 erat,
543 2773 737 2859 cohaereret,
760 2774 915 2840 carminis
935 2775 1027 2859 quasi
1045 2775 1237 2840 umbilicum
1255 2773 1376 2863 (ὀμφα-

102 2875 166 2964 ido)
188 2879 364 2945 efficiebat.
406 2879 467 2944 His
491 2902 568 2944 vero
592 2879 712 2946 fabulis
736 2903 774 2945 eo
798 2882 903 2968 magis
926 2887 1042 2967 poetae
1062 2905 1193 2968 operam
1211 2884 1377 2947 navabant

101 2989 128 3046 et
152 2985 301 3052 homines
329 3009 424 3052 aures
451 2987 664 3072 praebebant,
693 2990 779 3072 quod
805 3011 844 3054 ex
868 2981 1011 3074 antiquis
1035 2991 1237 3075 temporibus
1261 2990 1376 3055 Graeci

102 3091 214 3158 adsueti
242 3099 351 3178 erant,
382 3099 419 3158 ut
446 3094 481 3158 in
509 3093 610 3160 sacris
638 3093 792 3181 feriisque
821 3097 968 3181 deorum,
996 3119 1076 3181 quas
1105 3096 1245 3182 epinicia
1271 3097 1377 3162 imita-

102 3197 219 3285 bantur,
247 3206 327 3286 post
353 3200 629 3286 praedicationem
657 3201 840 3267 divinorum
867 3203 1038 3268 numinum
1066 3205 1178 3269 laudes
1205 3204 1376 3269 hominum

101 3303 289 3394 hercumque
312 3307 493 3393 patriorum
517 3306 610 3396 (κλέα
633 3306 782 3397 ἀνδρῶν)
806 3307 998 3396 audirent.²)

177 3413 330 3481 Perfecta
357 3417 418 3481 oda
442 3413 526 3504 (ᾠδὴ
550 3413 671 3504 τελεία)
695 3439 770 3481 eum
793 3417 900 3481 tribus
922 3418 1073 3502 partibus
1097 3424 1239 3502 constet,
1267 3420 1374 3484 verbis

103 3527 219 3608 poetae,
246 3523 381 3589 musicis
410 3524 527 3608 modis,
556 3506 699 3588 motibus
728 3523 832 3608 chori,
860 3524 925 3588 iam
953 3525 1050 3590 nobis
1075 3527 1293 3611 quaerendum
1316 3532 1377 3613 est,

103 3649 173 3710 quae
194 3631 228 3696 in
249 3630 383 3696 Pindari
407 3630 555 3716 epiniciis
578 3629 720 3695 musicae
744 3635 777 3694 et
801 3630 986 3696 saltationis
1008 3636 1118 3717 partes
1142 3632 1271 3698 filerint
1309 3632 1372 3698 Sed

103 3733 273 3803 brevissimi
296 3737 332 3802 in
355 3737 416 3803 hac
434 3742 527 3823 parta
546 3737 677 3823 erimus,
699 3737 852 3820 quoniam
873 3739 911 3802 de
930 3739 1102 3824 potissima
1119 3745 1212 3826 parte
1230 3741 1372 3807 musicae

104 3842 181 3927 artis,
202 3845 241 3909 de
263 3844 408 3910 numeris
431 3844 504 3910 dico
528 3850 561 3910 et
583 3845 772 3930 harmoniis,
795 3845 915 3910 iamin
934 3846 1037 3911 altero
1055 3847 1140 3912 libro
1159 3848 1277 3913 horum
1296 3849 1372 3913 Pro-

103 3943 336 4033 legcmenorum
359 3951 580 4038 disseruimus,
605 3951 767 4016 demodis
787 3957 897 4017 autem
915 3953 1048 4018 musicis
1067 3959 1100 4019 et
1119 3955 1209 4020 chori
1229 3957 1371 4020 motibus

104 4053 159 4120 iere
183 4059 265 4124 nihil
293 4061 374 4125 certi
403 4065 437 4126 et
465 4061 550 4146 quod
579 4081 647 4124 rem
676 4063 751 4124 ante
780 4060 892 4126 oculos
918 4062 1015 4126 nobis
1042 4068 1145 4146 ponat
1168 4069 1371 4148 compertum

104 4161 254 4232 habemus.
302 4167 388 4232 Nam
415 4172 511 4234 notus
540 4168 681 4233 musicas
708 4167 889 4252 primorum
911 4192 1064 4235 versuum
1088 4170 1240 4234 carminis
1263 4169 1330 4234 P.1
1353 4195 1373 4235 a

107 4309 302 4322 ·-·-——--—-.-.

182 4399 206 4464 1)
229 4397 301 4450 Vide
321 4396 406 4452 schol.
427 4396 574 4452 Oaros.
600 4403 703 4452 11163.
736 4397 840 4453 Pae.
869 4405 942 4452 v24.
959 4403 1076 4454 96,138.
1104 4405 1171 4454 vrl.
1196 4403 1302 4454 vm'19.
1337 4400 1370 4456 N.

106 4480 128 4514 Π
143 4469 562 4610 14.2)1.quc.51,ppormniffltem
575 4540 687 4610 mythos
702 4539 873 4594 carminibus
888 4541 1005 4610 epinicia
1019 4541 1161 4596 inserendi
1176 4542 1290 4612 egregie
1305 4541 1370 4595 illu-

109 4609 195 4662 stravit
212 4615 239 4664 et
253 4615 352 4666 contra
366 4611 483 4666 subtiles
497 4612 621 4677 rationes
636 4612 770 4666 Boeckhii
785 4612 1026 4681 recentiorumque
1040 4612 1226 4684 interpretum
1242 4613 1370 4668 defendit

108 4675 302 4736 Drachmannus
326 4682 355 4736 in
378 4683 450 4737 libro
468 4683 574 4738 Danice
598 4683 715 4754 scripto,
739 4684 789 4738 sed
812 4684 915 4752 partim
939 4684 1031 4737 latina
1054 4687 1182 4740 oratione
1201 4684 1370 4754 alienigenis

108 4745 249 4874 quqilinibus
276 4754 420 4824 patefacto
449 4758 488 4810 lJe
516 4755 701 4810 recentiorum
729 4755 960 4825 interpretatione
983 4756 1147 4827 Pindarica,
1176 4757 1370 4829 Kopenbagen

154 4922 269 4967 munaus
283 4927 318 4968 ed.
334 4926 439 4968 Christ.
1140 4938 1160 4990 g
