3417 5434
839 337 988 388 FINDARI
1006 336 1173 388 EPINICIA.

578 497 661 564 ὅθεν
683 496 917 583 γεγενναμένοι
1279 493 1364 562 'slva
1388 494 1434 580 γ’.

525 622 559 669 ἰο
577 606 689 671 ἵκοντο
714 607 868 693 Θήρανδε
891 617 998 691 φῶτες
1021 607 1188 689 Αἰγεΐδαι,

577 711 650 797 ἐμοὶ
672 712 826 799 πατέρες,
849 713 890 779 οὐ
913 719 1005 778 θεῶν

621 822 717 907 άτερ,
740 819 823 886 άλλά
845 821 946 906 μοῖρά
969 843 1019 896 τις
1041 821 1129 903 άγεν.

576 930 771 994 πολύθυτον
794 931 915 1014 ἔρανον

577 1038 677 1100 ἔνθεν
700 1033 950 1120 ἀναδεξάμενοι,

570 1140 753 1226 Ἀπολλον,
775 1151 846 1229 τεᾷ,

523 1267 557 1315 80
576 1248 731 1337 Καρνήά,
754 1249 790 1314 έν
813 1247 903 1314 δαιτὶ
925 1252 1094 1334 σεβίζομεν

576 1357 736 1443 Κυράνας
758 1355 980 1441 ἀγακτιμέναν
1001 1360 1112 1423 πόλιν·

576 1467 685 1548 ἔχοντι
707 1464 769 1528 τάν
792 1463 1016 1548 χαλκοχάρμαι
1040 1461 1126 1540 ξένοι

580 1574 689 1655 Τρῶες
709 1567 949 1656 Ἀντανορίδαι.
984 1572 1048 1634 σὺν
1066 1568 1181 1657 Ἑλένᾳ
1205 1571 1267 1656 γάρ
1290 1573 1406 1655 μόλον,
1432 1589 1484 1636 110

574 1685 811 1744 καπνωθεῖσαν
832 1677 962 1763 πάτραν
986 1675 1056 1742 ἐπεὶ
1076 1679 1175 1743 δίδον

1289 1783 1358 1850 Ἐπ.
1382 1785 1428 1869 γ’.

522 1909 556 1958 85
575 1892 728 1979 ἐν’Λρει.
773 1893 810 1958 τὸ
834 1891 867 1956 δ’
893 1891 1074 1958 ἐλάσιππον
1097 1894 1198 1968 ἔθνος
1220 1890 1385 1970 ἐνδυκέως

435 2058 475 2106 77.
494 2052 657 2106 πολύθυτον
677 2050 704 2114 ές
723 2049 761 2120 ἐρ.
781 2051 808 2105 Β
818 2051 848 2104 D
859 2051 887 2103 F
896 2051 920 2104 G
932 2050 991 2104 ΡΟ
1002 2050 1029 2104 R
1040 2050 1071 2119 V,
1091 2049 1118 2112 ἐς
1137 2065 1190 2103 om.
1211 2051 1241 2106 E
1257 2052 1286 2104 et
1303 2050 1409 2105 Mosch.
1427 2068 1518 2121 neque
1539 2049 1626 2118 legisse

362 2123 493 2178 videntur
518 2123 618 2190 schol.;
649 2121 696 2192 ἄρ’
725 2122 755 2176 ἐν
785 2121 857 2176 coni.
883 2121 943 2174 Min
964 2121 1045 2176 arelli
1075 2123 1213 2176 commate
1242 2125 1307 2176 ante
1334 2123 1438 2179 πολύθ.
1466 2122 1575 2176 sublato
1602 2153 1625 2159 -

362 2201 404 2250 78.
423 2194 638 2265 ἀναδεξαμέναν
653 2197 682 2247 et
695 2191 836 2266 σεβιῑέμεν
851 2191 921 2247 coni.
964 2209 1079 2246 ermann
1094 2225 1128 2232 —
1143 2197 1185 2246 80.
1201 2191 1323 2260 Καρνήϊ’
1340 2193 1370 2248 ἐν
1385 2195 1511 2250 Boeclih:
1530 2190 1623 2260 καρνεά

362 2267 392 2320 ἐν
411 2267 524 2334 BDE,
544 2271 664 2333 Καρνεῑε
688 2263 714 2319 τ’
737 2264 767 2319 ἐν
786 2267 815 2318 et
833 2264 935 2317 deinde
955 2264 1088 2333 Κυράνας
1105 2262 1132 2317 τ’
1154 2263 1225 2318 coni.
1244 2263 1336 2333 Bergk
1357 2297 1390 2305 -
1411 2265 1550 2339 οεβιζὲμεν
1566 2263 1624 2316 coni.

361 2339 456 2406 Pauw,
475 2337 608 2408 probavit
625 2337 768 2392 Hermann
784 2368 817 2375 —
835 2340 877 2389 81.
898 2335 1089 2405 ἀγακτιμέναν
1109 2335 1202 2390 codd:
1222 2334 1419 2406 ἀγακλυμέναν
1438 2338 1508 2392 coni.
1523 2335 1624 2398 Becker,
1665 2357 1666 2408 y

361 2408 409 2464 ἀν’
430 2408 597 2479 εὐκτιμέναν
622 2407 693 2463 coni.
713 2409 872 2462 Schemann
898 2406 948 2476 Op.
973 2425 1001 2460 iv
1025 2425 1050 2463 is
1078 2437 1111 2446 -
1138 2411 1181 2460 84.
1208 2402 1286 2462 εἶδον
1311 2409 1341 2463 D
1367 2441 1401 2449 —-
1428 2415 1471 2462 85.
1495 2404 1625 2466 ἐνδικαίος

360 2481 427 2535 Dpc
445 2513 478 2520 —
499 2479 630 2551 δέχονται
654 2481 684 2535 D
709 2511 743 2519 —
770 2479 878 2546 ἄνδρας
903 2475 1064 2602 οἰῇνέοντας
1089 2495 1139 2548 σφι
1162 2495 1195 2532 ex
1224 2478 1338 2532 scholiis
1366 2481 1509 2552 Hartung:
1537 2480 1624 2544 ἄνδρες

361 2551 516 2623 οἰχνέοντές
534 2570 588 2621 σφε
606 2553 634 2606 Β
645 2552 711 2606 DE
727 2553 756 2604 et
773 2568 839 2620 pars
859 2550 925 2604 scbo
941 2549 1028 2604 'orum
1048 2581 1081 2589 -

364 2658 480 2713 Pindari
498 2659 528 2712 in
548 2657 778 2728 inscriptionibus
793 2657 939 2727 Anapbse,
954 2656 1064 2711 insulas
1078 2655 1188 2711 vicinae
1202 2655 1318 2720 Therae,
1333 2674 1474 2713 recurrere
1489 2657 1562 2726 (eie.
1576 2673 1623 2710 ssa.

364 2747 445 2786 assos.
467 2734 552 2799 assos)
573 2730 724 2783 admodum
745 2728 929 2782 memorabile
951 2733 995 2783 est
1011 2745 1102 2798 neque
1123 2728 1182 2782 veri
1203 2728 1340 2784 dissimile
1359 2731 1537 2799 Καρνειάδας
1553 2741 1584 2794 (s.
1600 2727 1622 2778 P.

361 2821 389 2854 rx
405 2805 451 2871 τι),
465 2819 483 2856 a
497 2801 612 2858 Carneis
630 2801 716 2855 sacris
735 2800 800 2855 illos
819 2800 1023 2866 denominatos,
1042 2800 1135 2868 gentis
1153 2800 1329 2871 Aegidsrnm
1348 2801 1444 2870 luisse,
1465 2805 1555 2856 tarum
1571 2799 1622 2852 inde

361 2890 452 2941 neque
467 2873 593 2943 Aegidas
612 2872 688 2926 omni
707 2876 832 2942 tempore
854 2889 935 2925 sacra
949 2871 1056 2925 Carnes
1071 2870 1285 2926 administrasse
1299 2873 1421 2926 efficitur
1434 2890 1522 2943 neque
1537 2869 1622 2924 Thebis
1664 2915 1665 2918 ,

362 2946 605 2998 Lacedaemonem
620 2943 673 2997 illa
691 2961 772 2997 sacra
789 2944 901 3013 perlata
920 2961 988 2998 esse.
1016 2941 1083 2995 Plus
1098 2943 1163 2996 fidei
1176 2942 1271 3012 habes,
1291 2944 1366 3012 quod
1380 2943 1529 2998 Pindarum
1547 2943 1619 3012 ipsum
1664 2959 1665 2992 1

363 3021 478 3084 egents
493 3017 667 3086 Aegidarum
685 3015 865 3086 progenitum
885 3031 945 3068 esse
969 3015 1099 3082 credunt,
1124 3014 1180 3068 nisi
1198 3031 1264 3068 vero
1283 3015 1336 3068 boc
1359 3018 1475 3084 poetam
1493 3016 1544 3069 sibi
1561 3029 1620 3066 arro-
1664 3025 1665 3072 Ὺ

362 3105 444 3156 gasse
464 3090 563 3157 putas,
589 3090 623 3140 ut
641 3087 762 3140 arctiore
780 3085 996 3140 necessitudinis
1015 3085 1127 3140 vinculo
1147 3102 1176 3139 se
1195 3103 1258 3138 cnm
1277 3085 1386 3140 civibus
1405 3085 1549 3156 Cyrenaeis
1571 3101 1618 3138 eon-

362 3161 490 3212 iunctum
509 3158 643 3225 iactaret3
673 3159 707 3212 cl.
727 3159 756 3212 P.
777 3177 805 3210 11
823 3175 883 3228 arg.
903 3162 932 3211 et
949 3161 1019 3211 nott.
1040 3158 1076 3211 ad
1095 3157 1115 3210 Ι.
1135 3176 1173 3210 vn
1192 3175 1218 3211 is
1236 3159 1266 3211 et
1282 3157 1437 3225 Luebbert‚
1460 3158 1580 3213 Diatriba
1598 3155 1618 3206 in

360 3229 479 3284 Pindari
502 3229 597 3284 locum
621 3230 656 3283 de
679 3229 796 3298 Aegidis
820 3233 850 3283 et
872 3228 959 3282 saeris
987 3228 1114 3296 Cauneis,
1142 3228 1230 3283 Bonn.
1252 3233 1319 3282 1883
1347 3261 1382 3270 -—
1411 3236 1452 3284 77.
1480 3229 1619 3284 πολύθυτον

362 3301 473 3371 ἔρανον,
494 3300 603 3355 Carasa
623 3317 712 3367 sacra,
730 3317 802 3369 quse
817 3303 965 3370 operantes
984 3299 1089 3354 multas
1103 3299 1233 3354 victimas
1248 3299 1368 3355 offerunt
1382 3333 1415 3342 —
1431 3307 1473 3356 78.
1493 3302 1576 3363 ἔνθεν,
1592 3297 1619 3350 ab

360 3373 455 3426 insula
476 3371 582 3438 Thera3
601 3372 751 3426 relativum
769 3372 959 3442 postpositum
978 3375 1021 3426 est
1041 3374 1074 3426 ut
1091 3389 1135 3426 vv.
1156 3389 1188 3426 10.
1207 3388 1242 3426 si.
1261 3389 1300 3441 τος
1323 3371 1495 3442 Mingarellii
1514 3371 1618 3443 speciosa

361 3445 525 3498 coniectura
549 3441 595 3513 ἄγ’
618 3443 649 3497 ἐν
671 3444 835 3498 πολύθυτον
859 3442 975 3510 ἔρανον·
1000 3442 1086 3497 ένθεν
1108 3442 1209 3496 nititur
1226 3443 1325 3498 fabula
1344 3461 1378 3498 ex
1395 3443 1508 3514 Ephoro
1525 3461 1540 3498 a
1557 3442 1618 3495 seho-

360 3516 456 3569 liastis
475 3517 608 3584 excerpta
626 3515 661 3568 de
676 3515 853 3568 Aristodemo
874 3518 903 3568 et
921 3514 1103 3568 Doriensibus
1117 3514 1241 3584 Aegidas
1260 3515 1409 3570 Thebanos
1429 3533 1509 3570 sacra
1525 3515 1572 3568 diis
1587 3513 1618 3565 la-

361 3587 468 3641 cientes
492 3585 716 3652 invenientibus,
739 3603 812 3654 quae
830 3603 928 3640 vereor
946 3589 978 3639 ut
996 3586 1053 3638 iam
1071 3585 1193 3640 Pindaro
1213 3585 1367 3640 innotuerit
1385 3619 1418 3628 —
1439 3593 1482 3642 80.
1502 3586 1618 3642 Ἄπολλον.

359 3664 419 3733 τεᾷ,
439 3655 572 3726 Καρνήά,
594 3657 624 3712 ἐν
642 3656 730 3711 δαιτί·
750 3658 846 3712 confer
865 3657 896 3711 O.
914 3677 942 3710 xi
962 3675 985 3712 11
1003 3656 1196 3726 Ἀρχεστράτου
1214 3667 1275 3724 παι,
1294 3667 1366 3726 τεᾶς,
1384 3657 1548 3728 Ἁγησίδαμε,
1564 3676 1617 3723 aoy·
1663 3678 1664 3716 i

359 3728 463 3801 μαχίας
477 3761 512 3770 -
528 3735 570 3784 81.
586 3726 676 3802 σεβίζο
698 3746 742 3784 εν·
763 3728 938 3783 celebramus
953 3745 1005 3798 ego
1021 3745 1083 3782 cum
1098 3727 1239 3782 choreutis
1254 3728 1412 3798 Cyrenaeis,
1431 3747 1488 3784 non
1506 3747 1552 3800 ego
1568 3743 1616 3780 cun
1663 3733 1664 3774 l

359 3803 429 3855 meis
452 3800 638 3884 popularibus
689 3801 819 3867 bebanis3
842 3800 975 3854 nimirum
999 3800 1136 3853 Pindarus
1162 3799 1222 3869 ipse
1249 3801 1285 3854 ad
1311 3801 1535 3857 comissationem
1556 3799 1617 3854 feriis

360 3873 475 3928 Camers
495 3873 655 3926 taciendam
673 3872 778 3926 Thebis
797 3871 920 3941 Cyrenas
938 3872 1047 3926 venisse
1067 3871 1186 3926 videtur.

430 3951 464 3999 82
484 3962 519 3998 ss.
544 3944 648 3998 transit
670 3945 706 3997 ad
731 3948 838 3998 veteres
862 3944 961 3998 heroas
985 3944 1075 4012 urbis,
1095 3943 1283 3997 Antenoridas
1302 3943 1463 4014 Dardanos,
1487 3945 1533 4015 qui
1550 3938 1616 4014 primi

359 4017 444 4071 Troia
460 4016 489 4069 in
509 4015 628 4084 Libyam
647 4019 791 4082 venerant,
810 4020 840 4070 et
858 4015 1008 4069 Battiadas
1026 4015 1146 4083 Minyas,
1166 4014 1215 4082 qui
1234 4014 1380 4084 aliquanto
1399 4019 1465 4086 post
1483 4017 1568 4070 Thera
1582 4029 1615 4066 ac·

358 4092 514 4156 cessemnt3
538 4087 573 4140 de
596 4086 695 4140 fabula
713 4087 951 4141 Antenoridarum
974 4103 1037 4140 cnm
1055 4085 1163 4140 Helena
1182 4085 1211 4139 in
1229 4085 1346 4155 Libyam
1366 4087 1551 4158 profectorum
1567 4103 1614 4140 con·
1662 4147 1663 4158 ¹

358 4161 430 4213 ferre
453 4159 534 4212 iuvat
557 4158 658 4214 schol:
680 4160 745 4226 περὶ
767 4167 817 4228 της
838 4159 878 4222 εἰς
897 4157 1030 4250 Κυρήνην
1049 4155 1172 4227 ἀφίξεως
1189 4167 1245 4212 τῶν
1261 4156 1461 4228 Ἀντηνοριδῶν
1478 4157 1615 4226 Λυσίμαχος
1662 4177 1663 4226 1

359 4230 390 4285 ἐν
408 4231 507 4303 πρώτῳ
525 4239 580 4284 τῶν
599 4228 705 4284 νόστον
724 4230 835 4298 λατορεῑ,
853 4229 922 4299 παρ’
945 4233 1054 4299 Αμνακι
1077 4232 1186 4302 βασιλεῖ
1202 4230 1304 4294 αὐτοὺς
1322 4228 1465 4304 ᾠκηκέναι
1482 4231 1518 4302 μὴ
1536 4233 1613 4304 βουλο-

358 4302 459 4372 μένους
477 4310 617 4356 συνοικεῖν
635 4311 693 4365 zoa
711 4302 743 4356 τὸ
756 4300 844 4357 Ἴλιον
862 4298 1071 4370 πεπορθηκότι,
1090 4301 1138 4355 καλ
1156 4298 1199 4354 ὅτι
1219 4299 1307 4355 ἔκτισε
1327 4300 1394 4372 μεθ’
1416 4302 1515 4358 λκανδκ
1532 4302 1613 4373 χρόνον

357 4374 408 4428 τὸν
431 4375 533 4443 μεταξὺ
556 4374 687 4443 Κυρήνης
710 4374 758 4428 καλ
780 4382 830 4442 τῆς
852 4372 998 4442 θαλάσσης
1021 4371 1150 4442 κείμενον
1169 4369 1258 4442 λόφον
1273 4371 1474 4442 Ἀντηνοριδῶν
1492 4374 1613 4438 ἐπικεκλη-

358 4443 452 4515 μένον.
490 4444 555 4498 Tuit
574 4450 669 4499 autem
687 4461 759 4499 unus
778 4445 813 4499 ds
833 4445 946 4514 cyclicis
964 4444 1057 4514 poetis
1076 4443 1247 4514 Eugammns
1267 4444 1439 4515 Cyrenaeus,
1460 4446 1535 4499 cuins
1551 4443 1613 4497 Tele·

394 4517 472 4571 niam
487 4515 605 4598 ¹Proclus
624 4517 653 4598 in
672 4533 724 4570 sua
742 4516 962 4599 chrestomatbia
981 4515 1120 4585 excerpsit
1144 4547 1177 4556 ——
1201 4521 1244 4604 ⁸⁵:
1267 4517 1299 4570 τὸ
1318 4515 1347 4570 δ’
1369 4517 1521 4606 ἐλάσιππον
1538 4515 1612 4578 ἔθνος,

358 4585 1612 4731 „estu“assensisses{sissiatacianensisstit
1661 4635 1662 4714 ς

358 4731 441 4796 bant3
455 4747 506 4800 per
516 4730 627 4798 synesin
639 4732 714 4785 enim
724 4731 842 4800 pluralis
851 4732 930 4785 verbi
941 4749 1002 4786 cum
1018 4731 1154 4800 singulari
1168 4731 1288 4784 nominis
1303 4732 1467 4785 coniunctus
1482 4736 1612 4796 estusque

358 4802 503 4856 Disaenius
515 4803 742 4872 prostrauerat
758 4821 821 4856 eum
834 4805 965 4858 δέκονται
981 4820 1113 4872 praesens
1127 4802 1291 4856 historicum
1305 4820 1366 4857 esse
1382 4803 1500 4872 duraret,
1510 4802 1612 4856 otiosum
