3417 5434
602 322 750 375 1sruu1s
769 325 810 375 ιιι
830 323 900 395 [ιη.
1320 323 1383 387 347

189 490 223 549 εἰ
240 507 291 561 τις
313 480 351 551 εὖ
373 486 471 570 όείπη
494 503 538 549 τι·
561 482 618 550 καί
639 486 835 573 πάγκαρπον
858 484 912 553 ἐπὶ
933 489 1043 571 χθόνα
1064 484 1120 552 καὶ
1143 488 1200 552 διά
1221 489 1302 553 πόν-
1351 504 1385 553 ‘10

240 615 300 657 του
322 590 461 677 βέβακεν

118 716 154 765 60
190 698 361 785 ἐργμάτων
380 696 471 776 ἀκτὶς
493 704 605 767 καλῶν
626 702 785 785 ἄσβεστος
807 703 881 767 αἰεί.

1187 861 1269 929 ’srva
1288 862 1331 930 δ’.

190 970 394 1056 προφρόνων
417 973 554 1034 Μοισᾶν
575 970 744 1055 τύχοιμεν,
767 981 881 1036 κεῖνον
902 972 984 1049 ἅψαι
1007 971 1137 1055 πυρσὸν
1159 970 1276 1055 ὕμνων

189 1075 246 1142 καί
269 1079 442 1164 Μελίσσῳ,
464 1081 669 1163 παγκρατίου
693 1076 878 1163 στεφάνωμ’
906 1076 1054 1160 ἐπάξιον,
1353 1095 1385 1144 75

104 1196 164 1259 (45)
191 1186 281 1268 ἔρνειΙ
307 1183 493 1249 Τελεσιάδα.
538 1186 642 1272 τόλμα
663 1185 727 1271 χάρ
751 1184 845 1261 εἰκὼς

190 1292 304 1375 θυμὸν
328 1290 540 1377 ἐριβρεμετᾶν
561 1298 681 1376 θηρῶν
704 1293 848 1357 λεόντων

119 1416 154 1465 οο
190 1398 227 1465 ἐν
244 1401 351 1486 πόνφ,
370 1408 468 1483 μῆτιν
489 1396 520 1463 δ’
541 1396 688 1485 ἀλώπηξ,
707 1400 818 1465 αἰετοῦ
837 1400 859 1465 ά
876 1396 906 1464 τ’
926 1396 1174 1485 ἀναπιτναμένα
1351 1418 1386 1465 eo

244 1506 371 1592 βόμβον
394 1511 490 1591 ἰσχει·

189 1615 252 1700 χρὴ
276 1610 313 1678 δὲ
335 1622 403 1679 πᾶν
425 1614 565 1698 ἔρδοντα
588 1624 762 1700 μαυρῶσαι
784 1615 843 1679 τὸν
867 1613 1000 1701 ἐχθρόν.

190 1882 232 1947 οὐ
254 1882 318 1967 γάρ
341 1884 446 1967 φύσιν
465 1881 686 1967 Ὠαριωνείαν
709 1882 837 1967 ἔλαχεν·

106 2000 165 2067 (ου)
191 1988 264 2056 ἀλλ’
289 1989 406 2068 ὀνοτὸς
427 1986 488 2074 μὲν
513 1987 660 2074 ἰδέσθαι,

192 2108 371 2183 συμπεσεῖν
394 2095 422 2165 δ
451 2098 552 2185 αἰχμᾷ
574 2097 688 2183 βαρύς.

182 2372 225 2420 σθ,
244 2362 350 2419 πόντον
369 2364 440 2419 coni.
459 2364 555 2417 Naber
573 2361 677 2417 collato
696 2362 730 2417 N.
745 2382 773 2417 vr
791 2380 832 2431 rs3
852 2364 884 2416 at
901 2364 935 2417 ef.
951 2382 975 2418 v.
992 2380 1017 2420 ιι
1037 2396 1070 2405 -
1090 2370 1132 2420 62.
1152 2364 1388 2435 στεφάνωμα...

107 2446 150 2493 65.
172 2438 286 2506 ἀλώπηξ
305 2434 350 2489 bis
369 2436 475 2506 scripta
492 2434 601 2489 suntin
615 2435 643 2489 B
657 2467 692 2474 —
707 2440 748 2490 63.
769 2433 850 2503 ἔρνει.
869 2434 1023 2510 Τελεσιάδα
1040 2440 1115 2506 τολμ.
1135 2436 1285 2491 nonnullos
1303 2435 1389 2491 inter·

106 2509 243 2582 punxisse
271 2509 412 2562 testantur
439 2506 547 2561 scholia
570 2539 604 2546 —
629 2504 716 2581 τόλμᾳ
735 2509 775 2575 (α)
791 2550 796 2561 .
814 2550 819 2561 ,
836 2550 842 2560 ,
858 2506 952 2576 θυμὸν
980 2509 1007 2563 Β
1021 2508 1064 2563 D:
1092 2506 1197 2577 τόλμαν
1224 2506 1319 2578 ὅμοιος
1338 2552 1343 2562 .
1361 2553 1388 2562 ..

107 2586 194 2651 θνμῶ
209 2578 280 2635 coni.
295 2578 410 2647 Kayser,
424 2576 530 2649 τόλμαν
546 2622 551 2632 .
568 2621 573 2632 ,
590 2621 596 2633 ,
611 2580 693 2651 θυμῷ
708 2576 779 2633 coni.
794 2578 926 2648 Hartung
940 2609 973 2619 -
988 2585 1030 2634 64.
1049 2583 1149 2649 θηρῶν
1163 2579 1273 2648 Heyne:
1293 2583 1390 2649 θηρᾶν

107 2636 206 2721 codd,
229 2654 308 2725 θηρᾷ
331 2648 451 2703 alterum
475 2649 613 2705 scholium
637 2681 670 2689 -
694 2654 735 2703 66.
762 2648 821 2704 πὰν
844 2647 925 2719 ripa.
946 2650 1100 2705 Schroeder
1124 2650 1327 2717 verisimilium
1354 2651 1389 2707 cf.

109 2725 140 2779 0.
160 2744 183 2777 11
201 2740 228 2779 ea
249 2754 280 2763 -
300 2720 419 2791 ἔρδοντα
437 2741 519 2792 μαυρ.
534 2719 660 2777 Boeekh:
681 2719 791 2791 ἔρδοντ’
808 2721 902 2790 ἀμανρ
920 2721 1000 2779 codd.
1022 2754 1054 2763 -
1075 2727 1116 2776 69.
1137 2722 1224 2798 αἰχμᾷ
1238 2722 1335 2793 (αἰχμά
1350 2723 1391 2792 D)

108 2797 182 2864 BD,
202 2795 279 2869 ἀκμᾷ
298 2792 369 2847 coni.
389 2791 475 2847 Pauw
494 2825 529 2834 —

185 2944 227 2993 59.
254 2932 285 2991 erl
309 2936 374 3007 εἰπη
398 2938 495 2990 ornate
514 2938 544 2991 et
561 2953 626 2990 cum
643 2935 755 3007 poetico
774 2935 874 2989 decore
893 2934 983 3002 dicat3
1006 2934 1142 2990 ridiculus
1162 2936 1343 3005 animasset,
1366 2938 1391 2991 si

109 3008 248 3079 quicquid
270 3007 300 3061 in
323 3008 436 3063 laudem
459 3007 593 3076 cuiusque
617 3007 767 3075 diceretur,
791 3023 913 3076 perenne
936 3023 996 3062 esse
1020 3012 1195 3063 asseveraret
1219 3006 1392 3082 -βέβακεν

110 3082 169 3135 vim
193 3079 341 3151 praeteriti
363 3079 519 3149 praesentis
543 3079 641 3149 habet,
667 3082 700 3133 ut
723 3078 831 3149 ἔγνωκα
853 3077 1023 3148 τεθαύμακα
1047 3075 1111 3133 οἰδα
1135 3111 1168 3120 -
1192 3081 1271 3144 ἀκτίς
1289 3083 1391 3148 καλῶν,

109 3154 159 3207 lux
180 3150 369 3223 pulchrorum,
388 3154 421 3205 ut
439 3149 468 3205 P.
484 3170 511 3204 xi
530 3168 556 3205 se
574 3152 690 3221 ἀγώνων
709 3147 795 3213 ἀκτίς,

187 3230 229 3278 61.
245 3240 263 3277 a
277 3220 475 3291 Cleonymidis,
494 3222 648 3276 maioribus
666 3220 783 3288 Melissi,
802 3222 838 3274 ad
858 3220 1004 3275 Melissum
1022 3221 1032 3275 i
1053 3240 1115 3276 sum
1133 3222 1215 3289 redit,
1235 3224 1331 3278 Muses
1350 3224 1392 3278 in-

110 3313 226 3363 vocans,
245 3298 278 3348 ut
296 3293 386 3349 facem
405 3294 572 3363 hymnorum
591 3293 646 3347 sihi
665 3293 822 3348 accendant
836 3324 870 3333 —
885 3301 987 3362 κείνου,
1049 3310 1101 3361 em,
1120 3294 1233 3363 qualem
1252 3294 1320 3349 olim
1336 3296 1391 3349 Ho-

110 3385 206 3421 merus
225 3365 307 3421 Aiaci
332 3364 469 3419 accendit.
506 3367 596 3419 Acuta
622 3368 716 3419 autem
742 3364 888 3419 Disaenius
913 3366 1010 3418 monet
1033 3365 1179 3435 pulchram
1205 3366 1279 3420 hanc
1304 3370 1393 3421 meta·

111 3440 233 3509 phoram
251 3436 343 3507 magis
363 3436 450 3491 etiam
468 3435 587 3505 plaeere,
608 3436 631 3490 si
651 3452 762 3491 carmen
780 3436 809 3489 in
823 3435 985 3507 vespertina
999 3436 1197 3492 comissatione
1211 3438 1305 3508 gentis
1319 3438 1394 3493 inter

112 3510 190 3565 faces
215 3508 345 3563 ardentes
369 3509 514 3561 cantatum
538 3524 598 3562 esse
627 3510 785 3562 statuamus
811 3540 847 3548 —
873 3513 915 3562 62.
943 3506 1118 3579 παγκρατίου
1146 3508 1327 3579 στεφάνωμα·
1357 3510 1392 3566 cf.

112 3582 179 3635 Eur.
199 3582 280 3635 Herc.
299 3596 339 3635 aas
357 3578 527 3647 στεφάνωμα
546 3578 662 3649 μόχθων
688 3610 721 3619 -
749 3585 790 3634 63.
819 3578 973 3634 Τελεσιάδα
996 3580 1099 3649 patris,
1123 3583 1156 3634 ut
1177 3580 1302 3648 videtnr3
1329 3599 1393 3651 pro-

112 3653 236 3723 prietate
264 3654 358 3706 autem
386 3650 508 3704 nominis
535 3650 640 3721 proprii
669 3650 773 3706 solutio
800 3650 904 3722 longae
931 3650 1039 3720 dactyli
1066 3652 1096 3705 in
1122 3651 1193 3705 duas
1220 3653 1319 3707 breves
1347 3670 1392 3707 ex·

112 3727 230 3778 cusatur
248 3754 281 3763 -
302 3728 343 3776 64.
367 3726 467 3791 θηρῶν
490 3720 622 3786 λεόντων,
645 3722 767 3776 ferarum
790 3722 915 3789 leonum,
939 3725 972 3775 ut
994 3723 1084 3792 θηρός
1106 3723 1218 3786 λέοντος
1237 3723 1310 3777 dixit
1328 3725 1392 3779 Eur.

111 3797 195 3851 Herc.
209 3810 258 3863 εει,
272 3798 351 3863 θῆρα
365 3790 465 3847 λεόντα
479 3793 658 3863 Epimenides
673 3810 717 3864 ep.
733 3793 841 3848 Aelian.
857 3793 922 3848 hist.
938 3811 983 3848 an.
997 3813 1035 3848 ιιι
1050 3811 1074 3856 ις
1089 3796 1193 3849 temere
1207 3795 1293 3849 verba
1307 3798 1393 3865 poeta

111 3866 235 3933 traiecit,
249 3868 282 3919 ut
295 3862 415 3919 λεόντων
429 3881 492 3917 cum
506 3862 601 3939 τόλμᾳ,
616 3882 672 3918 non
687 3882 749 3919 cum
763 3864 859 3935 θυμὸν
873 3864 1005 3952 coniungi
1021 3865 1151 3919 vellet-
1166 3871 1209 3921 65.
1224 3867 1391 3935 ἀλώπηξ...

115 3939 198 4008 ἰσχει·
219 3936 318 3991 schol:
339 3934 462 3991 ἐοικέναι
481 3937 568 4005 φησὶν
586 3937 717 4005 ἀλώπεκι,
737 3934 797 4005 ἥτις
814 3937 1018 4005 ἀνακεκλιμενη
1038 3935 1123 3990 ὑπτία
1141 3937 1211 4002 πρὸς
1228 3936 1261 3991 τδ
1280 3936 1394 4008 ἑτοίμως

112 4010 285 4080 ἀμύνεσθαι,
305 4004 398 4078 ἐπέχει
414 4010 467 4076 τὴν
485 4016 535 4062 τοῦ
554 4009 639 4063 ἀετοῦ
657 4007 754 4078 ὁρμήν,
774 4006 843 4063 ὅταν
863 4007 998 4079 ἐπιρομβῇ
1017 4007 1107 4077 αὐτὴν
1121 4006 1289 4080 βουλόμενος
1303 4008 1392 4076 ἀρπά·

113 4099 169 4135 σαι.
197 4078 270 4134 ἔοικε
289 4077 320 4133 δὲ
341 4076 487 4134 διδάσκειν
505 4080 592 4133 αὐτοῦ
610 4080 642 4133 τὸ
661 4078 817 4148 πάλαισμα,
837 4080 874 4142 ὡς
892 4080 979 4150 χαμαὶ
997 4077 1128 4149 κειμένου
1146 4081 1195 4133 καί
1212 4080 1263 4134 τὸν
1280 4082 1394 4150 μείζονα

112 4150 199 4223 τέχνη
218 4148 404 4219 νενικηκότος.
440 4149 619 4221 Comparatio
637 4149 731 4220 vulpis
749 4150 819 4205 bene
839 4150 1052 4205 accommodata
1070 4154 1114 4205 est
1131 4151 1227 4220 generi
1245 4151 1393 4222 pancratii,

113 4241 169 4293 quo
195 4222 233 4276 ad
255 4224 409 4276 extremum
435 4222 566 4277 reclinati
584 4221 784 4304 (θπτιάζοντες)
807 4224 836 4276 et
858 4220 937 4275 humi
963 4238 993 4275 se
1015 4222 1160 4276 volventes
1178 4221 1394 4293 (κυλινδόμενοι)

114 4292 311 4349 adversarium
334 4292 547 4363 impugnabant.
585 4294 722 4348 Similiter
744 4296 830 4347 eham
853 4293 929 4347 infra
947 4311 971 4348 v.
991 4310 1017 4348 οι
1036 4292 1152 4347 verbum
1174 4292 1333 4360 λακτίζοισα
1356 4296 1394 4349 ab

115 4367 169 4421 hoo
189 4381 290 4435 genere
308 4364 458 4435 pancratii,
477 4382 532 4434 quo
551 4365 682 4419 Melissus
701 4364 803 4419 vicisse
821 4365 942 4433 videtur,
962 4382 1023 4417 sum
1043 4367 1172 4420 tumeat.
1204 4366 1307 4420 Contra
1326 4366 1393 4421 Otto

114 4437 223 4504 Keller,
251 4435 302 4491 Die
328 4434 410 4491 Tiere
436 4435 485 4491 des
510 4436 596 4491 klass.
616 4437 716 4491 Altert.
736 4456 762 4507 p.
782 4454 834 4504 ιεο,
862 4454 888 4492 ιι.
906 4434 1003 4491 Jahrb.
1023 4384 1042 4490 ἀ
1062 4435 1096 4490 cl.
1116 4436 1187 4491 Phil.
1209 4442 1277 4491 1885
1299 4438 1325 4492 S.
1345 4454 1393 4505 ιω,

115 4506 332 4578 ἀναπιτναμένα
351 4506 381 4561 in
400 4507 629 4578 ἀναπιτναμένου
647 4510 756 4563 mutato
813 4507 909 4574 uilem,
933 4524 997 4560 cum
1020 4506 1133 4578 vulpem
1151 4508 1265 4579 ungulis
1284 4526 1394 4563 sursum

115 4582 242 4649 tulisset,
265 4579 359 4635 medio
377 4579 408 4634 in
426 4597 490 4635 aare
515 4598 532 4635 a
555 4580 654 4635 dolosa
676 4580 826 4649 vulpecua
844 4577 967 4633 morderi
986 4578 1186 4648 interpretatur
1211 4612 1243 4619 -
1271 4586 1312 4635 66.
1341 4580 1393 4650 χρὴ

115 4700 119 4707 .
138 4700 143 4709 .
162 4698 167 4707 .
183 4650 301 4723 ἐχθρόν·
322 4651 461 4724 generalis
481 4652 622 4707 sententia
640 4655 672 4706 ut
691 4668 775 4720 saepe
790 4668 808 4704 a
822 4650 944 4704 Pindaro
958 4650 1053 4704 media
1072 4650 1230 4704 laudationi
1246 4650 1395 4706 interiecta

116 4730 171 4793 ost;
192 4724 227 4779 cf.
246 4724 277 4777 P.
296 4744 327 4776 111
348 4742 372 4777 κο
395 4756 428 4763 -
453 4729 494 4778 67.
512 4721 703 4792 Ὠαριωνείαν,
727 4721 814 4805 longa
836 4721 927 4775 forma
945 4721 1066 4775 nominis
1089 4738 1232 4792 proceram
1256 4726 1394 4777 staturam

117 4796 229 4851 Orionis
248 4794 390 4866 significet
410 4826 441 4833 —
462 4800 504 4848 69.
524 4794 610 4869 αἰχμᾷ
630 4812 685 4849 non
705 4792 763 4847 iam
781 4812 811 4848 ιιι
829 4794 906 4867 ἀκμᾷ
925 4792 1065 4863 corrigere
1083 4810 1168 4847 ausus
1187 4810 1249 4847 sum
1267 4794 1303 4849 oh
1318 4794 1394 4849 simi-

115 4868 171 4922 lem
190 4866 249 4922 vim
267 4864 488 4935 metaphoricam
507 4865 637 4919 vocabuli
657 4866 759 4937 αίχμᾶς
777 4866 806 4920 in
825 4864 925 4921 Aesch.
944 4864 1044 4935 Agam.
1059 4881 1099 4921 ses
1118 4868 1147 4920 et
1165 4864 1342 4937 01ιοοφλι.ωο
1360 4899 1394 4908 -
