3417 5434
627 332 827 404 ιιιιιιιιι
1299 335 1364 401 313

136 492 240 575 γνώτ’
266 494 365 561 ἀείδω
388 502 446 560 tot
467 519 500 561 τε
524 494 578 560 καῖ
602 496 692 573 ὅστις
715 496 889 581 ἁμιλλᾶται
911 496 987 584 περὶ
1180 498 1245 565 Ἐπ.
1265 499 1311 584 β’.

136 600 288 686 ἐσχάτων
312 600 445 690 ἁξδλων
466 616 642 689 κορυφαῖς·
667 604 794 669 ὕπατον
817 602 850 668 δ’
875 607 969 689 ἔσχεν
992 610 1082 671 Πίσα
1330 624 1364 671 60

137 706 322 794 Ἡρακλέος
344 714 478 795 τεθμόν.
508 709 619 775 ἁδεῖαί
640 735 675 793 γε
698 708 758 797 μὲν
782 710 975 795 ἀμβολάδαν

138 814 181 881 ἐν
204 821 346 894 τελεταῖς
369 816 422 895 δὶς
442 815 630 883 Ἀθαναίων
652 842 708 883 νιν
732 816 836 903 ὀμφαὶ

79 942 115 987 35
137 924 314 1009 κώμασαν·
339 928 417 1013 γαίᾳ
440 922 476 989 δὲ
499 928 663 1013 καυθείσᾳ
684 922 766 1010 πυρὶ
788 926 913 1011 καρπὸς
936 924 1046 1004 ἐλαίας

138 1034 260 1115 ἔμολεν
274 1030 397 1116 Ἢ-ρας
419 1031 478 1096 τὸν
502 1031 554 1096 εύ-

188 1139 293 1226 άνορα
316 1140 398 1205 λαὸν
421 1137 457 1205 ἐν
480 1136 608 1225 ἀγγέων
632 1137 761 1225 ἕρκεσιν
783 1143 1024 1224 παμποικίλοις.

1169 1344 1249 1426 Στρ.
1269 1337 1311 1422 γ’.

139 1442 254 1509 ἕπεται
277 1441 327 1529 δι’,
353 1448 461 1529 Θεαῖε,
484 1444 646 1529 ματρώων
668 1445 885 1526 πολύγνωτον
907 1443 1004 1528 γε’νος
1025 1445 1205 1532 ἁμετέρων,
1332 1464 1365 1512 70

139 1550 274 1633 εὐάγων
297 1552 374 1635 τιμὰ
398 1554 576 1635 Χαρίτεσσί
595 1574 630 1615 τε
653 1548 707 1615 καὶ
731 1554 795 1615 σὺν
823 1552 1046 1636 Τυνδαρίδαις
1068 1554 1221 1638 θαμάκις.

140 1657 324 1742 ἀξιωθείην
346 1681 416 1745 κεν,
440 1657 504 1723 ἐὼν
529 1658 725 1743 Θρασύκλου

83 1782 119 1829 40
138 1763 254 1830 Ἀντία
277 1788 311 1830 τε
335 1764 508 1848 ξύγγονος,
530 1764 646 1850 ’Ἀργεῖ’
667 1767 711 1849 μὴ
734 1765 892 1850 κρύπτειν
915 1765 1001 1849 φάος
1334 1785 1366 1833 75

140 1872 310 1957 ὀμμάτων.
346 1875 559 1959 νικαφορίαις
581 1874 644 1955 γάρ
669 1872 761 1949 ὅσαις
784 1875 944 1957 Προίτοιο
967 1872 1046 1939 καθ’
1072 1876 1279 1961 ἱπποτρόφον

84 2057 304 2066 -ᾱ-

161 2162 206 2212 31.
226 2156 254 2211 ολ
272 2154 343 2211 coni.
362 2154 482 2225 Kayser:
501 2158 561 2222 θεῷ
580 2154 661 2210 οοδδ,
678 2158 707 2209 et
725 2155 819 2226 schol,
839 2157 915 2225 quod
934 2174 968 2211 ex
1005 2157 1081 2212 losse
1101 2154 1188 2231 Θεείφ
1207 2159 1368 2227 corruptum

85 2232 157 2299 puto
179 2262 214 2269 —
233 2233 276 2283 32.
294 2235 422 2297 κορυφᾶς
441 2225 554 2281 Schmid
573 2229 602 2280 et
621 2245 691 2281 unus
707 2244 741 2281 ex
754 2227 915 2283 scholiastis
930 2261 965 2268 —
978 2246 1098 2283 υστατον
1112 2230 1142 2284 D
1155 2261 1190 2270 —
1203 2234 1246 2284 33.
1265 2248 1297 2298 γε
1312 2246 1365 2283 οιιι.

87 2302 122 2377 1)Ι
140 2332 176 2340 -
202 2296 286 2374 ἁδείμ
306 2344 311 2355 .
333 2343 338 2353 .
360 2343 364 2353 .
386 2297 416 2353 ἐν
439 2302 533 2353 velasci
553 2317 578 2353 v.
597 2297 615 2353 l.
636 2298 721 2354 schol.
743 2332 775 2339 -
800 2306 842 2353 34.
869 2321 915 2355 νιν
938 2318 991 2354 om.
1010 2299 1040 2354 D
1061 2333 1091 2340 —
1112 2306 1154 2354 36.
1178 2298 1304 2372 χαλκίοις
1321 2299 1367 2355 vel

86 2352 857 2498 tttlttttt‘t13‘“.⁸².'‘ttt⁰ttl⁶‘tlthlttl
874 2370 1135 2497 ttltlldttt
1147 2376 1367 2497 'esichii‘

86 2514 153 2569 τίδ’
173 2486 314 2584 εὰγνωτον
328 2513 408 2583 γένος
421 2512 522 2584 Bergk,
538 2463 636 2583 ἀφέτω
646 2554 651 2564 .
663 2463 687 2568 i
703 2464 783 2584 γάνος
797 2486 884 2583 Βιιάγς
904 2464 1015 2569 distrui
1025 2464 1248 2578 'Riuchensteim
1263 2487 1368 2568 frustrat

87 2586 239 2641 conferunt
253 2585 284 2640 Ο.
295 2604 323 2638 ιιι
333 2600 358 2639 ιι
372 2617 407 2624 -
422 2590 463 2641 38.
479 2585 530 2638 σὺν
545 2602 597 2639 om.
609 2584 682 2653 BD,
697 2602 731 2639 ex
745 2584 830 2640 schol.
842 2586 907 2641 add.
923 2584 1034 2640 Schmid
1049 2618 1082 2626 —
1097 2592 1139 2640 40.
1155 2586 1230 2655 ξύγγ.
1241 2584 1368 2642 Schmid:

88 2656 166 2727 σύγγ.
188 2658 252 2712 BD
270 2688 303 2696 -
323 2661 364 2710 41.
391 2658 570 2725 νικαφορίαις
593 2656 676 2726 Βγκι
700 2654 895 2727 νικαφορίαιοι
912 2658 979 2711 BD
1001 2688 1037 2697 -
1060 2657 1151 2720 ὄσσοις
1173 2658 1203 2711 D
1225 2688 1260 2697 -
1283 2654 1368 2725 Προί·

88 2749 149 2782 roso
174 2727 246 2783 καθ’
268 2725 444 2797 ἱπποτρόφον
468 2726 537 2781 ἄστυ
560 2726 691 2797 δάλησαν
714 2728 784 2783 coni.
804 2728 1024 2785 Rauchenstein:
1049 2726 1225 2800 ἶππύτροφον
1248 2727 1318 2782 ἀστυ
1335 2728 1367 2782 tt

89 2873 121 2927 O.
136 2890 179 2924 vn
197 2887 223 2926 aa
242 2873 271 2925 et
288 2870 317 2925 P.
333 2889 361 2923 nr
380 2886 418 2939 aa,
438 2872 542 2925 temere
561 2871 685 2941 precari3
703 2874 807 2925 temere
827 2872 923 2925 autem
944 2874 1083 2940 precatur,
1102 2870 1152 2940 qni
1169 2871 1298 2925 laborum
1316 2870 1367 2924 im-

89 2943 203 3012 patiens
228 2942 289 2997 sola
312 2941 433 2995 andacia
455 2944 483 2995 et
505 2941 609 2997 fiducia
632 2942 720 2996 animi
742 2941 895 2995 nititur-
916 2948 957 2997 31.
981 2944 1046 3012 περὶ
1070 2940 1207 3014 ἐσχάτων·
1233 2942 1268 2996 de
1288 2958 1367 3012 prae·

88 3014 232 3083 positione
251 3031 268 3067 a
288 3030 337 3067 sno
360 3013 473 3067 nomine
496 3014 550 3067 fine
574 3030 669 3069 versus
693 3013 835 3068 disiuncta
858 3014 930 3069 conf.
948 3013 980 3068 0.
995 3033 1023 3066 vr
1042 3031 1080 3069 roa
1102 3046 1131 3053 —
1152 3020 1194 3067 33.
1219 3010 1314 3067 ἁδεῖαί
1336 3032 1368 3082 γε

91 3084 142 3155 μὲν
163 3090 220 3139 κτλ.
235 3085 303 3139 licet
321 3084 480 3167 oleaginam
500 3101 631 3139 coronam
645 3085 821 3156 Olympicam
839 3085 963 3139 nondum
985 3085 1178 3155 reportaverit,
1196 3087 1292 3139 tamen
1311 3083 1369 3138 iam

90 3157 146 3211 olei
166 3156 323 3227 praemium
342 3156 416 3209 ludrs
435 3156 652 3211 Panathenaicis
671 3156 821 3211 adsecutus
845 3160 889 3211 cst
909 3188 942 3197 —
964 3156 1137 3229 ἀμβολάδαν,
1157 3155 1369 3225 ἀνατεταμένως

90 3238 123 3298 τῇ
143 3236 227 3299 φωνῇ
246 3228 294 3281 καὶ
313 3231 443 3297 λαμπρῶς
461 3227 614 3282 scholiasta
632 3229 703 3283 bene
722 3228 935 3298 interpretatum
954 3228 1098 3282 Disaenius
1116 3244 1213 3283 vereor
1230 3244 1266 3282 ne
1285 3244 1369 3298 argn-

90 3302 176 3367 tetur‚
191 3299 267 3381 quod
281 3301 380 3353 cantus
395 3298 459 3354 illos
474 3298 658 3354 Athenienses
673 3300 753 3369 quasi
768 3299 915 3369 praeludia
929 3300 1068 3369 quaedam
1079 3298 1240 3372 (ἀναβολάς)
1250 3316 1369 3370 pompae
1389 3317 1391 3320 ·

91 3371 258 3441 Olymprcae
284 3370 369 3425 luisse
395 3372 479 3439 putat
504 3404 538 3411 -
564 3377 605 3425 35.
632 3372 739 3440 καρπὸς
759 3370 853 3434 ἐλαίας
868 3415 873 3425 .
890 3414 896 3426 .
912 3415 918 3425 .
935 3370 965 3426 ἐν
983 3368 1092 3453 ἀγγίων
1115 3369 1225 3439 ἕρκεσιν
1247 3389 1369 3439 παμποι-

91 3440 191 3505 κίλοις·
217 3441 490 3497 Panathenaeonicis
516 3442 666 3513 amphorae
693 3442 748 3497 olei
770 3442 871 3512 plenae
895 3445 924 3497 et
947 3444 1044 3513 figuras
1072 3444 1188 3497 ornatae
1218 3458 1268 3512 pro
1298 3458 1368 3496 mer-

92 3514 160 3569 cede
187 3513 341 3582 dabantur,
368 3530 383 3569 e
408 3513 509 3583 quibus
538 3514 680 3585 amphoris
707 3514 813 3568 multae
842 3531 905 3568 cum
932 3514 1016 3567 titulo
1046 3516 1129 3569 TON
1155 3515 1372 3570 ΑΘΕΝΕΘΕΝ

92 3586 228 3641 ΑΘΛΟΝ
244 3584 361 3639 effossae
381 3586 458 3652 ναοῖς
478 3586 512 3640 cf.
529 3585 559 3640 Ο.
574 3586 656 3654 Jahn,
675 3585 908 3640 Vasensammlun
946 3585 1041 3655 Konig
1058 3584 1190 3667 Ludwigs
1208 3603 1235 3640 n.
1254 3601 1302 3639 ιιι.
1321 3601 1368 3638 ιιι.

92 3672 138 3711 ιιι.
159 3670 200 3713 cns
219 3657 270 3711 etc.
290 3688 323 3696 —
343 3662 385 3711 86.
407 3656 437 3711 ἐν
455 3657 563 3727 ἀγγέων
583 3655 701 3727 ἕρκεσιν·
722 3657 751 3711 in
770 3656 842 3725 ollis,
862 3604 964 3725 quitus
983 3656 1076 3711 oleum
1094 3657 1224 3727 cingitur,
1244 3656 1280 3710 ad
1301 3672 1369 3709 ana-

92 3727 199 3799 logiam
219 3726 359 3783 Homerici
379 3726 458 3796 ίρκος
476 3726 608 3784 ὀδόντων.

165 3805 207 3853 37.
227 3799 263 3853 ad
279 3799 411 3854 victorias
430 3800 568 3855 maiorum
582 3800 695 3867 Thesei,
715 3816 785 3869 quas
803 3799 865 3869 ipse
884 3799 1005 3854 feliciter
1018 3798 1176 3854 aemulatus
1195 3801 1246 3867 est,
1266 3797 1370 3851 transit

94 3902 125 3910 -
145 3870 326 3940 πολύγνωτον
344 3870 436 3941 γένος·
460 3871 609 3926 lectionem
628 3871 708 3941 γένος
727 3870 813 3925 etiam
832 3870 939 3925 scholia
958 3870 1031 3925 tueri
1049 3870 1192 3925 videntur:
1216 3870 1370 3923 ἀκολουθεῖ

94 3940 166 3995 κατὰ
184 3942 217 3995 cd
234 3942 412 4013 πολύγνωτον
430 3944 508 4013 ἁμῶν
526 3940 606 4013 γένος
624 3944 655 3996 τδ
674 3942 731 3997 ἀπὸ
749 3951 798 4013 τῆς
816 3940 930 4012 μητρός·
950 3949 1072 4013 μάτρωες
1088 3941 1142 4012 γὰρ
1156 3941 1184 3995 ολ
1197 3940 1254 3995 ἀπδ
1268 3941 1370 4010 μητρὸς

93 4010 236 4083 πρόγονοι.
269 4014 324 4069 Sed
343 4031 406 4069 cnm
421 4013 517 4068 ἕπεται
531 4032 594 4068 cunr
609 4013 769 4068 accusativo
784 4031 840 4067 non
854 4013 996 4083 iungatur¹
1011 4017 1061 4067 aut
1076 4012 1189 4066 dativus
1203 4013 1369 4085 πολνγνίιτφ

94 4081 168 4152 γένει
188 4101 251 4139 cnm
270 4085 412 4140 Schmidio
430 4086 619 4141 restituendus
638 4089 695 4153 est,
715 4089 765 4138 aut
782 4084 870 4139 verba
888 4086 997 4155 εάαγὼν
1015 4084 1080 4154 τιμὰ
1098 4083 1156 4137 vim
1174 4082 1369 4155 appositionis,

94 4173 150 4223 qua
173 4156 369 4211 antecedentia
390 4158 476 4211 verba
499 4156 595 4212 ἕπεται
619 4158 752 4228 ματρώων
775 4154 856 4225 γένος
878 4156 1066 4224 illustrentur,
1090 4154 1217 4210 obtinere
1240 4155 1369 4209 ducenda

96 4230 171 4283 sunt:
192 4227 334 4298 conspirat
353 4246 415 4282 cum
433 4228 490 4283 tuis
509 4228 661 4283 virtutibus
680 4227 861 4295 victoriisque
879 4227 989 4281 illustre
1008 4245 1096 4298 genus
1109 4228 1265 4281 vestrorum
1282 4243 1369 4279 avun-

96 4298 229 4366 culorum,
244 4316 261 4352 a
294 4316 329 4353 ue
343 4299 434 4370 gloria
448 4316 544 4355 eorum
557 4300 686 4354 felicibus
702 4298 902 4353 certaminibus
916 4315 969 4369 ope
980 4299 1094 4354 deornm
1109 4314 1192 4367 saepe
1207 4300 1370 4367 comparata

96 4400 127 4409 -
147 4377 189 4425 38.
214 4374 366 4439 Χαριτεσσί
385 4390 414 4426 τε
438 4373 486 4426 καλ
509 4372 561 4426 aba
586 4367 785 4441 Τυνδαρίδαις,
810 4370 877 4439 quia
896 4370 1073 4440 Tyndaridae
1097 4370 1195 4424 Castor
1218 4371 1247 4423 et
1269 4368 1370 4423 Pollux

96 4440 294 4495 certaminibus
314 4442 451 4511 gymnicis
476 4446 505 4496 et
528 4442 641 4497 Gratiae
668 4440 838 4497 carminibus
861 4441 891 4495 in
914 4442 1046 4497 honorem
1070 4442 1207 4495 victorum
1235 4439 1369 4494 canendis

96 4517 256 4581 praeerant3
276 4512 359 4566 simul
379 4517 473 4568 autem
488 4514 711 4583 Tyndaridarum
729 4513 834 4567 mentio
853 4516 1005 4603 praeparat
1026 4513 1153 4567 fabulam
1177 4512 1369 4580 insequentem
1449 4528 1453 4535 ’

97 4615 129 4623 -
148 4590 191 4641 40.
212 4583 382 4653 Thracyclus
400 4585 531 4639 nimirum
551 4589 579 4640 ct
594 4586 693 4640 Antias
712 4582 836 4655 μάτρωες
857 4588 961 4641 Θεαιου
980 4587 1061 4639 erant
1080 4617 1112 4624 -
1132 4581 1265 4651 κρύπτειν
1284 4582 1369 4652 φάος·

97 4657 192 4709 contra
210 4655 280 4710 victi
303 4654 393 4710 visum
416 4656 560 4711 hominum
584 4657 688 4726 vitant,
715 4659 746 4709 ut
768 4658 913 4710 narratum
936 4658 980 4710 est
999 4655 1029 4710 Ο.
1049 4676 1098 4709 vm
1115 4672 1150 4710 ns.
1175 4655 1203 4709 P.
1222 4673 1272 4707 vrn
1291 4672 1316 4705 ss
1335 4687 1369 4693 —

98 4732 137 4781 tl.
159 4724 291 4795 Προίτοιο
310 4726 374 4781 κατ’
391 4728 472 4796 dora,
492 4730 594 4798 Argos,
613 4729 663 4783 ubi
682 4727 748 4782 olim
768 4727 884 4781 Proetus
903 4744 1035 4797 regnasse
1055 4727 1170 4794 dicitur3
1190 4727 1224 4779 cf.
1242 4725 1369 4797 Apollod.

98 4814 116 4849 n
129 4814 154 4853 aa
174 4830 206 4839 -
