3417 5434
607 333 765 382 OLYMPIA
784 333 829 385 VI.

82 500 164 576 regis
192 498 417 575 Syracusarum,
446 499 553 557 intima
580 499 788 557 familiaritate
817 502 964 575 uteretur,
993 501 1090 558 multa
1119 499 1199 558 bella
1228 518 1297 558 cum
1327 519 1361 558 eo

82 588 211 666 gessisse
239 591 268 646 et
295 587 431 666 auguriis
455 607 522 646 eum
551 588 701 648 adiuvisse
730 587 840 647 dicitur
869 580 910 667 (v.
934 589 1024 648 schol.
1049 589 1087 646 ad
1114 608 1141 647 v.
1162 581 1219 668 3ο).
1266 589 1361 648 Paulo

83 685 152 750 post
178 677 252 736 hanc
274 677 433 736 victoriam
457 678 488 734 in
512 677 592 735 civili
616 679 759 754 tumultu,
783 677 835 752 qui
859 677 998 736 Hieronis
1021 681 1148 736 mortem
1172 679 1362 755 sequebatur,

81 767 202 826 interiit
223 757 262 845 (v.
287 767 376 825 schol.
401 766 439 824 ad
461 787 487 824 v.
509 758 584 846 165).

174 855 210 912 In
232 853 351 915 exordio
375 855 449 914 odae
474 859 563 930 poeta
586 855 772 931 splendorem
796 856 940 930 prooemii
969 875 1037 915 oum
1060 856 1220 933 magnifica
1243 858 1362 932 portien

82 944 206 1002 aedium
231 944 397 1020 comparati
421 963 439 1001 a
462 945 648 1019 praestantia
670 945 797 1022 Agesiae
822 944 946 1004 victoris
972 946 1095 1022 repetit,
1124 945 1177 1021 qui
1205 946 1243 1004 ad
1267 966 1362 1005 exem-

84 1035 152 1109 plar
176 1033 351 1109 Amphiarai
375 1032 513 1092 bellicam
536 1034 679 1094 virtutem
703 1054 771 1093 oum
790 1036 854 1092 arte
873 1034 1010 1094 vaticinii
1029 1034 1217 1094 coniunxerit
1235 1027 1362 1115 (1-91).

86 1122 218 1199 [megine
242 1142 262 1181 a
284 1122 402 1180 Phintis
431 1123 554 1200 aurigae
583 1124 760 1184 dexteritate
789 1126 910 1199 sumpta
938 1144 1006 1183 oum
1030 1126 1067 1183 ad
1091 1124 1235 1201 originem
1264 1124 1363 1202 gentis

84 1213 211 1288 ⁴tiresiae
234 1212 423 1288 ascendisset,
447 1213 582 1270 fabulam
606 1214 640 1272 de
664 1213 799 1290 Euadne,
826 1213 889 1271 lilia
913 1215 1038 1272 Pitanae
1062 1215 1092 1272 et
1114 1213 1259 1290 Neptuni,
1283 1232 1361 1290 quae

83 1320 152 1358 eum
176 1299 314 1376 Apolline
339 1301 464 1378 Iamum,
488 1301 671 1362 conditorem
694 1303 807 1380 gartia,
831 1303 989 1380 pepererit,
1013 1302 1162 1362 succincte
1186 1301 1308 1377 exponit
1331 1305 1362 1361 et

85 1409 195 1448 munus
217 1391 245 1448 in
270 1409 323 1448 ara
350 1391 430 1450 Iovis
459 1411 493 1449 ex
521 1380 650 1450 victimis
678 1392 864 1450 vaticinandi
887 1392 1066 1451 hereditario
1090 1391 1154 1449 iure
1178 1391 1301 1449 Iamidis
1324 1392 1363 1449 ab

88 1480 224 1554 Apolline
248 1479 418 1538 iniunctum
437 1499 499 1538 esse
518 1482 611 1539 refert
629 1473 772 1561 (99-79),
796 1483 875 1540 unde
899 1481 1082 1539 Iamidarum
1104 1483 1211 1538 ratum
1234 1480 1363 1539 auotori-

87 1574 179 1626 tatem
203 1589 259 1627 non
284 1570 381 1627 solum
406 1589 459 1644 per
481 1570 575 1628 valles
598 1571 730 1629 Eurotae
755 1573 847 1646 atque
871 1570 988 1648 Alphei,
1012 1570 1063 1629 sed
1084 1569 1175 1628 etiam
1195 1588 1248 1644 per
1266 1572 1361 1628 totam

88 1658 322 1732 Peloponnesum
345 1661 376 1716 et
399 1658 533 1717 Siciliam
556 1659 720 1734 dispersam
748 1651 1223 1738 (9999Β999199Ε991.15999.)
1243 1659 1362 1736 egregie

87 1747 225 1805 illustrat.
261 1747 355 1805 Fama
379 1747 477 1823 gentis
500 1748 683 1806 Iamidarum
707 1769 742 1806 ex
765 1748 972 1808 remotissimis
996 1747 1181 1823 temporibus
1203 1765 1300 1823 usqne
1324 1748 1363 1806 ad

89 1839 269 1910 praesentem
299 1838 472 1896 memoriam
501 1841 685 1912 pertractata
713 1837 751 1896 ad
774 1838 902 1916 Agesiae
930 1839 1062 1914 palmam
1085 1856 1181 1911 nuper
1205 1834 1363 1913 Olympiae

89 1927 202 1998 partam
229 1925 320 2002 redit,
348 1927 384 1983 ut
407 1926 551 1985 victorem
574 1927 780 2002 Stymphaliae
804 1928 835 1985 in
859 1927 943 1986 avita
966 1928 1033 1986 sede
1056 1926 1202 1986 Arcadiae
1227 1925 1363 1985 sollemni

90 2014 292 2073 comissatione
323 2015 487 2090 praedicet3
520 2015 575 2074 hoc
606 2020 706 2074 autem
738 2016 795 2075 sibi
818 2037 852 2075 eo
877 2016 973 2094 magis
997 2015 1079 2076 cordi
1103 2034 1166 2075 esse
1196 2015 1253 2092 ait,
1284 2015 1364 2091 quod

91 2103 268 2178 Stymphalis
292 2103 414 2178 Metopa
436 2105 533 2162 mater
556 2104 673 2162 Thebae
697 2105 846 2180 nymphae
870 2105 962 2164 fuisse
985 2105 1113 2166 dicatur.
1123 2097 1267 2185 (71-91).
1303 2104 1363 2163 Sub

91 2193 173 2249 tinem
200 2192 315 2251 sodales
343 2193 478 2268 viatoris,
510 2197 546 2250 ut
572 2191 711 2252 Hieronis
740 2194 819 2272 regis
847 2214 991 2253 memores
1019 2194 1092 2271 sint,
1123 2194 1303 2252 adhortatur
1334 2197 1364 2252 et

92 2281 211 2357 Agesiae
238 2281 404 2358 Syracusas
432 2282 566 2341 redituro
593 2283 710 2341 felicem
738 2283 962 2360 navigationem
990 2283 1108 2359 sibique
1132 2283 1207 2341 artis
1229 2282 1363 2358 poeticae

93 2389 242 2444 perennem
266 2371 369 2430 tlorem
393 2374 446 2446 opt
468 2373 488 2428 t.

176 2459 327 2518 Summam
359 2460 499 2520 carminis
528 2461 692 2519 Pausanias
716 2479 747 2520 v1
771 2473 800 2539 2,
825 2471 840 2519 5
865 2461 907 2520 sio
939 2461 1142 2519 adumbravit:
1175 2459 1207 2518 οἷ
1234 2451 1364 2536 Ἰαμίδαι

92 2547 259 2625 καλούμενοι
288 2547 406 2626 μάντεις
430 2549 584 2629 γεγόνασιν
608 2547 666 2610 ἀπὸ
688 2543 802 2629 Ἰάμου,
833 2549 885 2611 τὸν
913 2545 944 2609 δὲ
968 2542 1045 2609 εἶναι
1068 2547 1162 2608 παῖδα
1182 2542 1364 2619 ’Λπόλλωνος

92 2633 138 2693 καὶ
165 2639 261 2715 λαβεῖν
290 2636 435 2715 μαντικήν
464 2656 557 2715 φησιν
585 2637 616 2699 ἕν
644 2636 750 2722 ᾅσματι
777 2639 940 2715 Πίνδαρος.
988 2639 1125 2716 Origines
1154 2637 1252 2715 gentis
1275 2638 1364 2695 Iami-

95 2725 191 2784 darum
221 2727 301 2785 unde
334 2728 481 2786 Pindarus
514 2729 661 2806 hauserit,
695 2729 769 2786 nihil
803 2729 917 2788 scholia
948 2728 1085 2805 tradunt,
1114 2727 1364 2786 Wilamowitzius

94 2813 177 2881 (Phil.
191 2816 258 2875 Unt.
274 2835 306 2873 rx
323 2827 373 2875 169
389 2810 442 2898 99.)
459 2817 488 2875 in
504 2817 599 2877 doctis
614 2817 843 2895 commentariis
859 2818 968 2894 quibus
985 2819 1040 2876 hoo
1055 2837 1173 2876 carmen
1189 2815 1363 2892 illustravit,

95 2902 192 2962 Eleum
221 2925 341 2964 carmen
372 2907 489 2982 epicum
519 2905 586 2984 περὶ
607 2899 717 2985 Ἰάμου·
736 2905 839 2987 γάμων
872 2907 1062 2984 potissimum
1094 2907 1209 2968 fontem
1241 2904 1365 2963 Pindari

95 2993 178 3052 t'uisse
200 2994 379 3070 suspicatur.

630 3129 674 3196 De
698 3131 820 3197 metris.

173 3261 267 3320 lletra
291 3262 521 3337 praeclarissimi
541 3263 680 3322 carminis
700 3266 772 3332 sunt
790 3262 1086 3339 dactylo-epitritioa,
1105 3282 1123 3320 a
1142 3264 1241 3322 vetere
1261 3282 1365 3322 norma

97 3349 154 3421 plus
180 3370 238 3410 uno
268 3351 386 3410 nomine
414 3352 577 3429 declinata,
605 3353 737 3428 primum
765 3353 845 3427 quod
876 3356 995 3427 praeter
1024 3352 1188 3427 dactylicus
1218 3352 1364 3427 tripodias

97 3437 221 3513 dipodiae
254 3432 323 3520 (atr.
347 3453 371 3498 9.
395 3461 440 3516 ep.
465 3453 489 3499 2.
514 3433 545 3521 3)
574 3444 604 3500 et
628 3441 814 3517 tetrapodiae
839 3433 898 3520 (ep.
923 3433 954 3520 9)
978 3441 1125 3499 admissae
1149 3445 1220 3499 sunt
1250 3436 1301 3520 (cf.
1325 3441 1364 3499 ad

101 3525 125 3583 P.
139 3547 167 3584 iv
185 3523 224 3606 4),
248 3529 354 3588 deinde
378 3530 458 3606 quod
483 3529 582 3606 quinti
605 3549 708 3590 versus
732 3531 872 3607 strophae
896 3530 1024 3587 alterum
1048 3530 1212 3588 membrum
1236 3530 1365 3605 speciem

102 3615 252 3692 logaoedici
275 3619 417 3678 versiculi
439 3619 538 3696 habet,
562 3619 690 3697 denique
715 3620 795 3695 quod
819 3619 959 3694 strophae
982 3620 1084 3677 sextus
1106 3638 1210 3678 versus
1233 3622 1288 3677 aut
1310 3638 1364 3679 sno

101 3707 185 3779 rapite
216 3711 298 3768 caret
313 3737 315 3740 ·
330 3711 385 3767 aut
417 3729 482 3769 cum
516 3710 707 3768 antecedente
740 3727 828 3767 versu
861 3707 993 3766 numeria
1025 3708 1171 3766 cohaeret.
1217 3708 1365 3767 Anacruai

101 3795 178 3866 primi
200 3800 229 3855 et
252 3797 351 3873 quinti
374 3817 477 3858 versus
501 3801 597 3856 totam
621 3798 774 3874 stropham
792 3797 824 3854 in
842 3798 918 3856 duas
937 3799 1038 3872 partes
1061 3796 1256 3855 dirimendam
1274 3800 1364 3872 poeta

101 3881 278 3963 significarit,
308 3886 352 3944 ita
379 3889 492 3962 tamen,
520 3890 556 3944 ut
583 3907 643 3946 non
671 3887 808 3945 omnibus
836 3885 867 3944 in
896 3885 1026 3962 strophis
1057 3885 1272 3945 sententiarum
1296 3906 1364 3945 oon-

102 3970 263 4034 lormatione
291 3976 446 4035 metricam
474 3975 649 4035 divisionem
678 3976 836 4034 adiuvaret
866 4007 909 4016 -
939 3974 1102 4034 Cantatum
1131 3994 1249 4035 carmen
1278 3978 1323 4033 est
1347 3995 1365 4033 a

101 4059 178 4121 choro
199 4057 259 4144 (vr.
280 4075 322 4122 18.
342 4057 391 4144 98)
415 4065 621 4140 Stymphaliae
644 4064 675 4123 in
693 4069 793 4124 vetere
811 4065 911 4140 patria
929 4066 1028 4142 gentis
1046 4065 1229 4123 Iamidarum
1249 4059 1291 4143 (v.
1306 4057 1363 4146 99).

101 4147 233 4212 Pindarus
255 4153 386 4212 carmine
410 4154 518 4213 Thebis
541 4155 631 4214 misso
654 4155 773 4213 Aeneae
797 4154 920 4231 Arcadi,
945 4155 1005 4214 sive
1029 4154 1290 4214 chorodidascalus
1313 4154 1364 4213 ille

101 4237 149 4296 luit
172 4241 231 4301 sire
254 4241 368 4302 amicus
391 4243 532 4321 Agesiae,
560 4243 747 4319 provinciam
775 4262 843 4302 suas
867 4247 968 4320 partes
995 4243 1099 4302 tuendi
1123 4243 1363 4302 demandaverat.

101 4325 127 4384 In
146 4349 291 4406 pompona
315 4351 353 4390 an
377 4332 406 4390 in
431 4333 567 4392 convivio
592 4351 710 4392 carmen
734 4335 890 4392 cantatum
918 4333 970 4410 sit,
999 4337 1080 4392 certa
1108 4332 1219 4392 indicia
1242 4333 1363 4410 desunt,

101 4421 270 4493 comparatio
290 4420 369 4480 enim
388 4422 554 4480 carminum
572 4439 641 4481 cun
659 4426 772 4482 cratere
791 4422 854 4482 vini
869 4415 910 4500 (r.
926 4414 975 4501 91)
991 4423 1028 4480 ad
1047 4421 1219 4481 convivium
1236 4423 1363 4499 trahere,

101 4509 239 4568 anacrnsis
262 4511 364 4568 autem
386 4511 475 4586 primi
499 4515 529 4570 et
552 4512 651 4587 quinti
674 4530 777 4571 versus
801 4511 952 4570 alacritati
976 4510 1124 4586 pompalis
1147 4511 1288 4569 carminis
1311 4530 1363 4586 ap·

102 4592 147 4652 tior
176 4615 236 4656 esse
259 4598 384 4656 videtur.
430 4600 566 4676 Denique
595 4621 630 4659 ex
653 4621 700 4662 vr.
720 4612 753 4660 88
773 4620 809 4660 ss.
830 4602 956 4676 apparet
979 4599 1107 4674 epinicia
1130 4599 1257 4677 Agesiae
1281 4600 1363 4659 feriis

101 4680 209 4744 Iunonis
236 4689 305 4745 acta
333 4705 406 4766 esse,
437 4709 495 4764 quo
526 4689 617 4749 simili
645 4690 733 4750 modo
761 4690 894 4750 carmina
921 4688 1050 4767 epinicia
1074 4687 1162 4751 0.111·
1186 4692 1217 4750 et
1240 4688 1272 4749 P.
1288 4708 1308 4748 v
1330 4689 1362 4750 in

102 4775 177 4834 saus
200 4775 325 4836 deorum
348 4779 468 4838 cantata
490 4797 552 4840 esse
577 4782 702 4841 constat.
