3417 5434
316 329 453 384 LXXXIV
817 333 1095 389 PROLEGOMENA.

316 495 512 581 superiores,
535 495 576 560 ad
598 494 827 560 iaculationem
854 496 909 580 qui
932 518 971 560 ex
994 496 1045 560 his
1069 495 1212 581 quinque
1236 498 1419 582 superiores
1442 498 1605 563 discesse-

315 607 390 667 rant
413 606 563 687 quatuor,
585 602 767 668 addiscam
787 607 863 687 tres,
887 603 926 666 ad
951 602 1074 668 luctam
1098 604 1161 668 duo
1170 603 1194 692 ¹)
1218 604 1377 670 admissos
1401 627 1472 670 esse
1491 605 1607 689 etqui

315 709 350 772 in
373 707 488 773 ultima
516 709 743 773 commissione
770 709 878 774 luctae
901 710 1007 775 victor
1030 709 1244 795 discessisset,
1274 712 1377 776 totius
1400 713 1609 796 quinquertii

316 815 473 880 victorem
502 814 680 880 iudicatum
708 837 778 880 esse
806 815 902 880 nobis
930 817 1138 882 statuendum
1166 818 1237 882 erit.
1283 818 1329 883 At
1355 818 1433 884 huic
1456 819 1611 903 opinioni

316 921 428 987 obstat
446 943 512 986 non
531 921 637 986 solum
657 921 852 986 scholiastae
872 922 1005 988 Aristid.
1024 922 1161 987 Panath.
1180 941 1218 988 111
1237 925 1302 989 339
1323 924 1418 989 Dind.
1442 946 1611 989 commen-

316 1033 387 1094 tum
404 1027 500 1113 ἀρκεῖ
513 1039 582 1104 τοῖς
598 1028 799 1105 πεντάθλοις
814 1033 890 1115 τρία
904 1039 972 1095 τῶν
984 1029 1080 1094 πέντε
1093 1032 1176 1116 πρὸς
1190 1034 1297 1113 νίκην,
1317 1031 1496 1114 sedetiam,
1516 1033 1609 1116 quod

316 1136 389 1219 plus
404 1135 500 1220 valet,
520 1135 697 1200 auctoritas
712 1132 880 1200 Plutarchi
897 1143 1018 1221 quaest.
1034 1159 1124 1202 conv.
1139 1155 1177 1201 tx
1191 1140 1220 1221 2,
1235 1140 1256 1202 2
1274 1149 1344 1214 τοῖς
1362 1136 1474 1223 τρισὶν
1491 1139 1609 1222 ὥσπερ

316 1243 351 1306 ol
366 1241 548 1308 πένταθλοι
567 1243 712 1325 περίεστι
731 1239 786 1306 καὶ
805 1252 883 1329 νικᾷ
903 1248 936 1307 et
956 1244 1179 1308 testimonium
1198 1243 1341 1308 Pollucis
1361 1247 1604 1309 onom.111151

317 1347 368 1412 ἐπὶ
384 1345 420 1412 dt
435 1357 495 1412 τοῦ
514 1349 705 1413 πεντάθλου
720 1350 757 1413 τὸ
773 1359 905 1433 νικῆσαι
921 1349 1114 1436 incapacitas
1129 1349 1292 1433 λέγουσιν.
1299 1349 1326 1438 ²)
1363 1350 1456 1426 Quod
1471 1352 1499 1417 si
1516 1358 1608 1416 recte

232 1464 237 1474 '
315 1455 350 1520 hi
383 1456 517 1520 tradunt
549 1479 653 1542 neque
686 1457 772 1542 quod
805 1479 867 1520 usu
897 1457 1059 1540 veniebat,
1091 1458 1162 1543 lege
1189 1458 1352 1522 sancitum
1380 1480 1451 1522 esse
1480 1463 1608 1523 temere

316 1563 502 1647 sumebant,
530 1563 568 1627 de
597 1585 716 1628 corona
744 1564 942 1649 quinquertii
970 1565 1019 1629 ita
1046 1569 1207 1630 certatum
1234 1570 1300 1650 est,
1327 1569 1365 1629 ut
1390 1586 1458 1630 non
1486 1566 1606 1650 quiin

317 1674 461 1734 extrema
492 1675 585 1754 parte
614 1670 799 1765 certaminis
832 1672 938 1737 victor
970 1671 1185 1755 discessisset,
1218 1673 1273 1736 sed
1304 1671 1359 1755 qui
1392 1670 1426 1736 in
1456 1671 1606 1756 quinque

316 1777 465 1862 partibus
493 1777 567 1863 plus
596 1778 805 1843 victoriarum
834 1783 1047 1863 reportasset,
1078 1801 1199 1843 corona
1226 1783 1403 1842 ornaretur.
1449 1777 1607 1864 Exempli

318 1885 423 1968 gratia
447 1885 474 1948 si
495 1907 533 1948 ex
553 1885 697 1968 quinque
721 1885 776 1968 qui
800 1885 935 1950 nomina
956 1885 1111 1950 dederant
1133 1885 1304 1950 iuvenibus
1327 1909 1412 1950 unus
1435 1891 1495 1970 ter,
1518 1887 1607 1952 ahos

315 1991 381 2075 bis,
412 1995 478 2054 tres
506 2012 665 2074 nusquam
695 1991 853 2076 vicerant,
881 1992 950 2076 ille,
979 1992 1034 2076 qui
1061 1998 1112 2056 ter
1138 1992 1172 2056 in
1201 1993 1339 2080 singulis
1367 1993 1605 2058 certaminibus

315 2098 447 2182 vicerat,
464 2097 568 2162 victor
582 2099 684 2162 totius
700 2099 900 2183 quinquertii
915 2099 1120 2164 renuntiatus
1135 2106 1193 2182 est,
1209 2101 1276 2165 sive
1291 2099 1376 2164 saltu
1391 2122 1488 2165 cursu
1503 2101 1607 2185 lucta,

317 2205 384 2269 sive
412 2205 497 2270 saltu
524 2204 630 2270 iaculo
654 2205 758 2289 disoO,
786 2206 853 2270 sive
877 2205 963 2270 saltu
987 2207 1093 2271 iaculo
1116 2206 1205 2271 lucta
1228 2207 1376 2291 superior
1398 2207 1605 2274 discesserat.

315 2311 424 2395 Atque
448 2313 527 2376 haec
551 2312 681 2396 quidem
700 2311 786 2377 ratio
805 2313 910 2378 multa
927 2313 1036 2398 habet,
1059 2313 1177 2396 quibus
1197 2313 1448 2378 commendetur.
1485 2314 1605 2399 Neque

315 2422 425 2483 tamen
457 2440 593 2504 prorsus
626 2419 684 2485 illa
710 2419 926 2485 incommodis
953 2424 1051 2484 caret.
1101 2418 1246 2484 Primum
1275 2420 1303 2484 si
1330 2420 1404 2505 quis
1431 2422 1466 2484 in
1494 2422 1606 2486 tribus

314 2526 429 2611 primis
454 2527 688 2591 certaminibus
709 2527 840 2612 vicerat,
862 2549 929 2591 non
951 2531 1022 2590 erat
1045 2549 1102 2591 cur
1125 2527 1166 2590 ad
1188 2527 1252 2591 dno
1275 2526 1401 2611 reliqua
1423 2531 1606 2594 certamina

316 2633 561 2716 descenderent,
585 2638 654 2717 aut,
679 2633 706 2696 si
730 2633 792 2698 hoc
815 2634 868 2698 lex
891 2633 1073 2719 agonistica
1095 2633 1293 2718 postulabat,
1316 2634 1454 2699 multum
1477 2635 1605 2700 laboris

314 2739 367 2803 his
391 2740 625 2804 certaminibus
644 2744 814 2824 navarent,
838 2739 877 2804 de
895 2740 1005 2825 palma
1022 2740 1108 2805 enim
1127 2740 1194 2804 iam
1212 2744 1321 2804 actum
1340 2744 1417 2804 erat.
1450 2740 1605 2805 Alterum

316 2867 412 2930 saepe
436 2867 502 2910 non
531 2845 674 2910 accidere
701 2869 767 2910 non
794 2847 917 2932 potuit,
948 2852 986 2911 ut
1012 2847 1121 2910 nullus
1149 2846 1281 2912 omnino
1307 2847 1413 2911 victor
1438 2869 1478 2910 ex
1506 2848 1604 2931 quin-

317 2952 444 3035 quertio
474 2952 665 3030 discederet;
698 2975 836 3037 namque
865 2954 893 3018 si
922 2953 1042 3039 singuli
1073 2954 1109 3016 in
1137 2953 1278 3038 quinque
1309 2953 1458 3039 partibus
1490 2955 1604 3038 semel,

315 3063 372 3122 ant
391 3059 460 3123 bini
479 3059 530 3123 bis
549 3059 666 3124 tertius
686 3059 794 3144 semel,
818 3065 876 3124 aut
894 3061 1031 3144 denique
1049 3082 1134 3124 unns
1152 3059 1203 3124 bis
1222 3061 1306 3125 terni
1325 3060 1425 3126 semel
1443 3061 1604 3146 vicerant,

313 3165 396 3229 nulli
415 3170 466 3230 tot
484 3165 640 3230 victoriae
659 3171 760 3246 erant,
780 3171 860 3252 quot
878 3167 987 3251 palma
1005 3166 1203 3253 quinquertii
1222 3167 1421 3251 postulabat.
1459 3165 1522 3232 Sed
1536 3169 1602 3233 hoc

314 3274 552 3339 incommodum
578 3274 688 3338 nescio
712 3295 753 3337 an
775 3273 823 3338 ita
846 3295 1011 3338 removere
1033 3273 1145 3359 liceat,
1173 3279 1211 3338 ut
1234 3295 1332 3358 qnam
1354 3274 1602 3359 interpretatio-

314 3403 389 3446 nem
416 3380 508 3447 verbi
535 3381 731 3460 ἀποτριάσιιι
765 3381 970 3466 grammatici
999 3381 1038 3445 ad
1068 3386 1193 3446 certum
1224 3382 1384 3466 quendam
1410 3382 1518 3447 locum
1546 3404 1602 3448 co-

314 3486 390 3552 mici
423 3491 539 3572 poetae
571 3493 628 3554 aut
661 3487 800 3552 oratoris
834 3487 1093 3574 adnotavissent,
1123 3488 1206 3552 alios
1235 3489 1275 3553 ad
1305 3510 1417 3553 omnes
1446 3488 1602 3554 ludorum

315 3618 408 3661 casus
432 3594 569 3660 traxisse
594 3596 758 3660 ducamus.
804 3593 891 3660 Nam
915 3617 1112 3678 quamquam
1135 3617 1195 3660 usu
1220 3595 1318 3679 venit,
1340 3599 1378 3658 nt
1401 3596 1457 3680 qui
1480 3601 1531 3661 ter
1553 3597 1601 3662 vi-

314 3707 402 3768 cerat
425 3702 529 3766 victor
552 3702 653 3766 totius
678 3702 877 3786 quinquertii
901 3702 1151 3788 renuntiaretur,
1173 3708 1284 3767 tamen
1307 3702 1334 3766 si
1359 3701 1432 3787 quis
1455 3702 1507 3767 bis
1528 3708 1601 3768 tan-

313 3816 384 3875 tum
403 3809 532 3892 vicerat,
556 3831 637 3894 eum,
663 3809 690 3873 si
713 3832 752 3873 ex
771 3810 905 3896 reliquis
929 3810 1122 3877 adversariis
1140 3831 1237 3874 nemo
1255 3808 1328 3894 plus
1348 3809 1448 3873 semel
1467 3811 1601 3893 vicerat,

313 3938 432 3982 corona
468 3916 632 4000 priuatum
669 3939 740 3981 esse
776 3917 966 4000 neutiquam
1003 3918 1172 4003 probabile
1205 3913 1301 4002 εντ’)
1356 3915 1450 3980 Prius
1486 3921 1600 3982 autem

313 4023 398 4108 quod
420 4024 492 4088 fieri
515 4024 660 4108 potuisse
685 4023 834 4108 diximus,
858 4028 984 4087 utnon
1008 4046 1135 4107 semper
1159 4023 1309 4088 omnibus
1333 4021 1483 4106 partibus
1503 4023 1598 4107 quin-

313 4151 526 4158 ——.-.....-.

404 4219 431 4286 1)
451 4218 543 4286 Atque
561 4215 620 4270 fieri
638 4215 774 4284 potuisse,
793 4217 826 4268 ut
840 4214 890 4284 qui
904 4214 1038 4269 luctando
1053 4215 1246 4270 adversarium
1259 4215 1382 4284 uicisset,
1402 4214 1494 4270 victor
1506 4217 1598 4271 totius

313 4287 474 4341 certaminis
497 4287 682 4354 iudicaretur,
706 4287 727 4341 ii
752 4287 905 4340 credidisse
929 4286 1072 4357 videntur,
1096 4287 1144 4356 qui
1167 4287 1280 4340 fabulas
1304 4287 1339 4340 ds
1362 4287 1497 4356 mythicis
1521 4289 1599 4342 ludis

312 4360 539 4429 Argonautarum
558 4360 634 4429 apud
652 4359 862 4423 Philostratum‚
882 4377 975 4427 gymn.
991 4365 1008 4411 3
1026 4378 1052 4429 p.
1069 4364 1121 4412 263
1137 4358 1170 4413 Κ.
1190 4358 1342 4413 commenti
1360 4361 1434 4412 suut.

403 4434 429 4498 2)
450 4430 564 4484 Ceterae
583 4428 785 4500 explicationes
804 4429 925 4483 nominis
943 4438 1109 4499 carantanos
1126 4429 1156 4484 in
1175 4430 1290 4485 scholiis
1309 4429 1409 4484 Aescb.
1426 4431 1528 4501 Agam.
1545 4437 1596 4485 171

312 4503 341 4556 et
363 4501 443 4555 verbi
466 4501 635 4570 ἀποτριάσαι
658 4501 688 4554 in
706 4502 827 4557 Bckheri
847 4500 943 4555 anecd.
963 4507 1015 4554 438
1036 4500 1230 4570 ‘amovendam
1253 4500 1361 4571 πληγὰς
1383 4510 1457 4567 τρεῖς
1478 4503 1596 4558 dodvns'

313 4575 436 4626 autnon
456 4573 492 4624 ad
512 4573 720 4641 quinquertium
739 4573 882 4642 pertinent
899 4575 950 4626 aut
968 4589 1059 4627 errore
1077 4573 1325 4644 grammaticorum
1342 4574 1428 4626 natae
1448 4577 1522 4628 sunt.

402 4647 428 4712 3)
448 4642 542 4696 Etiam
559 4642 671 4715 longius
689 4660 853 4714 progressus
868 4643 979 4700 PnMie
996 4645 1026 4698 in
1039 4663 1103 4700 ann.
1117 4645 1153 4700 cl.
1170 4644 1239 4715 phil.
1255 4649 1324 4698 1893
1342 4663 1369 4714 p.
1387 4649 1440 4698 805
1459 4645 1598 4715 speciosis

312 4714 470 4768 rationibus
499 4715 610 4769 omnino
638 4719 763 4769 evertere
793 4717 889 4769 studet
912 4714 1072 4784 opinionem
1095 4716 1130 4770 de
1153 4714 1243 4769 tribus
1267 4715 1394 4769 victoriis
1416 4714 1447 4768 in
1472 4716 1597 4787 singulis

311 4786 440 4857 partibus
459 4785 630 4855 quinquertii
650 4785 686 4840 ad
706 4787 854 4840 victoriam
873 4787 961 4841 totius
980 4787 1152 4856 quinquertii
1171 4787 1344 4861 necessariis,
