3417 5434
613 373 746 425 PYTHIA
763 374 810 426 VI.

295 537 338 602 σύ
361 560 413 602 τοι
435 533 569 621 σχέθων
586 577 600 586 -
618 561 684 602 νυν
707 534 851 614 ἐπιδέξια
874 538 983 620 χειρὸς
1005 535 1114 621 ὀρθὰν
1170 541 1250 620 Στρ.
1269 533 1311 618 γ’.

240 661 276 709 20
295 645 386 727 ἄγεις
409 643 637 729 ἐφημοσύναν,

296 751 336 816 τύ
358 749 430 817 ποτ’
458 751 495 817 ἐν
517 752 632 837 ούρεσι
655 749 757 835 φαντὶ
779 755 1019 837 μεγαλοσθενεῖ

298 859 447 947 Φιλύρας
461 900 475 908 -
488 859 565 924 υίὸν
587 857 836 947 ὀρφανιζομένφ

297 966 446 1053 Πηλεΐδα
467 977 671 1051 παραι-νεῑν·
694 965 835 1050 μάλιστα
858 960 919 1050 μὲν
942 966 1128 1050 Κρονίδαν,

294 1075 469 1159 βαρυόπαν
492 1082 656 1160 στεροπᾶν
678 1083 851 1161 κεραυνῶν
874 1095 908 1138 τε
931 1073 1109 1159 πρύτανιν,

242 1199 277 1247 νο
297 1188 389 1247 θεῶν
411 1179 581 1265 σέβεσθαι·

296 1289 416 1366 ταύτας
439 1284 476 1354 δὲ
498 1290 543 1374 μη
565 1311 644 1354 ποτε
665 1296 761 1372 τιμᾶς

297 1395 443 1481 ἀμείρειν
465 1394 593 1484 γονέων
614 1397 691 1478 βίον
712 1392 937 1480 πεπρωμένον.

297 1631 407 1712 ἔγεντο
431 1625 486 1693 καὶ
509 1670 524 1678 -
546 1632 709 1716 πρότερον
729 1624 916 1713 Ἀντίλοχος
938 1628 1055 1711 βιατὰς
1171 1633 1251 1713 Στρ.
1272 1630 1292 1693 δ
1297 1627 1314 1693 ’.

295 1740 402 1821 νόημα
424 1745 523 1802 τοῦτο
547 1735 675 1823 φέρων,

243 1861 278 1909 30
297 1843 334 1920 ὃς
355 1841 561 1929 ὑπερέφθιτο
583 1845 722 1929 πατρός,
745 1842 987 1929 ἐναρίμβροτον

297 1950 504 2035 δναμεί-ναις
526 1949 732 2037 στράταρχον
755 1952 935 2015 Αδθιόπων

294 2055 465 2142 Μέμνονα.
512 2060 728 2140 Νεστόρει-ον
751 2057 814 2141 γὰρ
837 2055 937 2134 ’ίππος
960 2054 1037 2141 ἅρμ’
1063 2056 1161 2123 ἐπέδα

296 2164 424 2249 Πύριος
447 2163 483 2228 ἐκ
505 2160 628 2247 βελέων
651 2163 815 2246 δαϊχθείς·
839 2164 857 2228 ὁ
881 2161 911 2227 δ’
940 2166 1060 2248 ἔφεπεν

295 2272 453 2356 κραταιὸν
476 2273 583 2355 ἔγχος·
960 2255 962 2258 ’

243 2396 277 2444 35
296 2381 492 2444 Μεσσανίου
516 2374 553 2443 δὲ
576 2376 731 2463 γέροντος

297 2487 480 2569 δονηθεῖσα
503 2487 594 2572 φρην
616 2488 716 2570 βόασε
737 2486 840 2551 παῖδα
862 2488 938 2551 too·

157 2705 197 2753 19.
223 2707 276 2753 νῦν
300 2699 327 2752 Β
349 2699 379 2751 et
401 2695 501 2752 schol:
527 2717 572 2751 νιν
595 2697 665 2752 ΒΕ
682 2727 714 2736 -
734 2703 777 2750 21.
800 2695 835 2750 τὰ
861 2697 987 2752 Schmid:
1012 2697 1066 2753 τὰν
1092 2698 1200 2753 BDE
1217 2701 1246 2753 et
1264 2701 1359 2770 schol,

89 2769 117 2822 sl
138 2769 219 2824 Tricl.
237 2802 272 2811 -
296 2771 502 2838 μεγαλοσθενεῖ
521 2768 614 2824 codd:
638 2771 832 2838 μεγαλοσθενη
856 2768 927 2824 coni.
947 2769 1040 2840 Bergk
1063 2801 1096 2810 -
1120 2775 1162 2826 25.
1186 2769 1258 2824 θεὸν
1277 2773 1304 2825 Β
1325 2804 1357 2812 -

90 2847 129 2895 26.
153 2850 255 2904 τακτᾶς
279 2839 448 2894 Herwerden
473 2871 507 2880 —
534 2845 575 2894 28.
603 2839 697 2910 ἔγεντο
722 2839 820 2894 Trici:
845 2839 955 2910 ἐγένετο
981 2840 1048 2895 BD
1067 2873 1099 2880 -
1120 2846 1162 2896 30.
1189 2841 1311 2915 ἐναριβρ.
1331 2844 1361 2897 D

91 2945 121 2952 —
146 2919 185 2968 31.
213 2913 298 2983 ἀναμ.
317 2911 414 2966 Triclz
440 2912 507 2982 ἀμμ,
525 2912 554 2965 Β
566 2912 596 2966 D
621 2944 654 2952 -
680 2915 723 2965 θλ.
747 2911 906 2980 νεστύρειον
931 2911 1028 2968 Tricl:
1055 2910 1201 2982 νεστύρεον
1228 2915 1256 2968 Β
1271 2915 1300 2969 D
1325 2947 1360 2955 -—

92 2989 130 3037 33.
154 2985 271 3054 δαχθεὶς
290 2985 317 3038 Β
336 3013 369 3023 -
389 2989 431 3039 36.
458 2985 558 3052 δονηθ.
578 2985 605 3038 Β
615 2984 645 3038 D
656 2983 687 3037 E
702 3014 738 3023 -
756 2981 841 3055 βόασε
860 2984 888 3038 Β
901 2984 944 3039 D:
964 2982 1066 3056 βύασεν
1085 2983 1200 3040 Schmid
1218 3017 1252 3026 -

159 3133 198 3182 10.
223 3126 344 3208 alaude
368 3125 503 3180 victoriae
522 3125 692 3207 Thrasybuli
715 3126 753 3179 ad
774 3125 912 3208 pietatem
935 3126 995 3209 eius
1019 3127 1240 3198 praedicandam
1259 3131 1361 3184 transit

91 3199 701 3338 rrzqttttttzllhlhhtt
725 3200 874 3324 ‘'Pttmh‘
893 3197 1147 3325 llhllfftcti
1167 3202 1359 3341 tilithi·

92 3346 265 3412 praeceptum
283 3340 388 3395 dicitur
400 3339 567 3409 metaphora
581 3339 651 3394 satis
666 3357 702 3394 au
724 3340 780 3408 aci;
800 3340 835 3396 cf.
849 3340 930 3396 Hom.
947 3340 997 3397 Od.
1013 3360 1030 3394 v
1044 3359 1083 3396 urs
1102 3342 1153 3411 τὴν
1172 3342 1202 3412 (d
1221 3347 1297 3410 κτον)
1313 3344 1358 3398 ἐτ’

93 3412 216 3482 ἀριστερὰ
235 3412 327 3483 χειρδς
345 3411 445 3481 ἔχοντα
459 3443 494 3452 -
508 3417 551 3466 21.
569 3410 614 3480 τά,
633 3411 670 3466 ad
689 3411 871 3482 ἐφημοσύναν
890 3413 977 3468 libere
996 3411 1125 3481 relatum,
1141 3417 1172 3467 ut
1186 3364 1232 3469 ola
1247 3415 1276 3470 P.
1291 3435 1312 3468 11
1327 3431 1360 3484 το,

94 3483 139 3538 ὅσα
155 3485 184 3539 Ρ.
198 3504 249 3538 vnr
262 3502 288 3538 oe
307 3515 342 3524 —-
361 3487 553 3553 μεγαλοσθενῆ
571 3499 622 3555 pro
641 3487 845 3553 μεγαλοσθενεῖ
861 3484 998 3554 Berghius
1017 3485 1156 3566 reposuit,
1179 3489 1212 3538 ut
1235 3489 1360 3556 uterque,

95 3555 207 3610 Achilles
224 3558 255 3610 et
268 3554 382 3622 Chiron,
400 3571 450 3609 suo
465 3553 590 3624 epitheto
605 3555 743 3624 gauderet
758 3573 828 3610 neve
843 3555 961 3609 Achillis
980 3574 1060 3626 puerr
1097 3560 1257 3627 raepostere
1276 3559 1360 3613 robur

95 3626 259 3694 laudaretur3
283 3626 377 3681 nescio
400 3630 497 3681 tamen
520 3643 557 3680 an
579 3629 665 3697 poeta
687 3626 840 3698 respexerit
863 3643 936 3695 quae
955 3627 990 3682 de
1010 3576 1128 3682 Achillis
1147 3628 1227 3723 pueri
1245 3629 1361 3685 insolita

96 3697 191 3754 virtute
208 3698 295 3768 paulo
314 3701 380 3752 ante
399 3698 433 3753 N.
448 3717 480 3750 nr
497 3715 524 3752 ιι
538 3715 573 3752 ss.
589 3715 623 3753 ex
662 3702 757 3753 suerat
776 3731 809 3740 -
828 3705 870 3753 θλ.
896 3700 1017 3767 Φιλύρας
1039 3699 1116 3769 υἱόν,
1140 3699 1301 3768 thironem3
1325 3703 1360 3758 cl.

95 3769 120 3823 P.
137 3789 166 3822 m
184 3790 193 3824 1
214 3801 248 3810 —
267 3768 489 3840 δρφανιζομένφ·
513 3786 570 3824 non
597 3787 679 3838 oro,
703 3771 751 3824 sed
779 3771 810 3825 in
837 3774 948 3841 tempus
976 3771 1076 3826 orbato
1104 3773 1133 3826 et
1156 3789 1173 3825 a
1196 3773 1360 3842 parentibus

97 3841 199 3895 Chironi
213 3841 250 3896 ad
264 3841 441 3896 educandum
459 3840 565 3895 tradito
584 3873 618 3881 -
637 3847 671 3895 23
686 3859 726 3910 sq.
746 3843 780 3896 cf.
796 3843 861 3898 Eur.
875 3842 908 3898 fr.
924 3857 975 3898 219:
994 3844 1081 3906 θεούς
1098 3862 1127 3896 τε
1146 3851 1230 3912 τιμᾶν
1248 3845 1313 3906 τούς
1330 3864 1360 3898 τε

95 3911 249 3978 θρέψαντας
263 3921 361 3982 γονεῖς.
391 3911 508 3983 copiose
527 3913 634 3967 dehac
653 3913 849 3968 sententiaeb
869 3914 991 3968 Hesiodo
1010 3916 1159 3983 personato
1178 3915 1208 3967 in
1221 3913 1360 3983 Χείρωνος

96 3983 245 4051 ὑποθήκαις
270 3988 306 4052 (v.
326 3983 411 4038 schol.
431 3986 461 4038 et
478 3983 508 4038 P.
526 4003 555 4037 ιν
574 3989 624 4052 ros)
649 3985 796 4055 proposita
821 3987 851 4040 et
878 3985 913 4039 ab
943 3984 1071 4054 Orphioie
1097 3984 1245 4056 divulgata
1272 4005 1360 4057 nuper

96 4053 217 4109 damnat
239 4055 378 4121 Dietrich‚
401 4055 509 4124 Neoyia
528 4073 566 4110 rso
586 4056 604 4111 f.
628 4089 662 4097 —
688 4062 730 4112 27.
759 4054 822 4129 βίον
849 4055 1046 4126 πεπρωμένον,
1076 4056 1163 4110 vitam
1190 4058 1358 4128 parentium,

96 4126 218 4192 quamdiu
236 4128 279 4182 eis
297 4144 316 4181 a
333 4127 393 4181 fato
412 4143 544 4182 concessa
563 4127 624 4182 erit.

161 4204 193 4252 λθ
207 4216 242 4254 ss.
262 4197 433 4267 Thrasybuli
452 4198 544 4268 pietas
559 4215 627 4268 erga
640 4216 721 4253 suum
735 4202 881 4269 parentem
895 4198 1054 4253 illustratur
1068 4199 1194 4270 exemplo
1209 4199 1360 4270 Antilochi,

97 4268 140 4321 filii
155 4269 289 4338 Nestoris,
304 4269 383 4323 cuius
397 4269 489 4352 pietas
504 4287 567 4323 curn
581 4270 639 4324 iem
653 4270 689 4324 ab
698 4271 819 4326 Homero
833 4271 865 4326 Il.
876 4289 925 4324 vm
939 4287 964 4326 so
980 4270 1138 4340 significata
1152 4273 1234 4336 esset,
1249 4271 1360 4343 egregie

98 4339 131 4393 ab
146 4341 258 4396 Arctino
277 4341 307 4394 in
325 4340 495 4411 aethiopide
513 4345 649 4396 exornata
667 4345 717 4409 est,
737 4343 766 4395 in
785 4360 840 4412 quo
860 4341 983 4396 carmine
1002 4341 1181 4412 Antilochus,
1201 4343 1268 4396 dum
1285 4343 1360 4412 patri

99 4409 199 4466 Nestori
212 4430 230 4466 a
244 4413 393 4467 Memnone
411 4416 521 4482 vexato,
541 4430 612 4482 equo
631 4413 691 4467 eius
709 4414 820 4467 Paridis
839 4414 946 4484 sagitta
960 4413 1116 4482 vulnerato,
1135 4414 1279 4481 cuccurrit,
1300 4414 1359 4484 ipse

99 4486 204 4538 mortem
222 4483 387 4539 occubuisse
404 4484 581 4538 narrabatur.
616 4485 658 4538 Ea
674 4487 770 4539 autem
787 4485 865 4539 fama
883 4485 966 4539 huius
984 4484 1118 4539 facinoris
1137 4485 1200 4554 fuit,
1219 4488 1251 4538 ut
1270 4486 1359 4540 Xeno-

99 4552 163 4620 phon
181 4555 281 4627 Oyneg.
295 4574 306 4608 1
321 4572 347 4610 τι
365 4555 481 4612 dixerit:
500 4553 651 4626 Ἀντίλοχος
668 4565 718 4610 τοῦ
737 4557 841 4625 πατρὸς
860 4557 1090 4624 ύπεραποθανὼν
1109 4557 1245 4626 τοσαύτης
1264 4555 1360 4627 ἔτυχεν

101 4624 218 4695 εὐκλείας,
237 4626 306 4681 ὥστε
325 4625 410 4696 μόνος
428 4625 591 4696 φιλοπάτωρ
604 4626 683 4696 παρὰ
696 4637 755 4690 τοῖς
767 4625 897 4697 Ἕλλησιν
912 4629 1051 4696 ἀναγορευ
1095 4649 1190 4682 ναι-
1206 4635 1248 4684 28.
1264 4627 1359 4698 ἔγεντο

99 4713 140 4762 pro
149 4695 260 4767 ἐγένετο,
270 4698 305 4753 of.
316 4698 346 4752 P.
358 4717 388 4750 111
402 4715 428 4752 ει
438 4731 472 4739 -
482 4705 524 4753 33.
539 4699 554 4752 ὁ
570 4697 609 4768 d',
624 4699 764 4767 Memnon,
774 4699 823 4768 qui
837 4717 894 4754 non
908 4715 1012 4766 arcum,
1027 4701 1059 4752 ut
1096 4697 1160 4766 aris,
1176 4700 1225 4754 sed
1238 4700 1359 4756 ferocem

102 4765 198 4822 hastam
214 4787 300 4824 manu
317 4769 496 4840 gestabat-
512 4775 554 4823 35.
574 4767 750 4825 Μεσσανίου·
769 4771 844 4839 quod
859 4770 953 4840 Pylue,
972 4769 1099 4824 Nestoris
1139 4771 1220 4840 atria,
1239 4771 1269 4826 in
1287 4773 1359 4826 Mes-

104 4838 168 4894 senia
185 4840 238 4895 sita
256 4858 318 4896 esse
334 4859 352 4895 a
365 4841 486 4896 Pindaro
501 4841 546 4912 (of.
561 4841 590 4897 P.
606 4861 624 4895 v
638 4844 673 4912 ro)
689 4843 845 4912 putabatur
863 4875 896 4882 —
916 4839 1045 4912 γέροντος
1063 4862 1102 4911 φρ
1122 4863 1138 4896 ν
1156 4842 1360 4914 periphrastice
